3292 4559
1055 251 1162 304 DE
1200 249 1526 306 OFFIOHS
1551 249 1608 304 ⁸1.
1648 245 1955 306 139-145.
2429 234 2525 298 43·

466 378 704 460 itaque,
739 384 816 440 ut
849 375 1119 438 eandem
1153 394 1270 437 nos
1305 373 1682 438 modestiam
1717 371 2129 458 appellemuS,
2166 368 2258 436 sic
2297 369 2518 434 defini—

469 481 574 533 tur
611 493 650 532 a
686 467 934 546 Stoicis,
970 478 1043 533 ut
1074 466 1386 531 modestia
1421 466 1502 530 sit
1538 466 1803 530 scientia
1828 485 2044 528 rerum
2072 485 2315 540 earum,
2350 485 2519 546 quae

471 572 742 648 agentur
773 571 886 626 aut
921 561 1230 636 dicentur,
1265 561 1408 625 loco
1435 582 1552 624 suo
1583 557 2139 624 conlocandarum.
2209 557 2303 621 ita
2342 557 2519 620 vide-
2585 591 2591 597 »

469 667 575 720 tur
611 655 834 720 eadem
868 655 966 719 vis
1002 654 1241 719 ordinis
1278 665 1344 718 et
1377 652 1829 719 conlocationis
1867 651 2004 716 fore
2017 675 2035 728 3
2070 673 2225 721 nam
2258 660 2324 714 et
2349 649 2519 715 ordi-

467 771 616 812 nem
661 748 752 812 sic
797 748 1142 824 definiunt,
1187 747 1689 832 conpositionem
1724 769 1937 811 rerum
1972 745 2136 830 aptis
2173 755 2235 810 et
2270 765 2521 810 accom-

468 845 740 908 modatis
808 844 986 908 locis.
1082 844 1294 908 locum
1365 854 1581 908 autem
1648 843 1914 906 actionis
1984 842 2519 926 opportunitatem

469 938 774 1023 temporis
811 960 950 1002 esse
989 938 1238 1014 dicunt3
1273 949 1526 1021 tempus
1555 948 1769 1001 autem
1799 935 2065 1000 actionis
2090 945 2521 1019 opportunum

472 1030 727 1096 Graece
777 1027 1100 1117 εὐκαιρία,
1155 1031 1392 1094 Latine
1438 1029 1798 1114 appellatur
1841 1029 2111 1093 occasio.
2198 1029 2291 1092 sic
2333 1028 2406 1091 fit
2446 1037 2521 1090 ut

470 1124 782 1188 modestia
815 1123 976 1188 haec
989 1171 1006 1199 ,
1045 1145 1236 1207 quam
1269 1125 1363 1188 ita
1397 1125 1913 1208 interpretamur,
1948 1133 2023 1186 ut
2056 1121 2221 1198 dixi,
2259 1121 2525 1187 scientia

471 1219 556 1281 sit
624 1219 1112 1303 opportunitatis
1180 1218 1554 1282 idoneorum
1621 1217 1706 1281 ad
1766 1216 2089 1300 agendum
2138 1225 2519 1299 temporum.

472 1311 587 1374 sed
620 1321 832 1394 potest
867 1311 1094 1382 eadem
1127 1333 1266 1376 esse
1301 1311 1677 1396 prudentiae
1711 1309 2025 1384 definitio,
2070 1309 2151 1374 de
2186 1329 2315 1393 qua
2347 1308 2523 1394 prin-
2550 1335 2626 1375 14³

471 1403 637 1487 cipio
675 1403 982 1468 diximus:
1021 1404 1143 1468 hoc
1179 1415 1392 1468 autem
1427 1405 1568 1472 loco
1605 1404 1687 1468 de
1722 1403 2156 1468 moderatione
2192 1412 2257 1468 et
2280 1413 2523 1486 tempe-

469 1496 680 1563 rantia
723 1507 788 1562 et
833 1497 1062 1561 harum
1107 1498 1418 1562 similibus
1463 1497 1806 1562 virtutibus
1843 1498 2249 1582 quaerimuss
2306 1497 2523 1579 itaque

472 1612 638 1674 quae
675 1603 857 1656 erant
887 1593 1262 1677 prudentiae
1297 1593 1556 1677 propria
1591 1614 1709 1656 suo
1742 1593 1885 1657 loco
1920 1591 2091 1656 dicta
2126 1601 2301 1655 sunt:
2356 1610 2522 1672 quae

471 1693 688 1749 autem
737 1683 965 1748 harum
1019 1685 1357 1761 virtutum,
1411 1687 1490 1749 de
1543 1664 1778 1767 quibus
1830 1685 1963 1749 iam
2017 1685 2127 1748 diu
2178 1683 2519 1766 loquimur,

472 1795 637 1857 quae
681 1777 999 1860 pertinent
1033 1778 1118 1841 ad
1153 1778 1604 1842 verecundiam
1640 1789 1707 1842 et
1741 1777 1825 1841 ad
1860 1799 2079 1842 eorum
2114 1775 2521 1860 adprobatio-

469 1890 648 1943 nem,
695 1869 1078 1950 quibuscum
1123 1870 1398 1935 vivimus
1411 1919 1428 1947 ,
1473 1893 1646 1934 nunc
1682 1870 1953 1934 dicenda
1988 1879 2157 1934 sunt.
2242 1868 2389 1932 talis
2425 1878 2521 1932 est
2547 1885 2629 1925 14⁴

470 1961 668 2046 igitur
711 1961 864 2024 ordo
911 1963 1230 2027 actionum
1275 1963 1707 2040 adhibendus,
1754 1974 1856 2040 ut,
1904 1985 2097 2046 quem
2140 1961 2225 2026 ad
2258 1961 2524 2026 modum

470 2057 538 2119 in
573 2055 856 2119 oratione
895 2057 1227 2132 constanti,
1267 2057 1358 2120 sic
1391 2056 1460 2120 in
1494 2056 1628 2120 vita
1662 2056 1877 2120 omnia
1911 2055 2040 2120 sint
2073 2065 2225 2140 apta
2259 2055 2428 2120 inter
2452 2077 2523 2118 se

473 2159 536 2218 et
601 2149 1074 2226 convenientia3
1145 2160 1330 2234 turpe
1391 2150 1560 2215 enim
1613 2149 1931 2232 valdeque
1983 2148 2282 2213 vitiosum
2334 2148 2405 2211 in
2452 2171 2525 2212 re

471 2263 694 2305 severa
757 2243 1050 2307 convivio
1113 2244 1310 2328 digna
1367 2254 1484 2307 aut
1543 2243 1903 2307 delicatum
1946 2241 2226 2326 aliquem
2286 2240 2523 2306 inferre

470 2357 846 2400 sermonem.
953 2337 1116 2402 bene
1167 2335 1481 2413 Pericles,
1545 2358 1695 2400 cum
1754 2335 2021 2401 haberet
2082 2335 2395 2420 collegam
2454 2334 2525 2399 in

469 2441 768 2512 praetura
821 2427 1206 2514 Sophoclem
1271 2435 1529 2514 poe'tam
1575 2429 1750 2513 iique
1804 2423 1885 2495 de
1938 2429 2262 2494 communi
2312 2427 2527 2494 officio

471 2523 916 2587 convenissent
961 2533 1026 2588 et
1071 2545 1225 2588 casu
1270 2523 1587 2587 formosus
1631 2545 1794 2608 puer
1825 2522 2197 2607 praeteriret
2230 2521 2527 2586 dixisset·-
2633 2600 2635 2603 ι

476 2635 597 2696 que
635 2613 984 2700 Sophocles
1031 2623 1101 2681 ‘o
1136 2640 1406 2702 puerum
1441 2617 1813 2702 pulchrum,
1856 2615 2136 2682 Pericle!
2150 2616 2167 2644 '
2224 2622 2320 2680 ‘at
2348 2611 2524 2681 'enim

469 2719 847 2792 praetorem,
886 2708 1228 2794 Sophocle,
1267 2712 1452 2776 decet
1485 2733 1618 2776 non
1654 2711 1861 2775 solum
1894 2733 2145 2786 manus,
2183 2708 2297 2773 sed
2332 2709 2525 2773 etiam

471 2802 688 2863 oculos
725 2801 1100 2866 abstinentis
1133 2803 1410 2868 babere?
1493 2814 1686 2884 atque
1720 2803 1843 2866 hoc
1875 2803 2046 2867 idem
2082 2801 2435 2886 Sophocles
2468 2802 2525 2865 si

469 2893 539 2956 in
591 2892 973 2957 athletarum
1025 2895 1399 2980 probatione
1452 2896 1745 2971 dixisset,
1806 2895 1974 2959 iusta
2034 2894 2522 2980 reprehensione

473 2983 808 3050 caruisset:
863 2997 1039 3051 tanta
1091 2989 1188 3052 vis
1241 3000 1340 3052 est
1385 2999 1447 3052 et
1490 2989 1616 3053 loci
1658 2999 1723 3052 et
1768 2990 2087 3072 temporis.
2177 2999 2251 3052 ut
2294 2989 2351 3052 si
2392 2987 2523 3071 qui,

474 3101 622 3144 cum
665 3101 928 3144 causam
972 3081 1052 3145 sit
1097 3091 1384 3156 acturus,
1435 3082 1502 3146 in
1557 3082 1782 3147 itinere
1828 3093 1941 3146 aut
1982 3083 2051 3147 in
2094 3081 2525 3147 ambulatione

469 3195 693 3238 secum
736 3174 874 3259 ipse
919 3175 1259 3241 meditetur
1293 3186 1404 3240 aut
1439 3177 1494 3241 si
1529 3177 1687 3259 quid
1722 3175 1895 3241 aliud
1931 3177 2233 3243 attentius
2268 3177 2523 3262 cogitet,

469 3289 600 3331 non
633 3268 1150 3353 reprehendatur,
1188 3278 1254 3332 at
1287 3269 1409 3334 hoc
1443 3269 1614 3334 idem
1650 3270 1705 3334 si
1737 3271 1807 3334 in
1842 3271 2133 3334 convivio
2168 3270 2391 3344 faciat,
2428 3270 2527 3332 in-

469 3362 788 3426 humanus
833 3363 1126 3427 videatur
1157 3362 1410 3428 inscitia
1443 3364 1767 3448 temporis.
1856 3365 1967 3428 sed
2004 3385 2109 3440 ea,
2158 3385 2323 3446 quae
2356 3363 2527 3428 mul-
2550 3383 2627 3424 145

470 3469 610 3521 tum
641 3457 738 3520 ab
783 3457 1178 3524 humanitate
1223 3459 1610 3544 discrepant,
1661 3470 1734 3523 ut
1780 3458 1836 3524 si
1880 3460 1991 3542 qui
2031 3459 2097 3523 in
2133 3459 2274 3530 foro
2310 3466 2525 3522 cantet

473 3562 586 3614 aut
629 3551 684 3616 si
728 3573 857 3635 qua
901 3563 998 3622 est
1042 3553 1168 3617 alia
1221 3575 1457 3639 magna
1509 3553 1922 3639 perversitas,
1975 3552 2165 3618 facile
2216 3553 2526 3636 adparent

471 3667 592 3710 nec
626 3668 862 3732 magno
898 3669 1088 3731 opere
1124 3648 1624 3714 admonitionem
1659 3659 1721 3713 et
1754 3658 2099 3733 praecepta
2130 3646 2525 3721 desiderant3

475 3758 638 3820 quae
685 3751 900 3806 autem
944 3763 1145 3826 parva
1188 3742 1486 3807 videntur
1527 3765 1668 3808 esse
1711 3742 1945 3807 delicta
1986 3763 2193 3824 neque
2230 3763 2271 3804 a
2302 3739 2521 3804 multis

473 3833 758 3917 intellegi
801 3845 1100 3919 possunt,
1147 3836 1232 3900 ab
1263 3836 1342 3901 iis
1377 3847 1477 3902 est
1511 3835 1877 3922 diligentius
1914 3834 2380 3900 declinandum.
2450 3845 2521 3898 ut

473 3925 544 3987 in
585 3923 816 3991 fidibus
850 3938 964 3992 aut
996 3928 1200 4005 tibiis,
1245 3931 1538 4013 quamvis
1572 3929 1839 4015 paulum
1874 3926 2263 4013 discrepent,
2307 3937 2521 3992 tamen

475 4020 544 4086 id
581 4042 618 4082 a
654 4021 886 4086 sciente
931 4024 1349 4090 animadverti
1393 4025 1585 4101 solet,
1631 4025 1725 4089 sic
1767 4022 2115 4088 videndum
2160 4031 2259 4088 est
2290 4020 2359 4085 in
2391 4019 2525 4096 vita
