3292 4559
1161 236 1164 239 ·
1249 212 1595 273 TIMAEUS
1624 214 1797 271 1-2,
2257 250 2263 259 ,
2430 194 2552 267 131

1019 744 1122 809 Μ.
1155 742 1486 810 TULLII
1523 742 2027 810 CICERONIS

1297 852 1753 921 TIMAEUS.

629 1078 842 1143 Multa
910 1085 1061 1140 sunt
1121 1099 1162 1140 a
1219 1073 1404 1141 nobis
1467 1086 1534 1141 et
1595 1076 1666 1141 in
1727 1074 2135 1141 Academicis
2198 1074 2557 1161 conscripta

497 1182 722 1238 contra
755 1170 1054 1255 physicos
1089 1179 1153 1236 et
1187 1191 1380 1254 saepe
1411 1192 1546 1235 cum
1569 1169 1648 1235 P.
1680 1170 1943 1255 Nigidio
1974 1167 2353 1238 Carneadeo
2378 1192 2556 1235 more

501 1276 568 1331 et
599 1264 790 1328 modo
827 1263 1180 1349 disputata:
1219 1263 1342 1345 fuit
1375 1262 1548 1329 enim
1586 1264 1686 1329 vir
1720 1264 1827 1329 ille
1863 1286 2011 1329 cum
2038 1264 2267 1329 ceteris
2294 1263 2557 1341 artibus,

497 1380 668 1443 quae
698 1357 964 1443 quidem
993 1356 1232 1443 dignae
1265 1357 1468 1423 libero
1504 1368 1737 1434 essent,
1775 1368 2036 1423 ornatus
2066 1358 2384 1435 omnibus,
2420 1368 2559 1423 tum

499 1474 650 1519 acer
681 1452 1100 1537 investigator
1135 1462 1199 1517 et
1233 1450 1508 1537 diligens
1543 1470 1767 1517 earum
1800 1470 2035 1530 rerum,
2068 1473 2236 1535 quae
2266 1474 2305 1517 a
2330 1463 2560 1517 natura

499 1547 825 1613 involutae
871 1546 1199 1624 videntum
1245 1545 1523 1629 denique
1557 1546 1653 1611 sic
1685 1544 1931 1621 iudice,
1975 1556 2119 1629 post
2151 1545 2294 1611 illos
2328 1544 2559 1617 nobilis

497 1641 976 1727 PythagoreOS,
1037 1661 1314 1725 quorum
1381 1640 1720 1725 disciplina
1770 1639 2083 1705 exstincta
2134 1650 2231 1703 est
2279 1639 2561 1721 quodam

503 1736 724 1810 modo,
771 1756 919 1799 cum
965 1735 1238 1842 aliquot
1254 1734 1528 1799 saecla
1509 1757 1577 1798 1n
1611 1734 1803 1799 Italia
1840 1732 2189 1841 Siciliaque
2230 1731 2561 1817 viguisset.
2645 1800 2649 1804 ,

500 1828 674 1892 hunc
727 1827 1074 1903 exstitisse,
1129 1827 1242 1911 qui
1295 1827 1474 1893 illam
1527 1838 1883 1893 renovaret.
1972 1827 2085 1910 qui
2137 1847 2287 1891 cum
2335 1842 2451 1893 me
2491 1824 2561 1890 in

504 1920 801 1987 Ciliciam
842 1921 1353 2007 proficiscentem
1397 1920 1659 2007 Ephesi
1700 1920 2231 2007 exspectavisset‚
2285 1920 2561 1986 Romam

503 2016 993 2103 exlegatione
973 2039 1112 2101 ipse
1147 2015 1486 2093 decedens,
1522 2016 1928 2103 venissetque
1964 2016 2192 2082 eodem
2224 2014 2559 2101 Mytilenis

503 2111 632 2176 mei
676 2109 994 2177 salutandi
1040 2121 1106 2175 et
1150 2109 1398 2175 visendi
1443 2132 1640 2175 causa
1678 2107 2057 2195 Cratippus,
2100 2109 2561 2195 Peripatetico-

493 2227 649 2269 rum
693 2203 1008 2280 omnium,
1061 2222 1226 2287 quos
1271 2204 1534 2287 quidem
1579 2226 1701 2289 ego
1746 2203 2087 2281 audierim,
2140 2224 2283 2269 meo
2326 2203 2563 2269 iudicio

503 2298 692 2362 facile
736 2296 1062 2383 princeps,
1109 2297 1499 2383 perlibenter
1541 2307 1610 2365 et
1642 2297 1981 2384 Nigidium
2024 2298 2157 2363 vidi
2192 2308 2257 2364 et
2291 2298 2564 2384 cognovi

504 2389 909 2477 Cratippum.
995 2412 1074 2455 ae
1124 2390 1406 2477 primum
1450 2390 1713 2475 quidem
1759 2403 2012 2477 tempus
2057 2392 2453 2459 salutationis
2496 2392 2564 2456 in

503 2485 976 2571 percontatione
1013 2485 1542 2571 consumpsimus.

1218 2580 1254 2614 ἦ
1809 2579 1845 2613 *³

639 2672 817 2753 Quid
851 2682 948 2737 est
983 2673 1160 2756 quod
1195 2696 1446 2757 semper
1483 2626 1566 2737 'sit
1599 2695 1811 2757 neque
1838 2674 2043 2739 ullum
2067 2672 2303 2739 habeat
2330 2684 2560 2750 ortum,

505 2778 574 2831 et
617 2765 792 2849 quod
825 2765 1132 2850 gignatur
1167 2787 1287 2833 nec
1322 2785 1632 2849 umquam
1668 2766 1787 2831 sit?
1854 2788 2130 2850 quorum
2161 2767 2433 2831 alterum
2466 2766 2565 2831 in-

509 2858 878 2943 tellegentia
911 2870 982 2925 et
1011 2860 1259 2925 ratione
1297 2860 1865 2944 conprehenditur,
1910 2860 2085 2943 quod
2126 2882 2329 2925 unum
2372 2870 2567 2944 atque

509 2955 682 3019 idem
715 2974 966 3038 semper
1001 2965 1125 3031 est3
1163 2956 1457 3031 alterum,
1493 2954 1667 3038 quod
1702 2953 1913 3019 adfert
1944 2955 2307 3041 opinionem
2342 2976 2567 3021 sensus

509 3048 772 3115 rationis
807 3070 1067 3133 expers,
1105 3049 1279 3131 quod
1314 3058 1520 3113 totum
1555 3049 1877 3135 opinabile
1914 3059 2039 3126 est,
2080 3048 2150 3113 id
2182 3049 2470 3137 gignitur
2504 3059 2569 3115 et

509 3142 725 3208 interit
781 3164 904 3208 nec
961 3163 1272 3227 umquam
1333 3164 1473 3209 esse
1536 3166 1685 3212 vere
1755 3153 1984 3229 potest.
2073 3164 2261 3212 omne
2332 3155 2567 3221 autem,

507 3236 688 3323 q'uod
720 3237 1026 3324 gignitur,
1060 3259 1145 3303 ex
1179 3236 1394 3321 aliqua
1429 3259 1625 3303 causa
1658 3238 1841 3323 gigni
1872 3258 2137 3305 necesse
2167 3248 2268 3305 est
2276 3263 2295 3317 3
2331 3239 2567 3306 nullius

512 3331 686 3396 enim
717 3332 811 3395 rei
845 3347 1040 3395 causa
1073 3342 1322 3397 remota
1353 3332 1617 3417 reperiri
1650 3332 1835 3417 origo
1868 3342 2097 3417 potest.
2179 3334 2479 3416 quocirca
2512 3332 2569 3397 si

511 3426 599 3500 is,
653 3424 766 3507 qui
815 3424 1077 3507 aliquod
1128 3446 1364 3491 munus
1416 3424 1675 3491 efficere
1726 3426 2015 3501 molitur,
2066 3448 2212 3491 eam
2268 3425 2568 3511 speciem,

511 3542 682 3605 quae
717 3541 969 3605 semper
1003 3518 1230 3584 eadem
1265 3531 1381 3596 est,
1415 3520 1767 3585 intuebitur
1794 3531 1987 3604 atque
2011 3520 2079 3584 id
2108 3519 2231 3585 sibi
2256 3528 2572 3605 proponet

515 3614 862 3700 exemplar,
897 3614 1298 3699 praeclarum
1325 3636 1487 3701 opus
1515 3614 2042 3684 efficiatnecesse
2067 3625 2193 3691 θεὶς
2226 3614 2328 3679 sin
2356 3624 2572 3679 autem

515 3728 681 3784 eam,
715 3729 882 3791 quae
915 3706 1223 3794 gignitur,
1260 3729 1614 3793 numquam
1647 3708 1845 3785 illam,
1882 3728 2077 3791 quam
2110 3716 2392 3793 expetet,
2428 3707 2572 3792 pul-

515 3800 945 3867 chritudinem
987 3813 1430 3886 consequetur.
1519 3824 1710 3868 omne
1761 3796 1959 3887 igitur
2010 3802 2260 3867 eaelum
2304 3836 2391 3847 —-
2415 3800 2571 3871 *sive

519 3895 795 3961 mundus
831 3897 966 3963 sive
1001 3918 1129 3981 quo
1166 3898 1290 3969 alio
1325 3898 1640 3963 vocabulo
1676 3889 1936 3983 gaudet,
1972 3897 2095 3963 hoc
2132 3920 2171 3961 a
2194 3896 2380 3962 nobis
2406 3918 2572 3960 nun-

494 3999 790 4074 'cupatus
837 3992 916 4056 sit
949 4016 1064 4055 -ε
1117 3992 1198 4057 de
1243 4013 1372 4076 quo
1415 3991 1482 4057 id
1526 3992 1804 4078 primum
1850 3992 2351 4067 consideremus,
2392 3990 2571 4073 quod

2209 4090 2281 4145 9.
