3292 4559
677 2703 728 2743 12

676 3253 727 3295 13

750 214 757 219 ·
776 186 909 255 274
1388 194 1465 249 M.
1503 192 1778 249 TULLII
1811 189 2216 249 CICERONIS

771 322 967 399 ratio,
1018 318 1307 407 profecta
1352 342 1395 383 a
1434 338 1652 383 rerum
1700 326 1958 393 natura,
2011 327 2077 381 et
2121 316 2208 381 ad
2245 324 2419 381 recte
2461 314 2824 381 faciendum

772 416 1082 501 inpellens
1128 424 1193 479 et
1245 437 1286 477 a
1336 411 1569 476 delicto
1624 432 1934 487 avocans,
1989 431 2156 493 quae
2199 431 2330 475 non
2373 418 2516 477 tum
2557 410 2826 496 denique

768 509 994 595 incipit
1026 508 1134 573 lex
1168 530 1338 583 esse,
1385 528 1533 571 cum
1568 504 1807 591 scripta
1841 516 1960 579 est,
1993 504 2111 569 sed
2143 515 2314 581 tum,
2349 524 2497 569 cum
2532 516 2672 570 orta
2707 518 2802 571 est
2809 532 2826 583 ;

770 614 915 669 orta
958 612 1173 668 autem
1218 612 1315 665 est
1360 600 1551 665 simul
1586 620 1737 663 cum
1770 608 1984 663 mente
2021 598 2260 663 divina.
2345 618 2542 681 quam
2577 599 2664 663 ob
2697 623 2830 666 rem

768 698 877 761 lex
920 718 1076 761 vera
1118 707 1312 779 atque
1355 694 1654 780 princeps
1703 703 1856 778 apta
1890 692 1976 757 ad
2005 692 2361 757 iubendum
2395 703 2462 758 et
2493 694 2580 757 ad
2613 706 2829 760 vetan-

771 790 927 857 dum
960 790 1123 855 ratio
1158 801 1259 855 est
1287 800 1464 855 recta
1500 787 1736 852 summi
1769 787 1966 853 Iovis.

909 884 983 966 Q.
1045 874 1427 960 Adsentior,
1474 882 1706 959 frater,
1760 893 1859 957 ut,
1913 881 2090 966 quod
2139 891 2240 945 est
2281 893 2555 959 rectum,
2610 906 2830 949 verum

772 1001 1020 1068 quoque
1072 979 1157 1043 sit
1204 1000 1415 1063 neque
1459 999 1609 1043 cum
1651 976 1910 1052 litteris,
1961 975 2196 1060 quibus
2243 975 2402 1040 scita
2447 976 2829 1056 scribuntur,

772 1088 885 1141 aut
930 1072 1173 1139 oriatur
1213 1084 1329 1139 aut
1374 1072 1643 1137 occidat.
1729 1072 1823 1135 M.
1883 1069 2067 1157 Ergo
2109 1080 2186 1135 ut
2237 1070 2350 1135 illa
2391 1070 2614 1137 divina
2651 1095 2830 1139 mens

772 1192 1025 1235 summa
1072 1169 1181 1232 lex
1233 1178 1361 1242 est,
1411 1166 1600 1244 item,
1655 1188 1805 1231 cum
1851 1165 1920 1229 in
1961 1164 2220 1231 homine
2263 1176 2362 1229 est
2405 1166 2726 1251 perfecta,
2767 1169 2831 1233 in

770 1273 985 1329 mente
1018 1274 1109 1327 est
1142 1260 1445 1347 sapientis
1457 1285 1475 1338 3
1512 1282 1682 1344 quae
1718 1271 1866 1325 sunt
1899 1270 2117 1325 autem
2150 1259 2330 1325 varie
2365 1271 2430 1325 et
2465 1260 2552 1325 ad
2579 1271 2828 1348 tempus

774 1357 1129 1441 descriptae
1172 1354 1459 1442 populis,
1502 1354 1726 1419 favore
1771 1354 1978 1440 magis
2012 1374 2210 1437 quam
2241 1376 2312 1419 re
2345 1354 2574 1441 legum
2603 1378 2832 1422 nomen

771 1459 1011 1515 tenent.
1099 1470 1359 1515 omnem
1391 1449 1563 1515 enim
1595 1450 1810 1535 legem
1823 1495 1843 1525 ,
1877 1470 2045 1533 quae
2078 1448 2338 1534 quidem
2370 1464 2548 1515 recte
2579 1451 2691 1517 lex
2723 1475 2832 1537 ap-

771 1544 997 1631 pellari
1034 1543 1269 1629 possit,
1314 1566 1455 1611 esse
1496 1544 1888 1611 laudabilem
1932 1544 2318 1629 quibusdam
2359 1545 2598 1611 talibus
2645 1569 2831 1633 argu·

772 1638 1003 1705 mentis
1039 1638 1291 1704 docent.
1374 1648 1623 1704 constat
1655 1637 1945 1724 profecto
1981 1638 2066 1703 ad
2099 1639 2372 1704 salutem
2407 1639 2650 1705 civium
2683 1642 2830 1706 civi-

774 1746 1108 1819 tatumque
1152 1734 1656 1800 incolumitatem
1699 1734 2023 1817 vitamque
2067 1732 2396 1797 hominum
2441 1734 2730 1819 quietam
2776 1748 2829 1801 et

776 1828 1033 1893 beatam
1084 1828 1377 1893 inventas
1432 1850 1572 1893 esse
1620 1828 1831 1913 leges,
1883 1848 2152 1911 eosque,
2210 1828 2320 1911 qui
2371 1828 2656 1913 primum
2701 1831 2831 1895 eius

774 1922 951 1986 modi
998 1922 1159 1987 scita
1192 1923 1547 1999 sanxerint,
1590 1921 1846 2008 populis
1881 1921 2234 1987 ostendisse
2271 1945 2349 1987 ea
2382 1945 2452 1988 se
2488 1924 2832 2009 scripturos

776 2026 969 2101 atque
1020 2016 1297 2095 laturos,
1351 2017 1584 2102 quibus
1629 2016 1724 2081 illi
1769 2015 2028 2080 adscitis
2075 2016 2514 2103 susceptisque
2569 2018 2831 2085 honeste

774 2109 1089 2196 beateque
1134 2111 1451 2188 viverent,
1495 2131 1790 2196 quaeque
1831 2110 1924 2175 ita
1967 2110 2296 2197 conposita
2339 2122 2695 2196 sanctaque
2740 2136 2830 2177 es·-

774 2215 936 2282 sent,
972 2228 1081 2271 eas
1118 2204 1293 2291 leges
1329 2206 1627 2270 videlicet
1661 2204 2095 2271 nominarunt:
2133 2228 2214 2270 ex
2251 2225 2378 2315 quo
2406 2205 2698 2292 intellegi
2720 2230 2828 2292 par

773 2310 870 2364 est
905 2320 1033 2376 eos,
1070 2300 1183 2383 qui
1214 2299 1575 2385 perniciosa
1608 2310 1674 2363 et
1705 2298 1944 2365 iniusta
1977 2298 2289 2385 populis
2269 2322 2446 2365 mssa
2481 2300 2825 2387 descripse-

770 2392 926 2469 rint,
972 2414 1119 2457 cum
1154 2404 1373 2458 contra
1406 2394 1682 2459 fecerint
1719 2416 1916 2479 quam
1949 2390 2213 2480 polliciti
2248 2394 2654 2480 professique
2689 2397 2822 2473 sint,

770 2439 1025 2569 quidvis
1076 2487 1290 2571 potius
1336 2486 1559 2551 tulisse
1603 2507 1802 2572 quam
1845 2490 2052 2575 leges,
2108 2500 2182 2553 ut
2229 2489 2642 2575 perspicuum
2695 2514 2822 2557 esse

769 2581 971 2667 possit
1012 2582 1081 2645 in
1122 2580 1263 2667 ipso
1310 2584 1569 2649 nomine
1609 2584 1774 2671 legis
1819 2584 2293 2671 interpretando
2337 2586 2550 2653 inesse
2599 2588 2736 2653 vim
2765 2599 2823 2653 et

774 2675 1153 2741 sententiam
1177 2675 1329 2741 iusti
1362 2688 1426 2745 et
1442 2678 1579 2743 veri
1596 2678 1871 2765 legendi.
1925 2701 2164 2764 quaero
2181 2680 2377 2765 igitur
2395 2704 2434 2745 a
2451 2693 2538 2758 te,
2565 2679 2822 2763 Quinte,

772 2774 938 2839 sicut
953 2771 1049 2837 illi
1063 2771 1297 2837 solent:
1328 2792 1457 2857 quo
1478 2774 1532 2839 si
1553 2773 1777 2839 civitas
1798 2785 2032 2853 careat,
2054 2775 2138 2839 ob
2156 2798 2299 2839 eam
2317 2774 2526 2861 ipsam
2547 2798 2823 2852 causam,

770 2868 944 2953 quod
990 2888 1066 2933 eo
1110 2878 1355 2945 careat,
1398 2890 1517 2954 pro
1560 2868 1759 2933 nihilo
1804 2867 2101 2935 habenda
2135 2868 2244 2945 sit,
2279 2868 2350 2933 id
2393 2880 2572 2935 estne
2606 2893 2826 2937 nume-

770 2962 1044 3027 randum
1076 2961 1147 3025 in
1180 2961 1405 3027 bonis?
1456 2960 1527 3042 Q.
1573 2963 1680 3027 Ac
1703 2963 2020 3029 maxumis
2047 2962 2328 3046 quidem.
2371 2964 2465 3027 M.
2502 2962 2696 3050 Lege
2721 2986 2827 3031 au-

770 3065 901 3118 tem
936 3076 1159 3119 carens
1190 3056 1413 3121 civitas
1450 3068 1628 3121 estne
1664 3058 1748 3123 ob
1783 3061 1852 3122 id
1883 3058 2094 3144 ipsum
2119 3058 2416 3123 habenda
2443 3059 2622 3123 nullo
2651 3060 2826 3125 loco?

776 3145 849 3225 Q.
886 3144 1040 3211 Dici
1064 3148 1247 3217 aliter
1268 3172 1401 3215 non
1425 3162 1656 3237 potest.
1693 3154 1785 3216 M.
1823 3150 2102 3218 Necesse
2132 3163 2230 3217 est
2255 3152 2452 3238 igitur
2473 3153 2692 3239 legem
2719 3155 2828 3219 ha-

770 3240 909 3307 beri
942 3242 1012 3307 in
1042 3244 1235 3309 rebus
1271 3244 1545 3331 optimis.
1616 3244 1690 3326 Q.
1743 3244 2020 3311 Prorsus
2053 3246 2392 3311 adsentior.
2461 3248 2556 3313 M.
2612 3246 2829 3331 Quid?

768 3336 945 3421 quod
979 3338 1183 3403 multa
1214 3338 1597 3425 perniciose,
1642 3340 1847 3407 multa
1879 3340 2179 3427 pestifere
2215 3341 2578 3407 sciscuntur
2607 3342 2680 3407 in
2716 3364 2831 3427 po-

769 3433 969 3517 pulis,
1012 3454 1180 3517 quae
1224 3456 1356 3499 non
1398 3434 1605 3521 magis
1647 3434 1812 3522 legis
1853 3457 2090 3501 nomen
2133 3434 2488 3521 attingunt,
2535 3458 2734 3520 quam
2779 3436 2832 3501 si

768 3528 1047 3594 latrones
1110 3528 1358 3614 aliquas
1424 3551 1728 3597 consessu
1791 3553 1910 3597 suo
1962 3531 2310 3597 sanxerint.
2413 3550 2568 3597 nam
2618 3554 2830 3616 neque

769 3622 1164 3689 medicorum
1210 3635 1554 3709 praecepta
1596 3624 1724 3691 dici
1769 3648 1919 3691 vere
1960 3636 2257 3713 possunt,
2283 3689 2290 3695 ,
2313 3625 2368 3691 si
2419 3646 2591 3710 quae
2639 3626 2830 3691 inscii

769 3716 1152 3803 inperitique
1186 3740 1303 3803 pro
1339 3718 1724 3785 salutaribus
1761 3720 2088 3786 mortifera
2131 3720 2675 3806 conscripserunt,
2719 3744 2832 3787 ne·

770 3830 896 3893 que
930 3811 999 3875 in
1032 3812 1271 3897 populo
1306 3813 1433 3890 lex,
1468 3816 1503 3895 †
1539 3813 1925 3878 cuicuimodi
1961 3813 2156 3881 fuerit
2187 3814 2329 3891 illa,
2366 3813 2560 3879 etiam
2595 3814 2652 3877 si
2686 3836 2832 3900 per-

764 3904 1081 3969 niciosum
1129 3906 1371 3990 aliquid
1412 3908 1690 3993 populus
1737 3909 2072 3995 acceperit.
2163 3930 2318 3995 ergo
2354 3919 2451 3973 est
2485 3908 2593 3973 lex
2627 3908 2832 3973 iusto-

770 4018 915 4059 rum
956 3998 1462 4085 iniustorumque
1495 4001 1848 4080 distinctio,
1892 4002 1975 4068 ad
2007 4003 2184 4067 illam
2213 4002 2732 4088 antiquissimam
2770 4013 2832 4069 et
