3292 4559
1025 291 1134 348 DE
1166 291 1692 352 DIVINATIONE
1725 293 1805 350 Π.
1843 293 1978 348 73—
1989 293 2073 348 79.
2456 281 2602 348 193'

521 415 767 483 solebat
802 436 883 482 ex
924 438 1031 485 me
1064 414 1415 482 Deiotarus
1458 417 1816 503 percontari
1847 417 2052 483 nostri
2093 418 2348 503 augurii
2391 419 2582 484 disci-

519 511 791 596 plinam,
828 533 949 598 ego
983 533 1067 578 ex
1099 510 1211 576 illo
1248 510 1375 576 sui:
1424 511 1490 576 di
1532 511 1931 579 inmortales!
1978 522 2294 597 quantum
2326 512 2582 579 differe-

521 603 659 669 batl
711 614 784 669 ut
826 603 1146 688 quaedam
1190 614 1403 672 essent
1448 605 1642 672 etiam
1687 608 2023 674 contraria.
2111 617 2306 692 atque
2349 606 2459 673 ille
2502 607 2582 672 iis

522 720 772 783 semper
805 699 1133 775 utebatur,
1178 720 1297 764 nos
1310 745 1332 775 ,
1377 699 1503 764 nisi
1536 700 1694 766 dum
1728 723 1768 765 a
1802 703 2044 787 populo
2079 701 2367 787 auspicia
2401 722 2584 767 acce-

518 802 631 876 pta
681 791 1023 869 habemus,
1078 812 1273 875 quam
1324 793 1600 858 multum
1640 793 1720 858 iis
1764 795 2045 860 utimur?
2096 793 2394 861 bellicam
2443 817 2582 862 rem

522 885 950 952 administrari
1016 886 1293 952 maiores
1360 887 1566 952 nostri
1624 888 1752 954 nisi
1814 889 2146 974 auspicato
2207 890 2580 968 noluerunt,

520 1001 719 1064 quam
761 979 944 1043 multi
989 980 1141 1044 anni
1185 989 1365 1058 sunt,
1421 1002 1571 1045 cum
1614 980 1786 1046 bella
1829 1005 1870 1046 a
1911 983 2400 1067 proconsulibus
2434 993 2500 1050 et
2543 1005 2586 1048 a

520 1059 1039 1184 propraetoribus
1082 1073 1637 1153 administrantur,
1683 1076 1796 1159 qui
1829 1075 2116 1161 auspicia
2147 1097 2279 1141 non
2312 1074 2579 1142 habenti

518 1167 739 1252 itaque
772 1189 895 1234 nec
929 1167 1133 1234 amnis
1168 1179 1503 1235 transeunt
1537 1169 1865 1255 auspicato
1899 1191 2020 1237 nec
2055 1169 2333 1256 tripudio
2369 1169 2584 1254 auspi·
2625 1190 2678 1231 ἰτ

522 1273 777 1341 cantur3
822 1285 975 1328 nam
1019 1285 1103 1328 ex
1137 1261 1539 1329 acuminibus
1576 1262 1837 1348 quidem
1851 1310 1871 1341 ,
1916 1264 2093 1349 quod
2128 1275 2336 1330 totum
2369 1265 2586 1350 auspi-

523 1356 696 1422 cium
729 1356 1004 1423 militare
1041 1367 1167 1434 est,
1202 1356 1333 1422 iam
1358 1355 1459 1422 M.
1475 1356 1832 1424 Marcellus
1865 1358 1975 1424 ille
2011 1359 2394 1444 quinquiens
2431 1380 2584 1426 con-

524 1451 627 1516 sul
661 1461 870 1517 totum
904 1451 1139 1530 omisit,
1174 1451 1347 1518 idem
1381 1451 1756 1540 imperator,
1799 1452 1972 1518 idem
2015 1476 2226 1540 augur
2259 1463 2580 1539 optumus.

521 1543 637 1610 ubi
688 1568 847 1633 ergo
898 1547 1115 1611 avium
1169 1545 1516 1611 divinatio?
1568 1567 1767 1630 quae,
1821 1547 2126 1630 quoniam
2172 1548 2256 1613 ab
2308 1547 2386 1613 iis
2399 1593 2419 1624 ,
2472 1547 2583 1630 qui

523 1639 810 1726 auspicia
841 1639 1023 1706 nulla
1056 1639 1327 1718 habent,
1386 1640 1557 1706 bella
1592 1639 2144 1718 administrantur,
2198 1640 2281 1706 ab
2315 1639 2580 1705 urbanis

521 1742 770 1798 retenta
820 1734 1108 1810 videtur,
1159 1757 1199 1798 a
1242 1733 1485 1799 bellicis
1530 1755 1672 1799 esse
1720 1734 1991 1798 sublata.
2082 1746 2147 1799 et
2180 1733 2442 1817 quidem
2474 1734 2582 1798 ille

525 1825 807 1903 dicebat,
862 1827 918 1890 si
951 1827 1211 1908 quando
1247 1848 1383 1892 rem
1418 1847 1611 1910 agere
1647 1827 1870 1904 vellet,
1923 1849 2005 1892 ne
2040 1826 2435 1914 inpediretur
2469 1850 2584 1890 au-

525 1919 744 2005 spiciis
758 1967 779 1998 ,
830 1920 1060 1986 lectica
1095 1931 1315 2004 operta
1359 1919 1573 1984 facere
1616 1919 1740 1983 iter
1775 1942 1844 1985 se
1879 1922 2103 1985 solere.
2191 1920 2342 1985 huic
2378 1920 2582 1985 simile

524 2022 651 2090 est,
698 2013 878 2096 quod
917 2033 1036 2077 nos
1080 2035 1361 2097 augures
1395 2011 1853 2097 praecipimus,
1889 2035 1972 2078 ne
2006 2013 2192 2098 iuges
2227 2012 2584 2100 auspicium

526 2106 857 2184 obveniat,
908 2117 985 2172 ut
1016 2106 1303 2172 iumenta
1335 2105 1601 2171 iubeant
1636 2105 1987 2192 diiungere.
2077 2107 2235 2192 quid
2267 2118 2366 2173 est
2409 2107 2584 2172 aliud
2626 2131 2678 2172 vs

523 2200 693 2266 nolle
738 2201 986 2267 moneri
1031 2224 1071 2267 a
1102 2200 1291 2278 Iove,
1344 2200 1470 2266 nisi
1512 2199 1770 2266 efficere
1812 2211 1890 2266 ut
1931 2211 2044 2266 aut
2084 2224 2167 2267 ne
2211 2202 2350 2267 fieri
2383 2202 2584 2288 possit

525 2295 885 2384 auspicium
919 2306 1059 2374 aut,
1106 2295 1162 2361 si
1195 2295 1337 2374 fiat,
1374 2295 1615 2360 videri?
1665 2314 1818 2360 nam
1852 2296 2017 2362 illud
2049 2295 2396 2362 admodum
2431 2297 2585 2362 ridi-
2617 2307 2690 2374 37

522 2390 761 2467 culum,
799 2390 972 2475 quod
1004 2413 1205 2477 negas
1238 2389 1621 2456 Deiotarum
1657 2390 2106 2477 auspiciorum,
2143 2413 2308 2476 quae
2343 2391 2467 2456 sibi
2502 2391 2586 2456 ad

522 2485 911 2575 Pompeium
943 2487 1373 2573 proficiscenti
1406 2484 1583 2554 facta
1615 2487 1763 2566 sint,
1798 2487 2147 2573 paenitere,
2183 2487 2356 2573 quod
2390 2489 2588 2554 fidem

528 2593 783 2648 secutus
820 2583 1290 2668 amicitiamque
1334 2581 1559 2668 populi
1594 2581 1874 2648 Romani
1919 2583 2180 2648 functus
2223 2583 2308 2649 sit
2341 2583 2584 2660 officiO,
2568 2608 2584 2622 ·

528 2677 948 2760 antiquiorem
1002 2676 1174 2742 enim
1228 2677 1351 2742 sibi
1404 2677 1604 2743 fuisse
1656 2676 1916 2742 laudem
1961 2688 2026 2743 et
2077 2676 2350 2762 gloriam
2389 2698 2587 2760 quam

524 2791 801 2855 regnum
847 2782 911 2834 et
952 2772 1387 2855 possessiones
1436 2793 1607 2836 suas.
1697 2771 1890 2836 credo
1925 2771 2255 2855 equidem,
2303 2771 2418 2837 sed
2461 2769 2586 2836 hoc

526 2862 688 2927 nihil
722 2863 808 2926 ad
843 2864 1157 2948 auspicia3
1190 2887 1313 2930 nec
1348 2866 1518 2930 enim
1555 2865 1615 2928 ei
1651 2865 1874 2929 cornix
1911 2887 2138 2932 canere
2172 2864 2382 2951 potuit
2413 2874 2586 2931 recte

530 2977 681 3021 eum
721 2945 967 3032 facere,
1012 2956 1190 3039 quod
1233 2959 1457 3042 populi
1506 2957 1789 3024 Romani
1831 2958 2191 3026 libertatem
2244 2960 2588 3026 defendere

529 3058 814 3134 pararet3
866 3046 1003 3134 ipse
1036 3049 1162 3114 hoc
1198 3051 1539 3128 sentiebat,
1594 3051 1783 3116 sicuti
1828 3053 2046 3118 sensit.
2132 3077 2286 3121 aves
2321 3067 2586 3122 eventus
2629 3074 2682 3116 το

530 3140 895 3228 significant
939 3151 1054 3208 aut
1096 3143 1399 3208 adversos
1443 3155 1557 3210 aut
1600 3145 1945 3212 secundos:
1989 3147 2242 3216 virtutis
2287 3150 2588 3235 auspiciis

529 3238 719 3302 video
764 3259 905 3302 esse
951 3258 1142 3301 usum
1174 3235 1584 3316 Deiotarum,
1629 3260 1797 3324 quae
1840 3252 2016 3308 vetat
2049 3253 2338 3328 spectare
2382 3243 2586 3308 fortu-

528 3354 701 3410 nam,
739 3331 894 3396 dum
928 3341 1286 3418 praestetur
1317 3332 1499 3400 fides.
1552 3356 1706 3400 aves
1741 3358 1894 3402 vero
1929 3340 1986 3402 si
2017 3357 2358 3423 prosperos
2395 3359 2586 3402 even-

530 3437 634 3490 tus
689 3425 1131 3503 ostenderunt,
1186 3437 1357 3492 certe
1407 3426 1799 3494 fefellerunt:
1854 3429 2024 3516 fugit
2063 3453 2102 3496 e
2144 3429 2384 3515 proelio
2438 3451 2586 3494 cum

528 3519 845 3606 Pompeio
861 3542 1163 3606 —grave
1199 3530 1451 3606 tempus
1484 3557 1600 3600 —-,
1637 3522 1929 3588 discessit
1964 3523 2048 3587 ab
2086 3544 2269 3587 eo—
2291 3523 2587 3588 luctuosa

528 3638 632 3680 res
665 3650 783 3692 —,
838 3610 1188 3680 Caesarem
1232 3614 1459 3680 eodem
1512 3627 1799 3702 tempore
1837 3616 2101 3706 ‚hostem
2151 3627 2218 3682 et
2267 3615 2587 3702 hospitem
2638 3624 2642 3630 “

527 3709 691 3774 vidit
714 3744 835 3786 —,
870 3708 1028 3792 quid
1060 3707 1185 3774 hoc
1218 3707 1499 3774 tristius?
1531 3709 1587 3774 is
1624 3731 1774 3776 cum
1809 3710 1870 3776 ei
1903 3708 2329 3776 Trocmorum
2359 3721 2587 3776 tetrar-

530 3803 720 3870 chian
764 3802 1103 3888 eripuisset
1146 3813 1212 3868 et
1254 3802 1592 3868 adseculae
1636 3825 1756 3869 suo
1788 3803 2195 3890 Pergameno
2229 3803 2446 3870 nescio
2481 3806 2586 3870 cui

533 3897 811 3965 dedisset
844 3898 1181 3983 eidemque
1217 3896 1595 3964 detraxisset
1610 3898 1988 3964 Armeniam
2018 3921 2060 3964 a
2085 3909 2313 3966 senatu
2347 3899 2583 3978 datam,

533 4013 808 4076 cumque
842 3993 925 4058 ab
960 4015 1037 4060 eo
1072 3993 1724 4080 magnificentissumo
1757 3992 2035 4078 hospitio
2063 4004 2364 4079 acceptus
2395 4007 2582 4072 esset,

533 4085 874 4172 spoliatum
934 4088 1192 4173 reliquit
1254 4098 1318 4154 et
1378 4087 1698 4174 hospitem
1760 4097 1826 4154 et
1884 4109 2122 4173 regem.
2229 4089 2344 4154 sed
2402 4089 2586 4156 labor

640 4186 857 4231 Ciceronis
876 4189 954 4232 vol.
980 4187 1063 4232 VII.
2152 4190 2226 4245 13
