3292 4559
1248 277 1544 337 LAELIU
1547 278 1584 335 S
1620 280 1860 337 80—87.
2454 268 2581 334 287

529 410 797 468 naturae
829 401 1070 467 bonum
1106 401 1382 512 optimus
1423 401 1960 513 beatissimusque
1996 403 2353 469 comitatus.
2421 403 2581 473 haec
2622 426 2675 466 ει

529 508 656 575 est,
689 517 978 580 mquam,
1023 496 1321 575 societas,
1354 497 1424 562 in
1459 518 1589 581 qua
1623 498 1839 563 omnia
1870 497 2115 575 insunt,
2152 519 2318 583 quae
2351 509 2579 585 putant

529 591 820 657 homines
855 590 1241 678 expetenda,
1276 591 1606 669 honestae,
1641 593 1876 679 gloria,
1922 593 2347 676 tranquillitas
2385 595 2580 659 animi

529 697 721 770 atque
752 685 1138 763 iucunditas,
1174 696 1247 751 ut
1282 696 1347 752 et
1382 708 1532 752 cum
1564 687 1727 753 haec
1763 686 1976 753 adsint
2009 688 2201 753 beata
2234 687 2368 753 vita
2401 689 2484 753 sit
2518 700 2583 754 et

525 779 664 845 sine
697 778 800 845 his
834 802 975 845 esse
1008 800 1140 845 non
1172 781 1392 867 possit.
1464 780 1638 864 quod
1673 802 1821 846 cum
1854 780 2166 867 optimum
2198 781 2581 849 maximum-

527 894 654 957 que
691 872 802 952 sit,
856 875 912 940 si
943 873 1014 939 id
1047 874 1342 939 volumus
1377 873 1674 960 adipisci,
1730 874 1952 939 virtuti
1986 895 2183 961 opera
2216 875 2429 941 danda
2462 888 2577 955 est,

527 968 664 1033 sine
717 989 848 1051 qua
897 990 1018 1034 nec
1071 968 1415 1035 amicitiam
1467 989 1681 1052 neque
1731 970 1932 1033 ullam
1976 991 2113 1034 rem
2157 970 2581 1055 expetendam

528 1063 834 1147 consequi
868 1084 1237 1149 possumus3
1286 1084 1366 1128 ea
1409 1084 1562 1128 vero
1597 1064 1894 1149 neglecta
1928 1062 2041 1147 qui
2076 1084 2145 1128 se
2182 1062 2420 1128 amicos
2465 1063 2583 1129 ha-

528 1158 680 1224 bere
717 1156 1137 1235 arbitrantur,
1191 1166 1330 1221 tum
1367 1179 1436 1223 se
1471 1155 1749 1239 denique
1785 1178 2029 1223 errasse
2072 1156 2383 1235 sentiunt,
2433 1179 2580 1222 cum

528 1274 638 1319 eos
671 1252 887 1338 gravis
923 1251 1154 1335 aliquis
1203 1272 1389 1317 casus
1435 1251 1713 1337 experiri
1748 1250 1939 1337 cogit.
2028 1250 2330 1335 quocirca
2362 1287 2451 1299 —-
2484 1250 2580 1316 di·
2622 1275 2674 1320 85

529 1348 806 1413 cendum
840 1356 939 1412 est
972 1345 1140 1412 enim
1178 1345 1434 1431 saepius
1451 1381 1539 1393 -
1557 1367 1707 1411 cum
1739 1345 2063 1429 iudicaris,
2099 1345 2365 1432 diligere
2392 1368 2581 1433 opor-

527 1453 638 1520 tet,
672 1462 822 1518 non,
858 1461 1006 1506 cum
1035 1438 1352 1518 dilexeris,
1381 1439 1685 1506 iudicare.
1740 1439 1853 1506 sed
1882 1462 2031 1531 cum
2047 1440 2264 1505 multis
2288 1440 2359 1505 in
2384 1440 2577 1507 rebus

527 1535 932 1623 neglegentia
959 1533 1314 1620 plectimur,
1332 1543 1473 1599 tum
1500 1534 1781 1599 maxime
1806 1535 1875 1599 in
1902 1534 2121 1600 amicis
2142 1545 2207 1600 et
2232 1535 2575 1622 diligendis

527 1641 588 1696 et
633 1629 912 1696 colendis
920 1654 941 1706 3
993 1628 1416 1715 praeposteris
1470 1628 1642 1694 enim
1692 1630 1933 1696 utimur
1984 1629 2262 1695 consiliis
2317 1640 2383 1695 et
2434 1641 2579 1695 acta

528 1723 808 1809 agimus,
860 1723 1036 1807 quod
1070 1733 1363 1788 vetamur
1397 1731 1614 1788 vetere
1659 1724 2017 1807 proverbio.
2107 1745 2258 1787 nam
2290 1723 2579 1808 inplicati

527 1818 694 1881 ultro
730 1827 795 1881 et
830 1816 986 1881 citro
1024 1816 1128 1881 vel
1171 1837 1298 1879 usu
1331 1815 1631 1880 diuturno
1669 1816 1773 1881 vel
1817 1816 2010 1881 etiam
2045 1815 2272 1881 officiis
2316 1826 2577 1902 repente

525 1909 595 1976 in
627 1907 839 1974 medio
869 1930 1064 1973 cursu
1096 1907 1406 1973 amicitias
1434 1918 1656 1973 exorta
1684 1908 1899 1992 aliqua
1926 1908 2277 1975 offensione
2305 1909 2579 1975 disrum-

526 2004 758 2090 pimus.
848 2024 976 2087 quo
1031 2002 1223 2068 etiam
1272 2000 1479 2088 magis
1533 2002 1953 2087 vituperanda
2006 2012 2105 2067 est
2153 2003 2250 2068 rei
2299 2002 2576 2071 maxime
2612 2006 2682 2061 23

526 2096 924 2164 necessariae
961 2106 1139 2162 tanta
1174 2095 1447 2173 incuria,
1485 2118 1616 2160 una
1641 2105 1739 2161 est
1772 2095 1945 2161 enim
1972 2095 2249 2161 amicitia
2281 2097 2350 2161 in
2384 2096 2575 2163 rebus
2620 2080 2675 2119 ⁸⁶

525 2190 852 2269 humanis,
907 2190 986 2257 de
1023 2189 1204 2255 cuius
1251 2189 1526 2255 utilitate
1562 2210 1783 2256 omnes
1830 2210 1957 2253 uno
1994 2212 2103 2255 ore
2150 2191 2573 2257 consentiunt.

526 2309 568 2351 a
600 2284 816 2349 multis
860 2284 1062 2349 virtus
1105 2284 1247 2369 ipsa
1291 2283 1717 2349 contemnitur
1759 2294 1824 2348 et
1867 2283 2214 2349 venditatio
2258 2284 2578 2368 quaedam

525 2391 720 2465 atque
763 2378 1100 2446 ostentatio
1145 2400 1285 2444 esse
1337 2377 1570 2442 dicitur
1577 2402 1597 2456 ;
1651 2377 1838 2443 multi
1891 2377 2145 2443 divitias
2200 2378 2577 2465 despiciunt,

526 2496 687 2562 quos
740 2495 940 2560 parvo
984 2482 1314 2539 contentos
1362 2472 1572 2538 tenuis
1629 2472 1836 2539 victus
1890 2473 2227 2556 cultusque
2272 2473 2575 2552 delectat3

525 2569 796 2635 honores
832 2589 1014 2646 vero,
1069 2588 1343 2652 quorum
1387 2566 1735 2653 cupiditate
1772 2566 2035 2650 quidam
2077 2566 2575 2645 inflammantur,

525 2685 720 2749 quam
754 2663 938 2727 multi
971 2663 1062 2727 ita
1096 2672 1540 2738 contemnunt,
1595 2670 1671 2725 ut
1711 2660 1867 2725 nihil
1904 2661 2187 2739 inaniuS,
2232 2661 2391 2725 nihil
2435 2685 2576 2727 esse

526 2758 730 2823 levius
775 2756 1166 2833 existiment3
1219 2756 1500 2839 itemque
1536 2765 1775 2830 cetera,
1830 2775 1996 2837 quae
2041 2754 2427 2840 quibusdam
2462 2756 2576 2821 ad-

525 2848 844 2914 mirabilia
877 2848 1200 2927 videntur,
1246 2849 1546 2933 permulti
1589 2858 1738 2913 sunt
1772 2848 1883 2931 qui
1925 2871 2042 2934 pro
2088 2848 2284 2914 nihilo
2319 2860 2571 2935 putent:

530 2943 610 3009 de
645 2941 925 3007 amicitia
957 2963 1176 3008 omnes
1221 2943 1305 3007 ad
1350 2964 1552 3007 unum
1584 2942 1758 3007 idem
1792 2942 2099 3020 sentiunt,
2136 2954 2201 3009 et
2232 2944 2310 3021 ii,
2344 2944 2457 3028 qui
2492 2944 2577 3009 ad

527 3059 664 3103 rem
698 3034 1024 3121 publicam
1057 3057 1127 3101 se
1164 3035 1587 3114 contuleruut,
1624 3045 1690 3101 et
1721 3036 1789 3113 ii,
1825 3036 1937 3120 qui
1969 3058 2184 3103 rerum
2211 3038 2576 3125 cognitione

525 3131 944 3214 doctrinaque
972 3130 1384 3209 delectantur,
1421 3141 1485 3197 et
1517 3131 1584 3209 ii,
1621 3131 1735 3215 qui
1761 3154 1951 3197 suum
1974 3134 2308 3220 negotium
2339 3144 2575 3220 gerunt

527 3224 733 3302 otiosi,
768 3234 1089 3310 postremo
1123 3224 1199 3302 ii,
1235 3224 1346 3307 qui
1379 3246 1450 3291 se
1485 3235 1653 3290 totos
1688 3225 2085 3292 tradiderunt
2119 3227 2573 3314 voluptatibus,

526 3320 665 3385 sine
693 3318 972 3383 amicitia
1005 3318 1204 3383 vitam
1239 3340 1378 3384 esse
1413 3320 1677 3399 nullam,
1714 3320 1770 3385 si
1802 3321 1995 3385 modo
2022 3321 2219 3385 velint
2252 3320 2467 3404 aliqua
2493 3344 2577 3386 ex

526 3425 709 3502 parte
742 3414 1086 3481 liberaliter
1113 3414 1348 3481 vivere.
1401 3416 1600 3501 serpit
1633 3416 1805 3482 enim
1838 3416 2053 3481 nescio
2080 3437 2207 3500 quo
2232 3415 2425 3481 modo
2459 3438 2575 3502 per
2617 3434 2669 3475 εγ
2761 3480 2777 3493 .

527 3510 812 3576 omnium
848 3508 1010 3574 vitas
1047 3508 1326 3575 amicitia
1358 3531 1478 3576 nec
1521 3511 1721 3576 ullam
1756 3510 1982 3575 aetatis
2018 3509 2349 3595 degendae
2382 3511 2577 3574 ratio-

525 3626 677 3671 nem
710 3603 951 3690 patitur
977 3625 1118 3671 esse
1145 3615 1472 3690 expertem
1499 3604 1598 3669 sui
1607 3628 1628 3683 ;
1676 3606 1832 3689 quin
1860 3604 2054 3671 etiam
2084 3604 2140 3668 si
2166 3604 2311 3688 quis
2338 3604 2579 3689 asperi-

527 3708 658 3765 tate
695 3720 772 3764 ea
797 3706 896 3763 est
919 3707 986 3763 et
1016 3698 1388 3763 inmanitate
1413 3708 1702 3778 naturae,
1732 3720 2112 3783 congressus
2147 3710 2219 3763 ut
2246 3698 2579 3762 hominum

528 3791 736 3877 fugiat
769 3802 962 3877 atque
997 3792 1220 3869 oderit,
1256 3794 1512 3877 qualem
1545 3793 1744 3860 fuisse
1776 3794 2055 3860 Athenis
2090 3794 2430 3859 Timonem
2464 3814 2579 3858 ne-

529 3886 661 3950 scio
688 3906 880 3968 quem
907 3888 1292 3973 accepimus,
1321 3899 1536 3954 tamen
1561 3889 1618 3953 is
1643 3888 1779 3975 pati
1804 3909 1933 3954 non
1957 3888 2178 3975 possit,
2206 3898 2280 3953 ut
2307 3908 2439 3953 non
2464 3910 2579 3953 an-

529 3979 740 4062 quirat
751 3980 1072 4065 ffiqum,
1108 3984 1282 4069 apud
1309 4005 1503 4068 quem
1527 3994 1785 4049 evomat
1808 3983 1983 4049 virus
2012 3982 2376 4051 acerbitatis
2400 4004 2575 4048 suae.

529 4082 724 4157 atque
758 4073 880 4139 hoc
905 4076 1182 4143 maxime
1207 4077 1614 4157 iudicaretur,
1652 4076 1707 4143 si
1740 4077 1897 4163 quid
1930 4078 2058 4145 tale
2092 4086 2307 4166 posset
2332 4075 2581 4145 contin-
