3292 4559
1099 194 1207 257 DE
1239 193 1575 255 LEGIBUS
1610 196 1689 251 Π.
1726 198 1972 253 44-48.
2429 184 2558 249 287

490 317 899 407 peritissimis
955 328 1104 383 sunt
1156 317 1294 383 istis
1348 320 1429 385 de
1479 319 1675 385 rebus
1730 330 1796 385 et
1845 342 2154 405 responsa
2205 330 2270 385 et
2323 320 2560 407 scripta

492 414 732 492 multa,
784 424 849 479 et
900 434 1025 498 ego
1074 412 1143 477 in
1196 411 1321 479 hoc
1372 414 1547 479 omni
1598 436 1894 481 sermone
1945 426 2194 492 nostro,
2248 414 2424 500 quod
2475 414 2560 481 ad

490 529 777 593 cumque
846 506 1008 593 legis
1070 530 1279 593 genus
1340 531 1447 575 me
1507 506 1856 594 disputatio
1913 518 2132 575 nostra
2203 509 2558 587 deduxerit,

494 600 789 667 tractabo
833 601 1049 686 quoad
1090 612 1313 688 potero
1360 601 1499 669 eius
1544 601 1746 689 ipsius
1789 602 2046 689 generis
2087 602 2189 667 ius
2225 602 2409 668 civile
2443 624 2560 669 no-

494 707 705 763 strum
714 744 735 775 ,
782 696 898 763 sed
941 695 1061 774 ita,
1107 697 1287 765 locus
1332 708 1406 763 ut
1448 696 1589 783 ipse
1624 707 1814 763 notus
1850 698 1962 775 sit,
2007 720 2089 763 ex
2124 719 2254 782 quo
2290 698 2561 764 ducatur

496 812 795 875 quaeque
828 812 979 877 pars
1012 790 1187 869 iuris,
1224 803 1297 859 ut
1330 812 1461 857 non
1496 790 1757 858 difficile
1791 791 1894 870 sit,
1929 792 2042 877 qui
2075 792 2266 857 modo
2299 792 2560 878 ingenio

494 885 583 948 sit
617 884 943 961 mediocri,
978 906 1425 970 quaecumque
1458 908 1629 952 nova
1665 908 1862 953 causa
1893 884 2358 953 consultatiove
2393 886 2560 952 acci-

498 978 687 1056 derit,
723 978 860 1045 eius
895 990 1113 1047 tenere
1145 979 1269 1058 ius,
1306 1002 1455 1046 cum
1488 979 1653 1047 scias
1689 1004 1730 1046 a
1764 1001 1894 1064 quo
1921 980 2005 1046 sit
2031 980 2240 1065 capite
2264 990 2557 1067 repeten-

496 1073 679 1137 dum.
766 1072 883 1137 sed
932 1072 1087 1139 iuris
1142 1074 1443 1151 consulti,
1498 1074 1635 1140 sive
1690 1073 1920 1141 erroris
1965 1073 2296 1141 obiciundi
2341 1096 2556 1153 causa,
2594 1057 2664 1170 ¹4?

496 1188 633 1250 quo
668 1166 855 1252 plura
888 1177 955 1233 et
990 1168 1349 1235 difficiliora
1382 1168 1546 1235 scire
1581 1168 1946 1247 videantur,
1980 1168 2138 1246 sive,
2173 1168 2348 1253 quod
2385 1167 2561 1233 simi-

493 1262 625 1328 lius
680 1260 817 1326 veri
866 1272 993 1339 est,
1045 1262 1445 1348 ignoratione
1498 1262 1772 1331 docendi
1822 1298 1914 1311 -·-
1960 1287 2113 1329 nam
2164 1284 2296 1329 non
2351 1262 2562 1329 solum

490 1356 665 1427 scire
700 1355 943 1439 aliquid
976 1357 1131 1423 artis
1166 1367 1282 1434 est,
1319 1356 1435 1423 sed
1468 1358 1788 1443 quaedam
1822 1380 1926 1423 ars
1953 1370 2040 1425 esc
2067 1358 2260 1424 etiam
2289 1355 2562 1423 docendi

494 1486 591 1497 --
622 1471 833 1535 saepe,
868 1450 1045 1536 quod
1076 1451 1361 1537 positum
1392 1462 1491 1517 est
1522 1451 1591 1515 in
1625 1474 1758 1519 una
1793 1451 2176 1537 cognitione,
2211 1451 2282 1516 id
2314 1454 2381 1517 in
2416 1450 2560 1515 infi-

496 1545 703 1609 nitam
762 1544 1245 1631 dispertiuntur:
1316 1547 1494 1612 velut
1542 1546 1613 1611 in
1663 1545 1788 1613 hoc
1837 1546 1979 1633 ipso
2031 1568 2297 1633 genere,
2363 1566 2561 1630 quam

498 1660 809 1724 magnum
868 1639 1027 1705 illud
1090 1639 1442 1707 Scaevolae
1502 1641 1778 1719 faciunt,
1847 1640 2180 1727 pontifices
2243 1640 2434 1705 ambo
2497 1650 2564 1704 et

498 1732 713 1799 eidem
753 1732 911 1798 iuris
952 1734 1347 1820 peritissimi!
1421 1742 1439 1772 ‘
1453 1758 1645 1821 saepe
1658 1735 1674 1763 '
1726 1735 1934 1819 inquit
1967 1733 2189 1800 Publii
2230 1734 2399 1799 filius
2446 1740 2561 1799 ‘ex

498 1839 682 1914 patre
736 1827 955 1893 audivi
1004 1829 1371 1914 pontificem
1424 1830 1668 1896 bonum
1718 1829 2043 1896 neminem
2097 1851 2237 1894 esse
2280 1827 2404 1893 nisi
2448 1828 2561 1911 qui
2639 1841 2647 1849 “

496 1922 601 1987 ius
638 1918 821 1989 civile
858 1924 1238 2009 cognosset.’
1327 1925 1653 1991 totumne?
1706 1924 1864 2007 quid
1897 1924 2026 1988 ita?
2077 1922 2235 2007 quid
2271 1922 2442 1987 enim
2477 1922 2560 1987 ad

497 2015 867 2102 pontificem
912 2016 993 2083 de
1034 2017 1175 2084 iure
1222 2017 1541 2105 parietum
1583 2028 1698 2083 aut
1741 2038 2056 2103 aquarum
2099 2027 2216 2081 aut
2256 2016 2388 2083 ullo
2423 2036 2562 2081 om-

494 2110 654 2177 nino
704 2110 828 2177 nisi
880 2133 957 2177 eo
968 2158 987 2189 ,
1042 2112 1217 2196 quod
1268 2134 1417 2178 cum
1468 2112 1778 2199 religione
1831 2111 2244 2177 coniunctum
2287 2110 2424 2176 est?
2491 2109 2562 2175 id

492 2216 719 2271 autem
768 2207 1147 2290 quantulum
1200 2207 1324 2274 estl
1398 2206 1479 2273 de
1532 2208 1756 2285 sacris,
1819 2206 2042 2285 credo,
2094 2206 2176 2274 de
2227 2206 2424 2283 votis,
2479 2205 2560 2271 de

494 2300 677 2366 feriis
712 2310 776 2365 et
810 2300 890 2367 de
926 2303 1233 2388 sepulcris
1269 2313 1335 2369 et
1368 2302 1424 2369 si
1457 2301 1616 2387 quid
1653 2301 1790 2368 eius
1825 2301 1999 2367 modi
2035 2310 2150 2367 est.
2213 2322 2330 2367 cur
2361 2299 2561 2385 igitur

498 2394 661 2459 haec
703 2404 883 2461 tanta
914 2396 1219 2475 facimus,
1264 2420 1413 2463 cum
1448 2409 1662 2463 cetera
1696 2418 2011 2483 perparva
2047 2394 2202 2473 sint,
2246 2396 2328 2461 de
2363 2394 2560 2461 sacris

496 2500 744 2566 autem,
782 2489 893 2573 qui
926 2490 1104 2557 locus
1140 2503 1319 2578 patet
1353 2490 1573 2571 latius,
1618 2490 1781 2559 haec
1815 2489 1915 2561 sit„
1923 2512 2062 2571 nna
2097 2488 2442 2565 sententia,
2486 2500 2559 2553 ut

498 2595 958 2650 conserventur
1001 2608 1253 2671 semper
1296 2597 1361 2652 et
1408 2586 1711 2671 deinceps
1758 2584 2015 2651 familiis
2049 2583 2428 2670 prodantur,
2475 2593 2558 2659 et,

495 2687 574 2739 ut
616 2676 685 2740 in
718 2678 865 2761 lege
900 2679 1117 2764 posui,
1162 2691 1476 2765 perpetua
1511 2682 1640 2745 sint
1689 2676 1930 2764 [sacra]
1943 2680 1973 2741 Ρ
2047 2676 2364 2763 [exposite
2398 2676 2560 2741 haec
2601 2691 2656 2731 48

498 2770 643 2835 iura
684 2770 1059 2854 pontificum
1106 2772 1481 2838 auctoritate
1527 2781 1870 2837 consecuta
1905 2781 2084 2845 sunt,
2129 2782 2203 2834 ut
2235 2792 2318 2835 ne
2355 2782 2558 2835 morte

498 2862 699 2950 patris
734 2862 1009 2931 familias
1046 2886 1373 2931 sacrorum
1406 2865 1717 2932 memoria
1751 2864 2088 2941 occideret,
2121 2862 2200 2927 iis
2237 2873 2446 2929 essent
2481 2885 2560 2929 ea

498 2956 822 3035 adiuncta,
868 2958 954 3025 ad
990 2980 1151 3044 quos
1188 2958 1475 3025 eiusdem
1509 2970 1715 3025 morte
1750 2957 2024 3045 pecunia
2058 2952 2356 3043 veneria]
2436 2956 2559 3023 hoc

500 3072 633 3118 uno
682 3054 891 3139 posito
904 3101 923 3131 ,
975 3053 1151 3141 quod
1202 3065 1299 3120 est
1352 3054 1436 3121 ad
1483 3053 1914 3139 cognitionem
1966 3051 2336 3137 disciplinae
2381 3052 2556 3131 satis,

498 3148 993 3215 innumerabilia
1034 3159 1414 3227 nascuntur,
1458 3148 1696 3234 quibus
1739 3146 2062 3233 inplentur
2104 3146 2260 3214 iuris
2305 3148 2560 3213 consul-

499 3256 714 3314 torum
772 3242 951 3321 libri3
1013 3244 1340 3329 quaeritur
1390 3245 1561 3311 enim
1574 3293 1593 3322 ,
1646 3243 1762 3328 qui
1811 3242 2290 3330 adstringantur
2339 3243 2555 3308 sacris.

498 3335 813 3402 heredum
863 3359 1059 3405 causa
1096 3338 1461 3428 ‘iustissima
1510 3349 1637 3413 estz
1691 3337 1870 3403 nulla
1911 3348 2010 3403 est
2051 3337 2224 3403 enim
2266 3354 2560 3420 persona,

496 3450 669 3513 quae
714 3428 799 3495 ad
832 3432 1039 3497 vicem
1077 3432 1245 3511 eius,
1288 3434 1403 3518 qui
1438 3457 1475 3501 e
1510 3433 1645 3499 vita
1679 3431 2035 3519 emigrarit,
2080 3430 2344 3518 propius
2381 3451 2563 3496 acce-

498 3523 631 3587 dat.
738 3522 968 3591 deinde
982 3572 1001 3603 ,
1056 3526 1169 3610 qui
1220 3538 1425 3594 morte
1478 3538 1940 3593 testamentove
1994 3526 2132 3591 eius
2185 3523 2562 3590 tantundem

499 3615 715 3702 capiat
755 3630 1067 3702 quantum
1110 3642 1331 3688 omnes
1375 3622 1674 3689 heredes:
1727 3620 1796 3687 id
1849 3642 2106 3705 quoque
2157 3619 2380 3685 ordine
2391 3642 2412 3697 ;
2467 3629 2564 3685 est

500 3711 675 3777 enim
718 3712 801 3777 ad
844 3713 943 3790 id,
996 3715 1171 3799 quod
1213 3717 1495 3803 positum
1538 3727 1665 3795 est,
1712 3715 2288 3782 adcommodatum.
2376 3712 2560 3779 tertio

495 3806 671 3882 loco,
707 3807 764 3872 si
797 3831 985 3875 nemo
1026 3810 1109 3875 sit
1143 3810 1359 3889 heres,
1392 3812 1479 3890 is,
1524 3810 1639 3895 qui
1674 3809 1754 3879 de
1789 3810 2003 3887 bonis,
2049 3831 2214 3894 quae
2251 3806 2388 3873 eius
2422 3806 2565 3873 fue-

500 3900 658 3978 rint,
720 3923 868 3967 cum
928 3905 1225 3983 moritur,
1292 3928 1417 3971 usu
1468 3906 1708 3992 ceperit
1759 3904 2105 3992 plurimum
2157 3900 2560 3988 possidendo.

498 4006 751 4083 quarto,
786 3998 919 4082 qui,
956 3999 1011 4064 si
1046 4022 1235 4067 nemo
1271 4000 1355 4065 sit
1388 3999 1499 4084 qui
1535 3998 1734 4065 ullam
1767 4020 1906 4065 rem
1941 3998 2208 4085 ceperit,
2245 3995 2327 4061 de
2363 3994 2566 4062 credi-
