3292 4559
668 1752 707 1865 οῦδ

761 224 893 293 272
1374 232 1450 286 M.
1490 230 1764 287 TULLII
1799 226 2203 287 CICERONIS

760 342 1059 429 omnibus
1112 355 1545 442 municipibus
1600 340 1762 418 duas
1813 376 1957 419 esse
2010 374 2240 419 censeo
2292 351 2561 439 patriae,
2593 368 2816 420 'unam

759 464 1047 527 naturae,
1104 452 1367 515 alteram
1412 448 1720 514 civitatis:
1775 458 1850 511 ut
1891 448 2000 512 ille
2047 445 2245 523 Cato,
2293 468 2438 511 cum
2481 458 2653 513 esset
2685 446 2817 515 Tu-

760 546 921 613 sculi
962 555 1183 622 natus,
1228 544 1298 608 in
1339 542 1564 630 populi
1608 542 1889 607 Romani
1939 541 2268 607 civitatem
2320 553 2659 627 susceptus
2703 556 2814 621 est,

757 640 869 717 ita,
907 660 1055 705 cum
1084 648 1227 704 ortu
1254 636 1664 703 Tusculanus
1697 646 1885 711 esset,
1923 635 2180 702 civitate
2206 634 2560 715 Romanus,
2597 635 2818 701 habuit

760 734 1023 799 alteram
1058 732 1185 797 loci
1218 732 1512 817 patriam,
1546 731 1816 796 alteram
1841 730 2028 809 iuris3
2063 741 2136 795 ut
2159 730 2358 795 vestri
2383 730 2612 809 Attici,
2643 730 2818 817 prius

748 848 954 921 fluam
988 826 1281 892 Theseus
1326 847 1435 891 eos
1480 824 1844 910 demigrare
1889 846 1970 889 ex
2015 824 2190 910 agris
2221 834 2288 891 et
2321 824 2394 889 in
2427 832 2603 901 astu,
2645 826 2818 909 quod

633 966 640 971 -
760 922 1140 1009 appellatur,
1177 919 1383 984 omnis
1420 941 1491 985 se
1524 918 1815 984 conferre
1846 918 2060 995 iussit,
2097 928 2164 983 et
2199 918 2300 983 sui
2333 928 2516 984 erant
2546 918 2724 985 idem
2757 932 2818 985 et

758 1015 995 1091 Attici,
1048 1015 1141 1080 sic
1190 1035 1309 1079 nos
1363 1024 1428 1079 et
1480 1034 1624 1077 eam
1676 1010 1951 1098 patriam
2003 1012 2328 1089 ducimus,
2379 1012 2498 1077 ubi
2545 1014 2685 1078 nati
2692 1060 2713 1091 ,
2767 1028 2819 1079 et

756 1110 953 1183 illam,
992 1132 1032 1171 a
1068 1131 1189 1193 qua
1227 1110 1455 1193 excepti
1489 1128 1732 1171 sumus.
1805 1106 1920 1171 sed
1954 1126 2216 1171 necesse
2253 1116 2352 1171 est
2383 1104 2652 1174 caritate
2677 1127 2818 1172 eam

757 1212 1113 1289 praestare,
1179 1222 1311 1285 qua
1362 1201 1456 1265 rei
1508 1199 1810 1286 publicae
1861 1220 2098 1265 nomen
2149 1200 2487 1265 universae
2541 1200 2817 1267 civitatis

758 1308 875 1375 est,
910 1318 1027 1383 pro
1060 1318 1191 1381 qua
1223 1295 1388 1361 mori
1422 1306 1487 1360 et
1522 1294 1627 1359 cui
1652 1316 1772 1359 nos
1803 1306 1970 1360 totos
1997 1290 2230 1361 dedere
2256 1307 2322 1361 et
2345 1295 2415 1361 in
2443 1316 2576 1379 qua
2603 1308 2818 1362 nostra

756 1390 973 1455 omnia
1044 1411 1281 1476 ponere
1350 1400 1417 1455 et
1488 1389 1675 1474 quasi
1739 1402 2111 1455 consecrare
2173 1389 2505 1455 debemus.
2617 1390 2816 1465 dulcis

754 1494 975 1567 autem
1016 1505 1148 1549 non
1190 1484 1395 1549 multo
1440 1504 1626 1549 secus
1661 1494 1762 1549 est
1795 1507 1904 1561 ea,
1947 1504 2116 1567 quae
2150 1484 2402 1570 genuit,
2448 1506 2653 1568 quam
2693 1485 2816 1563 illa,

754 1600 925 1664 quae
964 1580 1233 1665 excepit.
1295 1578 1515 1663 itaque
1550 1599 1674 1665 ego
1711 1578 1880 1643 hanc
1913 1602 2126 1645 meam
2157 1600 2300 1644 esse
2334 1579 2615 1665 patriam
2641 1602 2816 1666 pror-

755 1696 867 1739 sus
912 1695 1268 1758 numquam
1310 1673 1594 1759 negabo,
1651 1672 1805 1737 dum
1859 1673 1942 1737 sit
1983 1673 2096 1737 illa
2135 1673 2367 1750 maior,
2422 1673 2590 1739 haec
2633 1675 2704 1738 in
2743 1698 2816 1741 ea

758 1767 1177 1835 contineatur.
1237 1770 1397 1844 ‚Ata
1461 1766 1666 1833 Recte
1717 1765 1916 1853 igitur
1958 1766 2246 1853 Magnus
2303 1766 2412 1832 ille
2453 1777 2678 1834 noster
2718 1792 2816 1834 me

754 1863 1055 1929 audiente
1101 1862 1317 1949 posuit
1347 1863 1418 1927 in
1450 1862 1716 1939 iudici0,
1765 1882 1915 1926 cum
1948 1884 2066 1947 pro
2100 1862 2342 1947 Ampio
2375 1872 2596 1927 tecum
2631 1863 2817 1928 simul

756 1958 1023 2036 diceret,
1075 1981 1213 2025 rem
1263 1957 1591 2043 publicam
1642 1966 1928 2021 nostram
1985 1956 2366 2021 iustissimas
2409 1956 2562 2022 huic
2608 1959 2841 2022 muni-x

756 2051 933 2139 cipio*
960 2053 1203 2140 gratias
1240 2075 1432 2149 agere
1465 2073 1688 2139 posse,
1735 2051 1910 2135 quod
1945 2074 2026 2116 ex
2061 2072 2138 2115 eo
2177 2051 2307 2119 duo
2343 2052 2444 2119 sui
2479 2074 2816 2122 conserva-

750 2157 924 2213 tores
977 2147 1397 2225 exstitissent,
1450 2158 1524 2211 ut
1574 2148 1703 2212 iam
1757 2144 1980 2213 videar
2017 2146 2264 2239 *adduci
2315 2149 2483 2215 hanc
2535 2172 2812 2236 quoque,

755 2264 921 2325 quae
962 2254 1029 2308 te
1073 2243 1450 2328 procrearit,
1496 2264 1636 2308 esse
1680 2242 1954 2329 patriam
1999 2253 2196 2308 tuam.
2285 2244 2400 2309 sed
2445 2256 2714 2310 ventum
2747 2248 2812 2310 in

752 2335 1029 2400 insulam
1083 2346 1179 2401 est
1187 2361 1206 2413 3
1262 2336 1384 2401 hac
1439 2358 1592 2401 vero
1644 2336 1804 2401 nihil
1858 2348 1955 2402 est
1999 2337 2358 2403 amoenius:
2413 2340 2650 2405 etenim
2694 2340 2813 2405 hoc

752 2428 937 2511 quasi
990 2440 1193 2493 rostro
1246 2429 1511 2493 finditur
1552 2429 1874 2495 Fibrenus
1927 2441 1994 2496 et
2043 2430 2288 2497 divisus
2343 2434 2700 2518 aequaliter
2748 2435 2811 2497 in

748 2520 915 2585 duas
958 2522 1157 2607 partis
1202 2524 1405 2587 latera
1447 2521 1607 2589 haec
1642 2524 1847 2589 adluit
1880 2524 2229 2611 rapideque
2263 2526 2548 2612 dilapsus
2585 2528 2714 2594 cito
2745 2529 2812 2592 in

750 2636 954 2680 unum
999 2615 1262 2681 confluit
1304 2627 1369 2681 et
1410 2626 1662 2681 tantum
1708 2619 2129 2704 conplectitur
2161 2620 2335 2705 quod
2371 2620 2524 2686 satis
2561 2620 2646 2685 sit
2677 2643 2811 2686 mo-

751 2708 935 2777 dicae
968 2712 1327 2798 palaestrae
1361 2710 1509 2778 loci.
1598 2734 1730 2797 quo
1765 2712 2016 2792 effecto,
2051 2725 2379 2797 tamquam
2413 2714 2482 2779 id
2515 2714 2811 2783 habuerit

748 2806 965 2891 'operis
1002 2828 1077 2873 ac
1110 2805 1425 2885 muneris,
1460 2817 1532 2872 ut
1568 2806 1735 2873 hanc
1767 2808 1956 2872 nobis
1991 2808 2274 2875 efficeret
2307 2809 2528 2875 sedem
2563 2810 2651 2875 ad
2685 2811 2810 2875 dis-

748 2901 1111 2985 putandum
1124 2949 1143 2979 ,
1191 2902 1404 2967 statim
1448 2901 1831 2988 praecipitat
1871 2902 1939 2967 in
1973 2902 2197 2968 Lirem
2227 2914 2326 2981 et,
2371 2905 2558 2988 quasi
2601 2904 2674 2970 in
2713 2905 2812 2969 fa-

746 2994 993 3059 miliam
1044 2996 1378 3081 patriciam
1428 2996 1706 3073 venerit,
1761 2997 1992 3061 amittit
2033 3018 2270 3063 nomen
2313 2999 2650 3065 obscurius
2695 3000 2814 3065 Li-

746 3090 1014 3172 remque
1076 3093 1277 3155 multo
1338 3091 1712 3178 gelidiorem
1773 3093 1926 3157 facit
1937 3118 1959 3171 3
2026 3114 2147 3159 nec
2207 3092 2380 3159 enim
2429 3094 2636 3158 ullum
2687 3095 2812 3160 hoc

750 3179 1046 3267 frigidius
1080 3183 1321 3251 flumen
1357 3185 1569 3272 attigi,
1608 3208 1756 3251 cum
1793 3186 1893 3251 ad⁴
1912 3186 2116 3252 multa
2149 3184 2555 3265 accesserim,
2589 3200 2668 3254 ut
2699 3189 2812 3254 vix

746 3276 915 3363 pede
952 3288 1261 3364 temptare
1296 3280 1364 3344 id
1396 3281 1658 3367 possim,
1695 3281 1884 3365 quod·
1903 3282 1970 3345 in
1997 3278 2296 3347 Phaedro
2323 3279 2615 3347 Platonis
2653 3282 2814 3348 facit

751 3369 1070 3439 Socrates.
1157 3374 1250 3439 M.
1304 3372 1429 3439 Est
1473 3396 1627 3440 vero
1661 3374 1780 3453 ita,
1828 3372 1943 3441 sed
1977 3385 2192 3441 tamen
2215 3375 2379 3441 ‘huic
2413 3376 2810 3452 amoenitati,

749 3486 941 3551 quem
994 3490 1075 3533 ex
1121 3466 1367 3549 Quinto
1421 3490 1613 3554 saepe
1668 3468 1890 3545 audio,
1941 3468 2254 3554 Thyamis
2297 3468 2600 3556 Epirotes
2656 3482 2812 3536 tuus

744 3560 854 3626 ille
904 3560 1093 3638 nihil,
1149 3561 1403 3647 opinor,
1460 3562 1864 3629 concesserit.
1909 3600 1914 3605 -
1981 3562 2054 3643 Q.
2133 3562 2258 3627 Est
2307 3564 2426 3641 ita,
2491 3575 2566 3629 ut
2617 3565 2809 3641 dieis3

748 3676 906 3721 eave
950 3656 1121 3721 enim
1162 3667 1350 3741 putes
1383 3654 1587 3721 Attici
1630 3657 1832 3722 nostri
1865 3656 2200 3743 Amalthio
2246 3657 2650 3744 platanisque
2683 3660 2812 3725 illis

748 3750 1096 3834 quicquam
1130 3772 1271 3816 esse
1304 3750 1712 3837 praeclarius.
1803 3751 1943 3829 sed,
1981 3751 2036 3817 si
2069 3752 2352 3829 videtur,
2397 3753 2813 3819 considamus

744 3840 851 3907 hic
901 3842 969 3908 in
1021 3844 1252 3909 umbra
1302 3855 1494 3929 atque
1546 3844 1630 3909 ad
1676 3867 1818 3911 eam
1861 3855 2108 3931 partem
2156 3846 2495 3925 sermonis,
2549 3870 2632 3913 ex
2680 3870 2816 3933 qua

748 3938 990 4021 egressi
1075 3962 1298 4005 sumus
1318 3987 1336 4017 ,
1424 3948 1838 4006 revertamur.
1953 3942 2046 4005 M.
2153 3940 2496 4007 Praeclare
2577 3942 2811 4027 exigis,

743 4026 1020 4111 Quinte,
1052 4068 1143 4079 —
1174 4044 1241 4097 at
1286 4056 1407 4119 ego
1452 4034 1758 4119 effugisse
1803 4035 2159 4101 arbitrabar
2191 4070 2279 4083 -—
2313 4046 2378 4102 et
2419 4035 2538 4100 tibi
2571 4035 2810 4102 horum
