<?xml version="1.0" encoding="UTF-8"?>
<!DOCTYPE html PUBLIC "-//W3C//DTD XHTML 1.0 Transitional//EN"
    "http://www.w3.org/TR/xhtml1/DTD/xhtml1-transitional.dtd">
<html xmlns="http://www.w3.org/1999/xhtml" xml:lang="en" lang="en">
 <head>
  <title>
</title>
<meta http-equiv="Content-Type" content="text/html;charset=utf-8" />
  <meta name='ocr-system' content='tesseract 3.04.00' />
  <meta name='ocr-capabilities' content='ocr_page ocr_carea ocr_par ocr_line ocrx_word'/>
</head>
<body>
  <div class='ocr_page' id='page_1' title='image "./mtulliiciceroni03unkngoog_0578.png"; bbox 0 0 3292 4559; ppageno 0'>
   <div class='ocr_carea' id='block_1_1' title="bbox 729 798 800 853">
    <p class='ocr_par' dir='ltr' id='par_1_1' title="bbox 729 798 800 853">
     <span class='ocr_line' id='line_1_1' title="bbox 729 798 800 853; baseline 0 0"><span class='ocrx_word' id='word_1_1' title='bbox 729 798 800 853; x_wconf 81' lang='lat'>35</span> 
     </span>
    </p>
   </div>
   <div class='ocr_carea' id='block_1_2' title="bbox 736 870 789 911">
    <p class='ocr_par' dir='ltr' id='par_1_2' title="bbox 736 870 789 911">
     <span class='ocr_line' id='line_1_2' title="bbox 736 870 789 911; baseline -0.038 0"><span class='ocrx_word' id='word_1_2' title='bbox 736 870 789 911; x_wconf 73' lang='lat'>4⁷</span> 
     </span>
    </p>
   </div>
   <div class='ocr_carea' id='block_1_3' title="bbox 836 218 2266 287">
    <p class='ocr_par' dir='ltr' id='par_1_3' title="bbox 836 218 2266 287">
     <span class='ocr_line' id='line_1_3' title="bbox 836 218 2266 287; baseline 0.001 -3"><span class='ocrx_word' id='word_1_3' title='bbox 836 218 967 284; x_wconf 80' lang='grc'>220</span> <span class='ocrx_word' id='word_1_4' title='bbox 1308 274 1314 283; x_wconf 87' lang='grc'><strong>.</strong></span> <span class='ocrx_word' id='word_1_5' title='bbox 1446 228 1523 282; x_wconf 86' lang='grc' dir='ltr'>Μ.</span> <span class='ocrx_word' id='word_1_6' title='bbox 1560 225 1834 285; x_wconf 80' lang='lat' dir='ltr'>TULLII</span> <span class='ocrx_word' id='word_1_7' title='bbox 1867 226 2266 287; x_wconf 85' lang='lat' dir='ltr'>CICERONIS</span> 
     </span>
    </p>
   </div>
   <div class='ocr_carea' id='block_1_4' title="bbox 827 350 2836 1474">
    <p class='ocr_par' dir='ltr' id='par_1_4' title="bbox 827 350 2834 797">
     <span class='ocr_line' id='line_1_4' title="bbox 834 350 2828 437; baseline -0.002 -18"><span class='ocrx_word' id='word_1_8' title='bbox 834 353 1008 419; x_wconf 87' lang='lat' dir='ltr'>cadit</span> <span class='ocrx_word' id='word_1_9' title='bbox 1037 354 1277 419; x_wconf 85' lang='lat' dir='ltr'>domini</span> <span class='ocrx_word' id='word_1_10' title='bbox 1312 352 1688 428; x_wconf 71' lang='lat' dir='ltr'><strong>similitude,</strong></span> <span class='ocrx_word' id='word_1_11' title='bbox 1725 350 1900 437; x_wconf 87' lang='lat' dir='ltr'>quod</span> <span class='ocrx_word' id='word_1_12' title='bbox 1933 362 2032 419; x_wconf 87' lang='lat' dir='ltr'>cst</span> <span class='ocrx_word' id='word_1_13' title='bbox 2065 360 2261 429; x_wconf 84' lang='lat' dir='ltr'>unu&#39;s,</span> <span class='ocrx_word' id='word_1_14' title='bbox 2303 351 2509 437; x_wconf 76' lang='lat' dir='ltr'>plures</span> <span class='ocrx_word' id='word_1_15' title='bbox 2544 373 2685 417; x_wconf 88' lang='lat' dir='ltr'>vero</span> <span class='ocrx_word' id='word_1_16' title='bbox 2713 352 2828 417; x_wconf 86' lang='lat' dir='ltr'>boni</span> 
     </span>
     <span class='ocr_line' id='line_1_5' title="bbox 832 445 2829 534; baseline -0.002 -21"><span class='ocrx_word' id='word_1_17' title='bbox 832 449 899 513; x_wconf 89' lang='lat' dir='ltr'>in</span> <span class='ocrx_word' id='word_1_18' title='bbox 934 468 1064 531; x_wconf 84' lang='lat' dir='ltr'>qua</span> <span class='ocrx_word' id='word_1_19' title='bbox 1095 470 1168 513; x_wconf 89' lang='lat' dir='ltr'>re</span> <span class='ocrx_word' id='word_1_20' title='bbox 1203 447 1465 534; x_wconf 87' lang='lat' dir='ltr'>publica</span> <span class='ocrx_word' id='word_1_21' title='bbox 1498 469 1714 512; x_wconf 85' lang='lat' dir='ltr'>rerum</span> <span class='ocrx_word' id='word_1_22' title='bbox 1748 445 2098 531; x_wconf 85' lang='lat' dir='ltr'>potientur,</span> <span class='ocrx_word' id='word_1_23' title='bbox 2140 445 2296 510; x_wconf 82' lang='lat' dir='ltr'><strong>nihil</strong></span> <span class='ocrx_word' id='word_1_24' title='bbox 2337 446 2568 531; x_wconf 82' lang='lat' dir='ltr'>poterit</span> <span class='ocrx_word' id='word_1_25' title='bbox 2599 468 2722 511; x_wconf 84' lang='lat' dir='ltr'>esse</span> <span class='ocrx_word' id='word_1_26' title='bbox 2749 446 2829 509; x_wconf 79' lang='lat' dir='ltr'>illa</span> 
     </span>
     <span class='ocr_line' id='line_1_6' title="bbox 832 540 2831 627; baseline -0.001 -22"><span class='ocrx_word' id='word_1_27' title='bbox 832 541 1101 607; x_wconf 74' lang='lat' dir='ltr'>beatiuS.</span> <span class='ocrx_word' id='word_1_28' title='bbox 1190 543 1305 607; x_wconf 85' lang='lat' dir='ltr'>sed</span> <span class='ocrx_word' id='word_1_29' title='bbox 1364 553 1579 607; x_wconf 85' lang='lat' dir='ltr'>tamen</span> <span class='ocrx_word' id='word_1_30' title='bbox 1639 541 1744 605; x_wconf 85' lang='lat' dir='ltr'>vel</span> <span class='ocrx_word' id='word_1_31' title='bbox 1806 562 2079 627; x_wconf 80' lang='lat' dir='ltr'>regnum</span> <span class='ocrx_word' id='word_1_32' title='bbox 2139 540 2306 605; x_wconf 88' lang='lat' dir='ltr'>malo</span> <span class='ocrx_word' id='word_1_33' title='bbox 2365 562 2562 625; x_wconf 84' lang='lat' dir='ltr'>quam</span> <span class='ocrx_word' id='word_1_34' title='bbox 2606 540 2831 605; x_wconf 81' lang='lat' dir='ltr'>liberum</span> 
     </span>
     <span class='ocr_line' id='line_1_7' title="bbox 827 633 2834 722; baseline -0.001 -21"><span class='ocrx_word' id='word_1_35' title='bbox 827 636 1172 722; x_wconf 83' lang='lat' dir='ltr'>populum3</span> <span class='ocrx_word' id='word_1_36' title='bbox 1209 636 1277 702; x_wconf 87' lang='lat' dir='ltr'>id</span> <span class='ocrx_word' id='word_1_37' title='bbox 1312 637 1482 703; x_wconf 86' lang='lat' dir='ltr'>enim</span> <span class='ocrx_word' id='word_1_38' title='bbox 1516 636 1635 702; x_wconf 86' lang='lat' dir='ltr'>tibi</span> <span class='ocrx_word' id='word_1_39' title='bbox 1669 646 1866 701; x_wconf 84' lang='lat' dir='ltr'>restat</span> <span class='ocrx_word' id='word_1_40' title='bbox 1897 658 2104 721; x_wconf 85' lang='lat' dir='ltr'>genus</span> <span class='ocrx_word' id='word_1_41' title='bbox 2140 633 2602 702; x_wconf 74' lang='lat' dir='ltr'>vitiosissumae</span> <span class='ocrx_word' id='word_1_42' title='bbox 2632 634 2716 701; x_wconf 87' lang='lat' dir='ltr'>rei</span> <span class='ocrx_word' id='word_1_43' title='bbox 2744 658 2834 719; x_wconf 90' lang='lat' dir='ltr'>pu-</span> 
     </span>
     <span class='ocr_line' id='line_1_8' title="bbox 832 730 1374 797; baseline 0.002 -3"><span class='ocrx_word' id='word_1_44' title='bbox 832 730 1039 796; x_wconf 86' lang='lat' dir='ltr'>blicae</span> <span class='ocrx_word' id='word_1_45' title='bbox 1072 731 1374 797; x_wconf 61' lang='lat' dir='ltr'>tertium?</span> 
     </span>
    </p>

    <p class='ocr_par' dir='ltr' id='par_1_5' title="bbox 828 822 2836 1474">
     <span class='ocr_line' id='line_1_9' title="bbox 962 822 2832 911; baseline -0.002 -22"><span class='ocrx_word' id='word_1_46' title='bbox 962 825 1094 891; x_wconf 73' lang='lat' dir='ltr'>Hie</span> <span class='ocrx_word' id='word_1_47' title='bbox 1140 823 1361 911; x_wconf 78' lang='lat' dir='ltr'>Scipio</span> <span class='ocrx_word' id='word_1_48' title='bbox 1415 822 1800 911; x_wconf 76' lang='lat' dir='ltr'>‘adgnosco’</span> <span class='ocrx_word' id='word_1_49' title='bbox 1852 824 2060 907; x_wconf 87' lang='lat' dir='ltr'>inquit</span> <span class='ocrx_word' id='word_1_50' title='bbox 2115 828 2325 890; x_wconf 88' lang='lat' dir='ltr'>‘tuum</span> <span class='ocrx_word' id='word_1_51' title='bbox 2375 845 2618 889; x_wconf 88' lang='lat' dir='ltr'>morem</span> <span class='ocrx_word' id='word_1_52' title='bbox 2663 823 2832 897; x_wconf 84' lang='lat' dir='ltr'>istum,</span> 
     </span>
     <span class='ocr_line' id='line_1_10' title="bbox 831 916 2834 1006; baseline -0.002 -23"><span class='ocrx_word' id='word_1_53' title='bbox 831 942 896 1005; x_wconf 89' lang='lat' dir='ltr'>p.</span> <span class='ocrx_word' id='word_1_54' title='bbox 934 916 1111 1005; x_wconf 84' lang='lat'>298.]</span> <span class='ocrx_word' id='word_1_55' title='bbox 1170 918 1396 1006; x_wconf 85' lang='lat' dir='ltr'>Spuri,</span> <span class='ocrx_word' id='word_1_56' title='bbox 1452 918 1766 996; x_wconf 75' lang='lat' dir='ltr'>aver-{sum</span> <span class='ocrx_word' id='word_1_57' title='bbox 1808 940 1848 982; x_wconf 83' lang='lat' dir='ltr'>a</span> <span class='ocrx_word' id='word_1_58' title='bbox 1887 916 2132 985; x_wconf 81' lang='lat' dir='ltr'>ratione</span> <span class='ocrx_word' id='word_1_59' title='bbox 2174 917 2416 1005; x_wconf 90' lang='lat' dir='ltr'>populi.</span> <span class='ocrx_word' id='word_1_60' title='bbox 2507 916 2618 981; x_wconf 85' lang='lat' dir='ltr'>sed</span> <span class='ocrx_word' id='word_1_61' title='bbox 2658 936 2834 1000; x_wconf 83' lang='lat' dir='ltr'>quam·</span> 
     </span>
     <span class='ocr_line' id='line_1_11' title="bbox 829 1011 2834 1099; baseline -0.002 -22"><span class='ocrx_word' id='word_1_62' title='bbox 829 1034 1029 1097; x_wconf 88' lang='lat' dir='ltr'>quam</span> <span class='ocrx_word' id='word_1_63' title='bbox 1070 1024 1281 1099; x_wconf 85' lang='lat' dir='ltr'>potest</span> <span class='ocrx_word' id='word_1_64' title='bbox 1324 1014 1392 1078; x_wconf 86' lang='lat' dir='ltr'>id</span> <span class='ocrx_word' id='word_1_65' title='bbox 1426 1013 1632 1078; x_wconf 84' lang='lat' dir='ltr'>lenius</span> <span class='ocrx_word' id='word_1_66' title='bbox 1668 1011 1848 1089; x_wconf 87' lang='lat' dir='ltr'>ferri,</span> <span class='ocrx_word' id='word_1_67' title='bbox 1893 1032 2087 1095; x_wconf 86' lang='lat' dir='ltr'>quam</span> <span class='ocrx_word' id='word_1_68' title='bbox 2121 1024 2193 1077; x_wconf 84' lang='lat' dir='ltr'>tu</span> <span class='ocrx_word' id='word_1_69' title='bbox 2229 1012 2396 1077; x_wconf 87' lang='lat' dir='ltr'>soles</span> <span class='ocrx_word' id='word_1_70' title='bbox 2431 1012 2626 1087; x_wconf 87' lang='lat' dir='ltr'>ferre,</span> <span class='ocrx_word' id='word_1_71' title='bbox 2665 1022 2834 1075; x_wconf 84' lang='lat' dir='ltr'>tamen</span> 
     </span>
     <span class='ocr_line' id='line_1_12' title="bbox 829 1100 2834 1191; baseline -0.002 -20"><span class='ocrx_word' id='word_1_72' title='bbox 829 1106 1152 1173; x_wconf 78' lang='lat' dir='ltr'>adsentior</span> <span class='ocrx_word' id='word_1_73' title='bbox 1198 1108 1448 1172; x_wconf 89' lang='lat' dir='ltr'>nullum</span> <span class='ocrx_word' id='word_1_74' title='bbox 1495 1129 1635 1172; x_wconf 85' lang='lat' dir='ltr'>esse</span> <span class='ocrx_word' id='word_1_75' title='bbox 1683 1106 1763 1171; x_wconf 89' lang='lat' dir='ltr'>dc</span> <span class='ocrx_word' id='word_1_76' title='bbox 1808 1105 2009 1170; x_wconf 86' lang='lat' dir='ltr'>tribus</span> <span class='ocrx_word' id='word_1_77' title='bbox 2044 1105 2144 1171; x_wconf 85' lang='lat' dir='ltr'>his</span> <span class='ocrx_word' id='word_1_78' title='bbox 2177 1100 2554 1191; x_wconf 85' lang='lat' dir='ltr'>generibus,</span> <span class='ocrx_word' id='word_1_79' title='bbox 2597 1103 2750 1189; x_wconf 83' lang='lat' dir='ltr'>quod</span> <span class='ocrx_word' id='word_1_80' title='bbox 2775 1101 2834 1167; x_wconf 80' lang='lat' dir='ltr'>sit</span> 
     </span>
     <span class='ocr_line' id='line_1_13' title="bbox 829 1200 2833 1286; baseline -0.002 -20"><span class='ocrx_word' id='word_1_81' title='bbox 829 1200 1233 1286; x_wconf 83' lang='lat' dir='ltr'>probandum</span> <span class='ocrx_word' id='word_1_82' title='bbox 1266 1202 1499 1266; x_wconf 85' lang='lat' dir='ltr'>minus.</span> <span class='ocrx_word' id='word_1_83' title='bbox 1569 1200 1730 1265; x_wconf 84' lang='lat' dir='ltr'>illud</span> <span class='ocrx_word' id='word_1_84' title='bbox 1763 1210 1974 1265; x_wconf 87' lang='lat' dir='ltr'>tamen</span> <span class='ocrx_word' id='word_1_85' title='bbox 2010 1220 2141 1263; x_wconf 89' lang='lat' dir='ltr'>non</span> <span class='ocrx_word' id='word_1_86' title='bbox 2175 1200 2500 1265; x_wconf 88' lang='lat' dir='ltr'>adsentior</span> <span class='ocrx_word' id='word_1_87' title='bbox 2533 1200 2662 1277; x_wconf 87' lang='lat' dir='ltr'>tibi,</span> <span class='ocrx_word' id='word_1_88' title='bbox 2691 1214 2833 1284; x_wconf 75' lang='lat' dir='ltr'>prae-</span> 
     </span>
     <span class='ocr_line' id='line_1_14' title="bbox 830 1292 2834 1381; baseline -0.002 -24"><span class='ocrx_word' id='word_1_89' title='bbox 830 1304 999 1359; x_wconf 86' lang='lat' dir='ltr'>stare</span> <span class='ocrx_word' id='word_1_90' title='bbox 1031 1294 1171 1381; x_wconf 85' lang='lat' dir='ltr'>regi</span> <span class='ocrx_word' id='word_1_91' title='bbox 1204 1294 1554 1380; x_wconf 80' lang='lat' dir='ltr'>optimatis:</span> <span class='ocrx_word' id='word_1_92' title='bbox 1592 1294 1650 1359; x_wconf 90' lang='lat' dir='ltr'>si</span> <span class='ocrx_word' id='word_1_93' title='bbox 1683 1294 1856 1359; x_wconf 88' lang='lat' dir='ltr'>enim</span> <span class='ocrx_word' id='word_1_94' title='bbox 1889 1294 2202 1379; x_wconf 81' lang='lat' dir='ltr'>sapientia</span> <span class='ocrx_word' id='word_1_95' title='bbox 2225 1305 2345 1372; x_wconf 80' lang='lat' dir='ltr'>est,</span> <span class='ocrx_word' id='word_1_96' title='bbox 2381 1316 2552 1379; x_wconf 80' lang='lat' dir='ltr'>quae</span> <span class='ocrx_word' id='word_1_97' title='bbox 2575 1292 2834 1381; x_wconf 78' lang='lat' dir='ltr'>gubernet</span> 
     </span>
     <span class='ocr_line' id='line_1_15' title="bbox 828 1385 2836 1474; baseline -0.002 -22"><span class='ocrx_word' id='word_1_98' title='bbox 828 1410 967 1453; x_wconf 90' lang='lat' dir='ltr'>rem</span> <span class='ocrx_word' id='word_1_99' title='bbox 1008 1388 1335 1474; x_wconf 74' lang='lat' dir='ltr'>publicam</span> <span class='ocrx_word' id='word_1_100' title='bbox 1348 1436 1367 1467; x_wconf 94' lang='lat'>,</span> <span class='ocrx_word' id='word_1_101' title='bbox 1422 1388 1581 1473; x_wconf 87' lang='lat' dir='ltr'>quid</span> <span class='ocrx_word' id='word_1_102' title='bbox 1625 1386 1886 1453; x_wconf 87' lang='lat' dir='ltr'>tandem</span> <span class='ocrx_word' id='word_1_103' title='bbox 1929 1388 2193 1453; x_wconf 87' lang='lat' dir='ltr'>interest</span> <span class='ocrx_word' id='word_1_104' title='bbox 2231 1388 2397 1453; x_wconf 85' lang='lat' dir='ltr'>haec</span> <span class='ocrx_word' id='word_1_105' title='bbox 2441 1389 2510 1453; x_wconf 88' lang='lat' dir='ltr'>in</span> <span class='ocrx_word' id='word_1_106' title='bbox 2551 1403 2740 1453; x_wconf 80' lang='lat' dir='ltr'>unone</span> <span class='ocrx_word' id='word_1_107' title='bbox 2775 1385 2836 1449; x_wconf 83' lang='lat' dir='ltr'>sit</span> 
     </span>
    </p>
   </div>
   <div class='ocr_carea' id='block_1_5' title="bbox 712 1481 2837 1568">
    <p class='ocr_par' dir='ltr' id='par_1_6' title="bbox 712 1481 2837 1568">
     <span class='ocr_line' id='line_1_16' title="bbox 712 1481 2837 1568; baseline -0.005 -15"><span class='ocrx_word' id='word_1_108' title='bbox 712 1548 717 1553; x_wconf 89' lang='lat'>.</span> <span class='ocrx_word' id='word_1_109' title='bbox 830 1504 914 1545; x_wconf 88' lang='lat' dir='ltr'>an</span> <span class='ocrx_word' id='word_1_110' title='bbox 957 1482 1026 1547; x_wconf 90' lang='lat' dir='ltr'>in</span> <span class='ocrx_word' id='word_1_111' title='bbox 1066 1484 1397 1568; x_wconf 77' lang='lat' dir='ltr'>pluribus?</span> <span class='ocrx_word' id='word_1_112' title='bbox 1464 1484 1580 1549; x_wconf 86' lang='lat' dir='ltr'>sed</span> <span class='ocrx_word' id='word_1_113' title='bbox 1622 1505 1836 1549; x_wconf 88' lang='lat' dir='ltr'>errore</span> <span class='ocrx_word' id='word_1_114' title='bbox 1889 1481 2168 1567; x_wconf 84' lang='lat' dir='ltr'>quodam</span> <span class='ocrx_word' id='word_1_115' title='bbox 2211 1481 2500 1547; x_wconf 85' lang='lat' dir='ltr'>fallimur</span> <span class='ocrx_word' id='word_1_116' title='bbox 2539 1484 2627 1547; x_wconf 87' lang='lat' dir='ltr'>ita</span> <span class='ocrx_word' id='word_1_117' title='bbox 2665 1482 2837 1565; x_wconf 86' lang='lat' dir='ltr'>dispu-</span> 
     </span>
    </p>
   </div>
   <div class='ocr_carea' id='block_1_6' title="bbox 730 2255 784 2295">
    <p class='ocr_par' dir='ltr' id='par_1_7' title="bbox 730 2255 784 2295">
     <span class='ocr_line' id='line_1_17' title="bbox 730 2255 784 2295; baseline 0.037 -2"><span class='ocrx_word' id='word_1_118' title='bbox 730 2255 784 2295; x_wconf 74' lang='lat'>48</span> 
     </span>
    </p>
   </div>
   <div class='ocr_carea' id='block_1_7' title="bbox 716 3918 768 3957">
    <p class='ocr_par' dir='ltr' id='par_1_8' title="bbox 716 3918 768 3957">
     <span class='ocr_line' id='line_1_18' title="bbox 716 3918 768 3957; baseline 0 0"><span class='ocrx_word' id='word_1_119' title='bbox 716 3918 768 3957; x_wconf 68' lang='lat'>49</span> 
     </span>
    </p>
   </div>
   <div class='ocr_carea' id='block_1_8' title="bbox 815 1576 2920 3360">
    <p class='ocr_par' dir='ltr' id='par_1_9' title="bbox 815 1576 2920 3360">
     <span class='ocr_line' id='line_1_19' title="bbox 828 1576 2920 1663; baseline -0.001 -23"><span class='ocrx_word' id='word_1_120' title='bbox 828 1576 1053 1641; x_wconf 85' lang='lat' dir='ltr'>tando:</span> <span class='ocrx_word' id='word_1_121' title='bbox 1118 1598 1267 1643; x_wconf 87' lang='lat' dir='ltr'>cum</span> <span class='ocrx_word' id='word_1_122' title='bbox 1328 1577 1499 1643; x_wconf 88' lang='lat' dir='ltr'>enim</span> <span class='ocrx_word' id='word_1_123' title='bbox 1559 1587 1918 1663; x_wconf 73' lang='lat' dir='ltr'>optumates</span> <span class='ocrx_word' id='word_1_124' title='bbox 1977 1577 2413 1663; x_wconf 79' lang='lat' dir='ltr'>appellantur,</span> <span class='ocrx_word' id='word_1_125' title='bbox 2475 1576 2629 1643; x_wconf 87' lang='lat' dir='ltr'>nihil</span> <span class='ocrx_word' id='word_1_126' title='bbox 2673 1584 2838 1662; x_wconf 85' lang='lat' dir='ltr'>potest</span> <span class='ocrx_word' id='word_1_127' title='bbox 2918 1634 2920 1637; x_wconf 77' lang='grc'>,</span> 
     </span>
     <span class='ocr_line' id='line_1_20' title="bbox 829 1668 2836 1757; baseline -0.003 -22"><span class='ocrx_word' id='word_1_128' title='bbox 829 1692 893 1757; x_wconf 88' lang='lat' dir='ltr'>p.</span> <span class='ocrx_word' id='word_1_129' title='bbox 934 1668 1109 1757; x_wconf 88' lang='lat'>115.]</span> <span class='ocrx_word' id='word_1_130' title='bbox 1157 1671 1378 1757; x_wconf 70' lang='lat' dir='ltr'>vilderi</span> <span class='ocrx_word' id='word_1_131' title='bbox 1410 1671 1876 1757; x_wconf 85' lang='lat' dir='ltr'>praestabilius.</span> <span class='ocrx_word' id='word_1_132' title='bbox 1963 1671 2120 1755; x_wconf 84' lang='lat' dir='ltr'>quid</span> <span class='ocrx_word' id='word_1_133' title='bbox 2155 1671 2327 1736; x_wconf 88' lang='lat' dir='ltr'>enim</span> <span class='ocrx_word' id='word_1_134' title='bbox 2363 1682 2626 1757; x_wconf 88' lang='lat' dir='ltr'>optumo</span> <span class='ocrx_word' id='word_1_135' title='bbox 2657 1668 2836 1733; x_wconf 83' lang='lat' dir='ltr'>melius</span> 
     </span>
     <span class='ocr_line' id='line_1_21' title="bbox 831 1764 2836 1851; baseline -0.002 -22"><span class='ocrx_word' id='word_1_136' title='bbox 831 1765 1097 1849; x_wconf 86' lang='lat' dir='ltr'>cogitari</span> <span class='ocrx_word' id='word_1_137' title='bbox 1140 1766 1388 1850; x_wconf 85' lang='lat' dir='ltr'>potest?</span> <span class='ocrx_word' id='word_1_138' title='bbox 1458 1786 1607 1831; x_wconf 90' lang='lat' dir='ltr'>cum</span> <span class='ocrx_word' id='word_1_139' title='bbox 1655 1777 1868 1830; x_wconf 85' lang='lat' dir='ltr'>autem</span> <span class='ocrx_word' id='word_1_140' title='bbox 1912 1764 2082 1851; x_wconf 87' lang='lat' dir='ltr'>regis</span> <span class='ocrx_word' id='word_1_141' title='bbox 2127 1776 2225 1830; x_wconf 87' lang='lat' dir='ltr'>est</span> <span class='ocrx_word' id='word_1_142' title='bbox 2258 1764 2444 1831; x_wconf 72' lang='lat' dir='ltr'>facta‘</span> <span class='ocrx_word' id='word_1_143' title='bbox 2469 1766 2723 1841; x_wconf 88' lang='lat' dir='ltr'>mentio,</span> <span class='ocrx_word' id='word_1_144' title='bbox 2759 1782 2836 1825; x_wconf 82' lang='lat'>00-</span> 
     </span>
     <span class='ocr_line' id='line_1_22' title="bbox 830 1857 2835 1927; baseline -0.001 -4"><span class='ocrx_word' id='word_1_145' title='bbox 830 1859 1029 1923; x_wconf 86' lang='lat' dir='ltr'>currit</span> <span class='ocrx_word' id='word_1_146' title='bbox 1072 1861 1299 1925; x_wconf 88' lang='lat' dir='ltr'>animis</span> <span class='ocrx_word' id='word_1_147' title='bbox 1343 1882 1459 1925; x_wconf 86' lang='lat' dir='ltr'>rex</span> <span class='ocrx_word' id='word_1_148' title='bbox 1504 1860 1700 1925; x_wconf 85' lang='lat' dir='ltr'>etiam</span> <span class='ocrx_word' id='word_1_149' title='bbox 1744 1858 2045 1925; x_wconf 77' lang='lat' dir='ltr'>iniustusz</span> <span class='ocrx_word' id='word_1_150' title='bbox 2098 1880 2217 1925; x_wconf 83' lang='lat' dir='ltr'>nos</span> <span class='ocrx_word' id='word_1_151' title='bbox 2263 1869 2486 1927; x_wconf 86' lang='lat' dir='ltr'>autem</span> <span class='ocrx_word' id='word_1_152' title='bbox 2527 1861 2609 1925; x_wconf 84' lang='lat' dir='ltr'>de</span> <span class='ocrx_word' id='word_1_153' title='bbox 2648 1857 2835 1923; x_wconf 81' lang='lat' dir='ltr'>iniusto</span> 
     </span>
     <span class='ocr_line' id='line_1_23' title="bbox 827 1950 2835 2041; baseline -0.003 -24"><span class='ocrx_word' id='word_1_154' title='bbox 827 1974 982 2037; x_wconf 88' lang='lat' dir='ltr'>rege</span> <span class='ocrx_word' id='word_1_155' title='bbox 1016 1953 1174 2017; x_wconf 80' lang='lat' dir='ltr'>nihil</span> <span class='ocrx_word' id='word_1_156' title='bbox 1208 1954 1527 2037; x_wconf 82' lang='lat' dir='ltr'>loquimur</span> <span class='ocrx_word' id='word_1_157' title='bbox 1560 1975 1762 2030; x_wconf 89' lang='lat' dir='ltr'>nunc,</span> <span class='ocrx_word' id='word_1_158' title='bbox 1807 1975 1957 2019; x_wconf 90' lang='lat' dir='ltr'>cum</span> <span class='ocrx_word' id='word_1_159' title='bbox 1993 1951 2074 2019; x_wconf 87' lang='lat' dir='ltr'>de</span> <span class='ocrx_word' id='word_1_160' title='bbox 2108 1953 2250 2038; x_wconf 85' lang='lat' dir='ltr'>ipsa</span> <span class='ocrx_word' id='word_1_161' title='bbox 2284 1955 2495 2041; x_wconf 87' lang='lat' dir='ltr'>regali</span> <span class='ocrx_word' id='word_1_162' title='bbox 2527 1977 2596 2019; x_wconf 89' lang='lat' dir='ltr'>re</span> <span class='ocrx_word' id='word_1_163' title='bbox 2627 1950 2835 2039; x_wconf 80' lang='lat' dir='ltr'>publica</span> 
     </span>
     <span class='ocr_line' id='line_1_24' title="bbox 826 2044 2838 2133; baseline -0.001 -22"><span class='ocrx_word' id='word_1_164' title='bbox 826 2047 1215 2129; x_wconf 85' lang='lat' dir='ltr'>quaerimus.</span> <span class='ocrx_word' id='word_1_165' title='bbox 1305 2069 1434 2131; x_wconf 88' lang='lat' dir='ltr'>qua</span> <span class='ocrx_word' id='word_1_166' title='bbox 1484 2071 1556 2115; x_wconf 87' lang='lat' dir='ltr'>re</span> <span class='ocrx_word' id='word_1_167' title='bbox 1606 2048 1886 2133; x_wconf 81' lang='lat' dir='ltr'>cogitato</span> <span class='ocrx_word' id='word_1_168' title='bbox 1937 2047 2287 2113; x_wconf 85' lang='lat' dir='ltr'>Romulum</span> <span class='ocrx_word' id='word_1_169' title='bbox 2343 2059 2458 2114; x_wconf 88' lang='lat' dir='ltr'>aut</span> <span class='ocrx_word' id='word_1_170' title='bbox 2500 2044 2838 2131; x_wconf 84' lang='lat' dir='ltr'>Pompilium</span> 
     </span>
     <span class='ocr_line' id='line_1_25' title="bbox 828 2140 2836 2227; baseline -0.002 -22"><span class='ocrx_word' id='word_1_171' title='bbox 828 2150 941 2205; x_wconf 87' lang='lat' dir='ltr'>aut</span> <span class='ocrx_word' id='word_1_172' title='bbox 975 2140 1261 2207; x_wconf 87' lang='lat' dir='ltr'>Tullium</span> <span class='ocrx_word' id='word_1_173' title='bbox 1306 2164 1526 2227; x_wconf 86' lang='lat' dir='ltr'>regem</span> <span class='ocrx_word' id='word_1_174' title='bbox 1574 2142 1742 2218; x_wconf 83' lang='lat' dir='ltr'>fore,</span> <span class='ocrx_word' id='word_1_175' title='bbox 1787 2142 1917 2207; x_wconf 87' lang='lat' dir='ltr'>iam</span> <span class='ocrx_word' id='word_1_176' title='bbox 1958 2164 2088 2209; x_wconf 89' lang='lat' dir='ltr'>non</span> <span class='ocrx_word' id='word_1_177' title='bbox 2131 2153 2264 2207; x_wconf 86' lang='lat' dir='ltr'>tam</span> <span class='ocrx_word' id='word_1_178' title='bbox 2307 2143 2484 2209; x_wconf 85' lang='lat' dir='ltr'>illius</span> <span class='ocrx_word' id='word_1_179' title='bbox 2529 2154 2592 2209; x_wconf 87' lang='lat' dir='ltr'>te</span> <span class='ocrx_word' id='word_1_180' title='bbox 2629 2142 2713 2207; x_wconf 84' lang='lat' dir='ltr'>rei</span> <span class='ocrx_word' id='word_1_181' title='bbox 2746 2161 2836 2224; x_wconf 89' lang='lat' dir='ltr'>pu-</span> 
     </span>
     <span class='ocr_line' id='line_1_26' title="bbox 827 2230 2837 2325; baseline 0.002 -28"><span class='ocrx_word' id='word_1_182' title='bbox 827 2232 1032 2299; x_wconf 86' lang='lat' dir='ltr'>blicae</span> <span class='ocrx_word' id='word_1_183' title='bbox 1083 2234 1475 2320; x_wconf 86' lang='lat' dir='ltr'>paenitebit.&#39;</span> <span class='ocrx_word' id='word_1_184' title='bbox 1566 2242 1794 2320; x_wconf 88' lang='lat' dir='ltr'>‘quam</span> <span class='ocrx_word' id='word_1_185' title='bbox 1844 2238 2040 2322; x_wconf 84' lang='lat' dir='ltr'>igitur</span> <span class='ocrx_word' id='word_1_186' title='bbox 2089 2236 2399 2321; x_wconf 87' lang='lat' dir='ltr'>relinquis</span> <span class='ocrx_word' id='word_1_187' title='bbox 2453 2234 2727 2325; x_wconf 85' lang='lat' dir='ltr'>populari</span> <span class='ocrx_word' id='word_1_188' title='bbox 2767 2230 2837 2295; x_wconf 78' lang='lat' dir='ltr'>rei</span> 
     </span>
     <span class='ocr_line' id='line_1_27' title="bbox 824 2325 2832 2417; baseline 0.004 -26"><span class='ocrx_word' id='word_1_189' title='bbox 824 2328 1119 2413; x_wconf 85' lang='lat' dir='ltr'>publicae</span> <span class='ocrx_word' id='word_1_190' title='bbox 1162 2330 1459 2395; x_wconf 79' lang='lat' dir='ltr'>laudem?</span> <span class='ocrx_word' id='word_1_191' title='bbox 1472 2330 1488 2358; x_wconf 80' lang='lat'><strong><em>⁹</em></strong></span> <span class='ocrx_word' id='word_1_192' title='bbox 1559 2343 1700 2396; x_wconf 88' lang='lat' dir='ltr'>tum</span> <span class='ocrx_word' id='word_1_193' title='bbox 1742 2332 1878 2398; x_wconf 85' lang='lat' dir='ltr'>ille:</span> <span class='ocrx_word' id='word_1_194' title='bbox 1937 2333 2121 2417; x_wconf 85' lang='lat' dir='ltr'>‘quid</span> <span class='ocrx_word' id='word_1_195' title='bbox 2165 2332 2285 2397; x_wconf 89' lang='lat' dir='ltr'>tibi</span> <span class='ocrx_word' id='word_1_196' title='bbox 2329 2334 2623 2409; x_wconf 82' lang='lat' dir='ltr'>tandem,</span> <span class='ocrx_word' id='word_1_197' title='bbox 2663 2325 2832 2415; x_wconf 70' lang='lat' dir='ltr'>Spuri,</span> 
     </span>
     <span class='ocr_line' id='line_1_28' title="bbox 822 2419 2834 2512; baseline 0.001 -29"><span class='ocrx_word' id='word_1_198' title='bbox 822 2443 885 2505; x_wconf 91' lang='lat' dir='ltr'>p.</span> <span class='ocrx_word' id='word_1_199' title='bbox 927 2420 1101 2506; x_wconf 87' lang='lat'>116.]</span> <span class='ocrx_word' id='word_1_200' title='bbox 1139 2422 1569 2502; x_wconf 84' lang='lat' dir='ltr'>Rhodiorum,</span> <span class='ocrx_word' id='word_1_201' title='bbox 1605 2426 1781 2511; x_wconf 86' lang='lat' dir='ltr'>apud</span> <span class='ocrx_word' id='word_1_202' title='bbox 1817 2447 1978 2509; x_wconf 89' lang='lat' dir='ltr'>quos</span> <span class='ocrx_word' id='word_1_203' title='bbox 2012 2445 2219 2512; x_wconf 88' lang='lat' dir='ltr'>nuper</span> <span class='ocrx_word' id='word_1_204' title='bbox 2251 2426 2516 2511; x_wconf 58' lang='lat' dir='ltr'>fuiImus</span> <span class='ocrx_word' id='word_1_205' title='bbox 2551 2448 2698 2501; x_wconf 87' lang='lat' dir='ltr'>una,</span> <span class='ocrx_word' id='word_1_206' title='bbox 2727 2419 2834 2486; x_wconf 88' lang='lat' dir='ltr'>nul-</span> 
     </span>
     <span class='ocr_line' id='line_1_29' title="bbox 822 2514 2834 2605; baseline 0.003 -28"><span class='ocrx_word' id='word_1_207' title='bbox 822 2514 967 2578; x_wconf 90' lang='lat' dir='ltr'>lane</span> <span class='ocrx_word' id='word_1_208' title='bbox 1021 2514 1273 2579; x_wconf 85' lang='lat' dir='ltr'>videtur</span> <span class='ocrx_word' id='word_1_209' title='bbox 1327 2538 1467 2583; x_wconf 85' lang='lat' dir='ltr'>esse</span> <span class='ocrx_word' id='word_1_210' title='bbox 1518 2541 1621 2585; x_wconf 89' lang='lat' dir='ltr'>res</span> <span class='ocrx_word' id='word_1_211' title='bbox 1667 2520 1991 2605; x_wconf 59' lang='lat' dir='ltr'>publica?</span> <span class='ocrx_word' id='word_1_212' title='bbox 2066 2519 2252 2585; x_wconf 83' lang='lat' dir='ltr'>‘mihi</span> <span class='ocrx_word' id='word_1_213' title='bbox 2294 2542 2454 2587; x_wconf 88' lang='lat' dir='ltr'>vero</span> <span class='ocrx_word' id='word_1_214' title='bbox 2497 2520 2753 2593; x_wconf 80' lang='lat' dir='ltr'>videtur,</span> <span class='ocrx_word' id='word_1_215' title='bbox 2787 2524 2834 2576; x_wconf 73' lang='lat' dir='ltr'>et</span> 
     </span>
     <span class='ocr_line' id='line_1_30' title="bbox 818 2605 2835 2699; baseline -0 -29"><span class='ocrx_word' id='word_1_216' title='bbox 818 2605 1081 2673; x_wconf 86' lang='lat' dir='ltr'>minime</span> <span class='ocrx_word' id='word_1_217' title='bbox 1126 2607 1389 2691; x_wconf 87' lang='lat' dir='ltr'>quidem</span> <span class='ocrx_word' id='word_1_218' title='bbox 1434 2612 1902 2699; x_wconf 86' lang='lat' dir='ltr'>vituperanda.&#39;</span> <span class='ocrx_word' id='word_1_219' title='bbox 1993 2619 2194 2680; x_wconf 89' lang='lat' dir='ltr'>‘recte</span> <span class='ocrx_word' id='word_1_220' title='bbox 2231 2614 2394 2679; x_wconf 87' lang='lat' dir='ltr'>dicis</span> <span class='ocrx_word' id='word_1_221' title='bbox 2406 2662 2424 2692; x_wconf 95' lang='lat'>,</span> <span class='ocrx_word' id='word_1_222' title='bbox 2472 2614 2614 2689; x_wconf 84' lang='lat' dir='ltr'>sed,</span> <span class='ocrx_word' id='word_1_223' title='bbox 2655 2610 2705 2675; x_wconf 88' lang='lat' dir='ltr'>si</span> <span class='ocrx_word' id='word_1_224' title='bbox 2732 2627 2835 2671; x_wconf 86' lang='lat' dir='ltr'>me-</span> 
     </span>
     <span class='ocr_line' id='line_1_31' title="bbox 820 2700 2832 2793; baseline 0.004 -28"><span class='ocrx_word' id='word_1_225' title='bbox 820 2700 1090 2778; x_wconf 87' lang='lat' dir='ltr'>ministi,</span> <span class='ocrx_word' id='word_1_226' title='bbox 1136 2723 1357 2769; x_wconf 86' lang='lat' dir='ltr'>omnes</span> <span class='ocrx_word' id='word_1_227' title='bbox 1407 2716 1588 2771; x_wconf 84' lang='lat' dir='ltr'>erant</span> <span class='ocrx_word' id='word_1_228' title='bbox 1629 2706 1804 2771; x_wconf 85' lang='lat' dir='ltr'>idem</span> <span class='ocrx_word' id='word_1_229' title='bbox 1847 2717 1984 2771; x_wconf 87' lang='lat' dir='ltr'>tum</span> <span class='ocrx_word' id='word_1_230' title='bbox 2022 2706 2102 2773; x_wconf 90' lang='lat' dir='ltr'>de</span> <span class='ocrx_word' id='word_1_231' title='bbox 2136 2706 2326 2793; x_wconf 87' lang='lat' dir='ltr'>plebe</span> <span class='ocrx_word' id='word_1_232' title='bbox 2364 2719 2508 2773; x_wconf 91' lang='lat' dir='ltr'>tum</span> <span class='ocrx_word' id='word_1_233' title='bbox 2542 2714 2832 2773; x_wconf 73' lang='lat' dir='ltr'>senatores,</span> 
     </span>
     <span class='ocr_line' id='line_1_32' title="bbox 820 2792 2834 2887; baseline 0.001 -29"><span class='ocrx_word' id='word_1_234' title='bbox 820 2795 1415 2882; x_wconf 78' lang='lat' dir='ltr'>vicissitudinesque</span> <span class='ocrx_word' id='word_1_235' title='bbox 1474 2800 1827 2877; x_wconf 86' lang='lat' dir='ltr'>habebant,</span> <span class='ocrx_word' id='word_1_236' title='bbox 1901 2800 2136 2884; x_wconf 88' lang='lat' dir='ltr'>quibus</span> <span class='ocrx_word' id='word_1_237' title='bbox 2197 2802 2530 2867; x_wconf 84' lang='lat' dir='ltr'>mensibus</span> <span class='ocrx_word' id='word_1_238' title='bbox 2589 2792 2834 2887; x_wconf 74' lang='lat' dir='ltr'>populari</span> 
     </span>
     <span class='ocr_line' id='line_1_33' title="bbox 817 2890 2832 2981; baseline 0 -28"><span class='ocrx_word' id='word_1_239' title='bbox 817 2910 1083 2955; x_wconf 89' lang='lat' dir='ltr'>munere</span> <span class='ocrx_word' id='word_1_240' title='bbox 1117 2890 1568 2977; x_wconf 80' lang='lat' dir='ltr'>fungerentur,</span> <span class='ocrx_word' id='word_1_241' title='bbox 1606 2893 1840 2979; x_wconf 88' lang='lat' dir='ltr'>quibus</span> <span class='ocrx_word' id='word_1_242' title='bbox 1879 2896 2225 2961; x_wconf 83' lang='lat' dir='ltr'>senatorio:</span> <span class='ocrx_word' id='word_1_243' title='bbox 2281 2898 2628 2981; x_wconf 85' lang='lat' dir='ltr'>utrubique</span> <span class='ocrx_word' id='word_1_244' title='bbox 2659 2901 2832 2958; x_wconf 79' lang='lat' dir='ltr'>autem</span> 
     </span>
     <span class='ocr_line' id='line_1_34' title="bbox 818 2985 2831 3074; baseline 0.005 -29"><span class='ocrx_word' id='word_1_245' title='bbox 818 2985 1286 3050; x_wconf 83' lang='lat' dir='ltr'>conventicium</span> <span class='ocrx_word' id='word_1_246' title='bbox 1338 2986 1764 3074; x_wconf 84' lang='lat' dir='ltr'>accipiebant,</span> <span class='ocrx_word' id='word_1_247' title='bbox 1819 2998 1884 3053; x_wconf 87' lang='lat' dir='ltr'>et</span> <span class='ocrx_word' id='word_1_248' title='bbox 1899 2990 1996 3056; x_wconf 89' lang='lat' dir='ltr'>·in</span> <span class='ocrx_word' id='word_1_249' title='bbox 2039 2990 2288 3057; x_wconf 90' lang='lat' dir='ltr'>theatro</span> <span class='ocrx_word' id='word_1_250' title='bbox 2334 3002 2402 3057; x_wconf 87' lang='lat' dir='ltr'>et</span> <span class='ocrx_word' id='word_1_251' title='bbox 2444 2991 2515 3057; x_wconf 89' lang='lat' dir='ltr'>in</span> <span class='ocrx_word' id='word_1_252' title='bbox 2558 2988 2722 3055; x_wconf 82' lang='lat' dir='ltr'>curia</span> <span class='ocrx_word' id='word_1_253' title='bbox 2756 3003 2831 3049; x_wconf 70' lang='lat' dir='ltr'>res</span> 
     </span>
     <span class='ocr_line' id='line_1_35' title="bbox 818 3076 2831 3169; baseline 0.006 -31"><span class='ocrx_word' id='word_1_254' title='bbox 818 3076 1107 3160; x_wconf 87' lang='lat' dir='ltr'>capitalis</span> <span class='ocrx_word' id='word_1_255' title='bbox 1144 3090 1208 3145; x_wconf 90' lang='lat' dir='ltr'>et</span> <span class='ocrx_word' id='word_1_256' title='bbox 1240 3081 1518 3167; x_wconf 84' lang='lat' dir='ltr'>reliquas</span> <span class='ocrx_word' id='word_1_257' title='bbox 1554 3083 1759 3147; x_wconf 86' lang='lat' dir='ltr'>omnis</span> <span class='ocrx_word' id='word_1_258' title='bbox 1793 3083 2168 3162; x_wconf 84' lang='lat' dir='ltr'>iudicabant</span> <span class='ocrx_word' id='word_1_259' title='bbox 2193 3085 2388 3164; x_wconf 89' lang='lat' dir='ltr'>idem,</span> <span class='ocrx_word' id='word_1_260' title='bbox 2425 3097 2669 3152; x_wconf 84' lang='lat' dir='ltr'>tantum</span> <span class='ocrx_word' id='word_1_261' title='bbox 2691 3094 2831 3169; x_wconf 83' lang='lat' dir='ltr'>pote·</span> 
     </span>
     <span class='ocr_line' id='line_1_36' title="bbox 815 3172 2538 3261; baseline 0.009 -29"><span class='ocrx_word' id='word_1_262' title='bbox 815 3178 914 3233; x_wconf 86' lang='lat' dir='ltr'>rat</span> <span class='ocrx_word' id='word_1_263' title='bbox 949 3172 1235 3257; x_wconf 82' lang='lat' dir='ltr'>tantique</span> <span class='ocrx_word' id='word_1_264' title='bbox 1270 3188 1407 3243; x_wconf 82' lang='lat' dir='ltr'>erat</span> <span class='ocrx_word' id='word_1_265' title='bbox 1438 3179 1664 3261; x_wconf 86' lang='lat' dir='ltr'>quanti</span> <span class='ocrx_word' id='word_1_266' title='bbox 1697 3179 2038 3245; x_wconf 84' lang='lat' dir='ltr'>multitudo</span> <span class='ocrx_word' id='word_1_267' title='bbox 2073 3193 2317 3246; x_wconf 73' lang='lat' dir='ltr'>senatus</span> <span class='ocrx_word' id='word_1_268' title='bbox 2355 3182 2394 3217; x_wconf 67' lang='lat'>³*</span> <span class='ocrx_word' id='word_1_269' title='bbox 2430 3182 2466 3217; x_wconf 67' lang='lat'>³*</span> <span class='ocrx_word' id='word_1_270' title='bbox 2503 3182 2538 3216; x_wconf 68' lang='lat'>⁴*</span> 
     </span>
     <span class='ocr_line' id='line_1_37' title="bbox 1476 3268 2221 3360; baseline 0.007 -25"><span class='ocrx_word' id='word_1_271' title='bbox 1476 3268 1712 3355; x_wconf 77' lang='lat' dir='ltr'>[Multa</span> <span class='ocrx_word' id='word_1_272' title='bbox 1747 3271 2221 3360; x_wconf 62' lang='lat' dir='ltr'>desiderantum]</span> 
     </span>
    </p>
   </div>
   <div class='ocr_carea' id='block_1_9' title="bbox 1630 3492 2052 3506">
    <p class='ocr_par' dir='ltr' id='par_1_10' title="bbox 1630 3492 2052 3506">
     <span class='ocr_line' id='line_1_38' title="bbox 1630 3492 2052 3506; baseline 0 1053"><span class='ocrx_word' id='word_1_273' title='bbox 1630 3492 2052 3506; x_wconf 95' lang='lat' dir='ltr'> </span> 
     </span>
    </p>
   </div>
   <div class='ocr_carea' id='block_1_10' title="bbox 1007 3647 2669 3829">
    <p class='ocr_par' dir='ltr' id='par_1_11' title="bbox 1007 3647 2669 3829">
     <span class='ocr_line' id='line_1_39' title="bbox 1129 3647 2560 3725; baseline 0.009 -13"><span class='ocrx_word' id='word_1_274' title='bbox 1129 3647 1388 3715; x_wconf 88' lang='lat' dir='ltr'>LIBRI</span> <span class='ocrx_word' id='word_1_275' title='bbox 1432 3650 1751 3719; x_wconf 80' lang='lat' dir='ltr'>TERTII</span> <span class='ocrx_word' id='word_1_276' title='bbox 1790 3652 1923 3719; x_wconf 88' lang='lat' dir='ltr'>DE</span> <span class='ocrx_word' id='word_1_277' title='bbox 1965 3656 2089 3721; x_wconf 82' lang='lat' dir='ltr'>RE</span> <span class='ocrx_word' id='word_1_278' title='bbox 2132 3656 2560 3725; x_wconf 87' lang='lat' dir='ltr'>PUBLICA</span> 
     </span>
     <span class='ocr_line' id='line_1_40' title="bbox 1007 3748 2669 3829; baseline 0.007 -16"><span class='ocrx_word' id='word_1_279' title='bbox 1007 3748 1675 3819; x_wconf 81' lang='lat' dir='ltr'><strong>FRAGMENTA</strong></span> <span class='ocrx_word' id='word_1_280' title='bbox 1733 3755 2278 3826; x_wconf 85' lang='lat' dir='ltr'><strong>INCERTAE</strong></span> <span class='ocrx_word' id='word_1_281' title='bbox 2343 3760 2669 3829; x_wconf 87' lang='lat' dir='ltr'>SEDIS.</span> 
     </span>
    </p>
   </div>
   <div class='ocr_carea' id='block_1_11' title="bbox 811 3915 2828 4113">
    <p class='ocr_par' dir='ltr' id='par_1_12' title="bbox 811 3915 2828 4113">
     <span class='ocr_line' id='line_1_41' title="bbox 942 3915 2828 4018; baseline 0.012 -42"><span class='ocrx_word' id='word_1_282' title='bbox 942 3915 999 3977; x_wconf 90' lang='lat'>1.</span> <span class='ocrx_word' id='word_1_283' title='bbox 1068 3918 1160 3980; x_wconf 88' lang='grc' dir='ltr'>Μ.</span> <span class='ocrx_word' id='word_1_284' title='bbox 1206 3922 1441 3986; x_wconf 59' lang='lat' dir='ltr'>Tullius</span> <span class='ocrx_word' id='word_1_285' title='bbox 1477 3928 1549 3989; x_wconf 81' lang='lat' dir='ltr'>de</span> <span class='ocrx_word' id='word_1_286' title='bbox 1581 3946 1646 3989; x_wconf 78' lang='lat' dir='ltr'>re</span> <span class='ocrx_word' id='word_1_287' title='bbox 1668 3927 1929 4011; x_wconf 70' lang='lat' dir='ltr'>publiea</span> <span class='ocrx_word' id='word_1_288' title='bbox 1965 3931 2069 3995; x_wconf 71' lang='lat' dir='ltr'>lib.</span> <span class='ocrx_word' id='word_1_289' title='bbox 2105 3933 2257 3997; x_wconf 82' lang='lat' dir='ltr'>III.-</span> <span class='ocrx_word' id='word_1_290' title='bbox 2297 3932 2423 3998; x_wconf 84' lang='lat' dir='ltr'>Est</span> <span class='ocrx_word' id='word_1_291' title='bbox 2453 3932 2648 4018; x_wconf 85' lang='lat' dir='ltr'>igitur</span> <span class='ocrx_word' id='word_1_292' title='bbox 2677 3922 2828 4011; x_wconf 71' lang='lat' dir='ltr'>quid‘</span> 
     </span>
     <span class='ocr_line' id='line_1_42' title="bbox 811 4001 2828 4113; baseline 0.015 -50"><span class='ocrx_word' id='word_1_293' title='bbox 811 4001 961 4066; x_wconf 86' lang='lat' dir='ltr'>dam</span> <span class='ocrx_word' id='word_1_294' title='bbox 996 4009 1431 4079; x_wconf 88' lang='lat' dir='ltr'>turbulentum</span> <span class='ocrx_word' id='word_1_295' title='bbox 1452 4017 1534 4083; x_wconf 75' lang='lat' dir='ltr'>¹in</span> <span class='ocrx_word' id='word_1_296' title='bbox 1566 4016 1935 4089; x_wconf 83' lang='lat' dir='ltr'>hominibus</span> <span class='ocrx_word' id='word_1_297' title='bbox 1971 4023 2262 4112; x_wconf 81' lang='lat' dir='ltr'>singulis,</span> <span class='ocrx_word' id='word_1_298' title='bbox 2309 4026 2481 4113; x_wconf 85' lang='lat' dir='ltr'>quod</span> <span class='ocrx_word' id='word_1_299' title='bbox 2515 4025 2617 4093; x_wconf 84' lang='lat' dir='ltr'>vel</span> <span class='ocrx_word' id='word_1_300' title='bbox 2651 4015 2828 4091; x_wconf 68' lang='lat' dir='ltr'>exeul·</span> 
     </span>
    </p>
   </div>
   <div class='ocr_carea' id='block_1_12' title="bbox 2919 3294 2926 4468">
    <p class='ocr_par' dir='ltr' id='par_1_13' title="bbox 2919 3294 2926 4468">
     <span class='ocr_line' id='line_1_43' title="bbox 2919 3294 2926 4468; baseline 0 0"><span class='ocrx_word' id='word_1_301' title='bbox 2919 3294 2926 4468; x_wconf 95' lang='lat' dir='ltr'> </span> 
     </span>
    </p>
   </div>
  </div>
 </body>
</html>
