3292 4559
915 300 1023 356 DE
1057 298 1386 357 DEORUM
1420 300 1746 382 NATURA
1779 300 1855 355 Π.
1891 300 2133 360 33-39.
2468 290 2549 355 51

515 442 610 493 εει
642 424 909 511 gradus,
959 423 1029 488 in
1064 443 1192 505 quo
1225 444 1441 489 rerum
1476 423 1763 487 omnium
1796 432 2025 489 natura
2058 424 2343 511 ponitur,
2387 447 2551 510 quae

507 521 806 604 quoniam
842 517 986 583 talis
1022 528 1138 595 est,
1173 528 1246 581 ut
1281 527 1344 584 et
1378 517 1617 603 praesit
1652 518 1947 583 omnibus
1974 530 2039 585 et
2073 542 2216 585 eam
2240 520 2419 585 nulla
2450 543 2553 587 res

505 612 704 699 possit
734 611 1050 697 inpedire,
1101 632 1361 677 necesse
1404 621 1502 676 est
1541 610 2018 696 intellegentem
2054 634 2194 679 esse
2239 615 2551 681 mundum

506 716 568 772 et
617 704 876 789 quidem
919 704 1112 771 etiam
1161 704 1534 790 sapientem.
1639 704 1799 788 quid
1851 715 2067 771 autem
2117 717 2217 772 est
2264 708 2551 774 inscitius

505 818 697 883 quam
741 820 885 863 eam
927 809 1251 875 naturam,
1307 819 1473 884 quae
1509 798 1716 863 omnis
1758 820 1861 864 res
1906 799 1989 864 sit
2030 801 2372 887 conplexa,
2423 824 2553 868 non

503 903 832 976 optumam
851 891 996 968 dici,
1032 902 1166 968 aut,
1202 913 1352 957 cum
1378 891 1460 956 sit
1485 903 1769 978 optuma,
1805 915 1936 958 non
1960 894 2239 978 primum
2263 896 2553 962 animan-

503 996 633 1049 tem
668 1006 838 1063 esse‚
883 985 1111 1050 deinde
1144 985 1406 1051 rationis
1443 996 1508 1051 et
1543 984 1789 1051 consilii
1823 998 2192 1074 conpotem,
2228 1002 2551 1075 postremo

505 1078 892 1163 sapientem?
943 1078 1056 1162 qui
1106 1079 1274 1145 enim
1324 1089 1535 1164 potest
1585 1080 1770 1146 aliter
1811 1103 1951 1148 esse
1993 1084 2295 1167 optuma?
2342 1104 2553 1169 neque

501 1172 691 1247 enim,
728 1171 784 1235 si
818 1171 1108 1257 stirpium
1146 1172 1366 1238 similis
1401 1174 1484 1238 sit
1517 1185 1630 1239 aut
1660 1175 1853 1239 etiam
1888 1175 2255 1255 bestiarum,
2292 1188 2555 1263 optuma

502 1264 786 1351 putanda
819 1264 903 1330 sit
936 1265 1150 1351 potius
1185 1288 1382 1351 quam
1419 1267 1801 1347 deterruma,
1836 1290 1958 1335 nec
1989 1292 2164 1348 vero,
2202 1271 2257 1335 si
2290 1272 2551 1338 rationis

496 1358 816 1449 particeps
862 1359 944 1424 sit
985 1381 1108 1425 nee
1149 1360 1234 1425 sit
1277 1371 1491 1428 tamen
1536 1386 1577 1427 a
1618 1363 1933 1449 principio
1968 1364 2251 1450 sapiens,
2304 1387 2436 1431 non
2470 1366 2552 1431 sit

501 1455 773 1520 deterior
824 1452 1047 1518 mundi
1104 1454 1315 1539 potius
1377 1476 1570 1539 quam
1633 1455 1917 1522 humana
1978 1457 2295 1537 condici03
2357 1458 2549 1525 homo

497 1552 666 1619 enim
701 1547 957 1635 sapiens
999 1547 1136 1612 fieri
1179 1558 1419 1634 potest,
1470 1550 1751 1614 mundus
1795 1560 2040 1629 autem,
2092 1551 2151 1617 si
2188 1552 2257 1616 in
2291 1556 2549 1620 ae'terno

495 1646 817 1731 praeteriti
859 1642 1162 1733 temporis
1207 1642 1415 1727 spatio
1456 1642 1581 1707 fuit
1621 1642 1957 1729 insipiens,
2008 1665 2360 1730 numquam
2402 1667 2550 1731 pro-

495 1738 662 1803 fecto
707 1738 1085 1824 sapientiam
1127 1749 1581 1819 consequetur3
1632 1736 1727 1800 ita
1772 1736 1891 1799 erit
1931 1735 2188 1802 homine
2243 1738 2547 1805 deterior:

496 1830 672 1916 quod
705 1832 1008 1915 quoniam
1033 1832 1382 1896 absurdum
1410 1844 1526 1909 est,
1561 1846 1625 1899 et
1662 1828 1917 1917 sapiens
1948 1852 1987 1892 a
2020 1830 2330 1918 principio
2363 1855 2552 1898 mun-

495 1924 618 1988 dus
670 1935 734 1988 et
784 1924 942 1989 deus
993 1923 1328 2007 habendus
1380 1935 1506 2002 est3
1570 1946 1783 2010 neque
1838 1921 2008 1989 enim
2058 1934 2157 1989 est
2207 1926 2551 2008 quicquam
2594 1950 2643 1992 ετ

495 2016 672 2083 aliud
705 2027 960 2102 praeter
989 2016 1299 2081 mundum
1315 2062 1334 2092 ,
1386 2017 1492 2082 cui
1535 2016 1699 2081 nihil
1733 2015 1899 2081 absit
1933 2016 2233 2102 quodque
2264 2016 2550 2103 undique

494 2121 718 2197 aptum
771 2120 964 2193 atque
1017 2109 1374 2195 perfectum
1427 2110 1882 2196 expletumque
1939 2111 2023 2175 sit
2072 2109 2367 2177 omnibus
2418 2112 2551 2177 suis

493 2204 775 2270 numeris
829 2214 893 2268 et
943 2202 1250 2288 partibus.
1339 2202 1496 2268 scite
1548 2204 1719 2269 enim
1756 2201 2193 2290 Chrysippus,
2246 2216 2321 2271 ut
2364 2205 2553 2295 clipei
2586 2228 2657 2283 14

495 2320 689 2363 causa
713 2298 1133 2375 involucrum,
1161 2297 1463 2383 vaginam
1479 2308 1696 2363 autem
1720 2298 1940 2384 gladii,
1968 2299 2059 2363 sic
2084 2309 2338 2384 praeter
2364 2322 2550 2365 mun—

491 2390 650 2456 dum
694 2403 905 2457 cetera
947 2390 1164 2455 omnia
1205 2391 1475 2456 aliorum
1519 2412 1715 2457 causa
1753 2412 1893 2457 ense
1936 2402 2271 2476 generata,
2324 2404 2397 2458 ut
2440 2416 2549 2458 eas

491 2486 712 2572 fruges
731 2496 926 2569 atque
949 2484 1214 2563 fructus,
1251 2506 1413 2569 quos
1441 2496 1612 2552 terra
1629 2486 1862 2571 gignit,
1891 2485 2310 2551 animantium
2334 2509 2549 2571 causa,

491 2582 830 2647 animantis
883 2592 1099 2647 autem
1156 2581 1518 2658 hominum,
1579 2590 1654 2646 ut
1716 2601 1959 2664 equum
2010 2580 2284 2646 vehendi
2335 2601 2548 2657 causa,

489 2676 716 2741 arandi
759 2676 1020 2755 bovem,
1065 2676 1344 2743 venandi
1385 2687 1450 2742 et
1493 2675 1897 2741 custodiendi
1943 2696 2166 2741 canem
2176 2698 2196 2751 ;
2245 2674 2385 2760 ipse
2437 2696 2551 2751 auf

490 2784 624 2837 tem
657 2770 850 2835 homo
887 2780 1061 2838 ortus
1095 2781 1193 2836 est
1228 2771 1313 2835 ad
1358 2770 1675 2835 mundum
1710 2769 2278 2855 contemplandum
2312 2778 2377 2833 et
2406 2768 2551 2833 imi-

491 2865 780 2941 tandum,
813 2865 990 2929 nullo
1016 2864 1206 2929 modo
1233 2864 1576 2949 perfectus,
1615 2863 1731 2929 sed
1761 2874 1859 2930 est
1885 2864 2202 2950 quaedam
2237 2862 2551 2949 particula

493 2957 780 3044 perfecti.
852 2958 964 3022 sed
995 2958 1294 3033 mundus,
1335 2955 1639 3041 quoniam
1674 2958 1888 3023 omnia
1921 2959 2270 3043 conplexus
2307 2969 2404 3022 est
2436 2979 2549 3022 ne·
2591 2980 2643 3020 ³8

489 3072 624 3135 que
649 3060 746 3116 est
769 3049 1112 3134 quicquam
1137 3049 1310 3134 quod
1334 3072 1465 3115 non
1493 3051 1646 3115 insit
1677 3051 1745 3115 in
1771 3068 1869 3128 ec,
1904 3050 2227 3137 perfectus
2261 3050 2548 3135 undique

490 3160 611 3213 est.
699 3145 812 3230 qui
859 3144 1056 3231 igitur
1103 3154 1314 3230 potest
1346 3146 1404 3210 ei
1451 3145 1672 3212 deesse
1704 3146 1803 3222 id,
1859 3145 2031 3229 quod
2066 3156 2163 3211 est
2198 3145 2549 3232 optimum?

493 3240 652 3305 nihil
678 3250 893 3305 autem
922 3250 1019 3305 est
1045 3250 1259 3305 mente
1289 3251 1353 3304 et
1386 3240 1630 3307 ratione
1658 3240 1915 3305 melius:
1952 3262 2107 3325 ergo
2132 3240 2291 3305 haec
2308 3239 2549 3305 mundo

489 3334 718 3401 deesse
749 3356 882 3400 non
924 3346 1210 3421 possunt.
1297 3333 1461 3399 bene
1505 3333 1702 3419 igitur
1742 3333 1915 3400 idem
1952 3331 2386 3421 Chrysippus,
2436 3332 2549 3415 qui

493 3429 937 3496 similitudines
998 3430 1352 3516 adiungens
1406 3429 1618 3494 omnia
1678 3429 1746 3493 in
1806 3429 2108 3516 perfectis
2158 3439 2224 3493 et
2281 3426 2546 3492 maturis

493 3524 686 3591 docet
717 3546 858 3591 esse
890 3524 1184 3601 meliora,
1235 3535 1310 3589 ut
1349 3524 1418 3589 in
1451 3545 1618 3609 equo
1653 3544 1851 3607 quam
1884 3523 1952 3588 in
1988 3522 2207 3589 eculeo
2216 3567 2235 3598 ,
2286 3521 2355 3585 in
2390 3542 2549 3585 cane

496 3640 693 3703 quam
734 3618 802 3682 in
846 3618 1084 3695 catulo,
1135 3617 1202 3681 in
1240 3618 1376 3683 viro
1421 3640 1614 3703 quam
1643 3617 1716 3683 in
1748 3639 1981 3704 puer0,
2032 3617 2219 3693 item,
2270 3614 2449 3698 quod
2480 3614 2549 3679 in

494 3713 671 3778 omni
721 3712 962 3776 mundo
1013 3712 1327 3798 optimum
1377 3711 1492 3790 sit,
1541 3711 1610 3776 id
1659 3710 1727 3776 in
1769 3711 2053 3797 perfecto
2098 3709 2311 3793 aliquo
2356 3718 2548 3791 atque

498 3806 791 3871 absoluto
827 3828 966 3871 esse
1002 3804 1232 3871 debere
1243 3830 1264 3885 ;
1319 3816 1416 3871 est
1449 3816 1665 3871 autem
1705 3805 1863 3869 nihil
1906 3802 2145 3868 mundo
2178 3800 2545 3887 perfectius,
2587 3823 2636 3863 ao

494 3898 656 3965 nihil
691 3898 922 3965 virtute
954 3898 1210 3965 melius:
1245 3899 1448 3985 igitur·
1473 3898 1699 3964 mundi
1734 3910 1831 3964 est
1863 3896 2121 3983 propria
2152 3895 2375 3960 virtus.
2426 3916 2547 3961 nec

494 4014 651 4057 vero
703 3992 974 4059 hominis
1015 4004 1246 4060 natura
1295 3993 1578 4079 perfecta
1619 4002 1745 4069 est,
1799 4001 1863 4056 et
1907 3990 2181 4055 efficitur
2225 4000 2439 4055 tamen
2480 3988 2547 4053 in

495 4084 753 4153 bomine
815 4088 1044 4154 virtust
1109 4098 1349 4172 quanto
1409 4087 1608 4173 igitur
1667 4086 1736 4150 in
1795 4083 2036 4150 mundo
2098 4082 2377 4150 facilius!
2449 4094 2546 4150 est

2121 4184 2191 4239 4*
