3292 4559
1145 273 1252 326 DE
1289 267 1617 327 OFFIOIIS
1654 271 1701 326 1.
1740 271 1982 328 85-90.
2501 259 2585 326 27

533 400 842 467 scendum
891 395 1210 482 putabunt
1261 395 1458 479 idque
1501 393 1897 480 magnanimi
1940 405 2007 459 et
2049 393 2231 459 fortis
2278 395 2399 460 viri
2442 413 2587 462 esse

533 493 912 569 censebunt3
967 489 1126 554 nihil
1171 490 1341 556 enim
1375 490 1761 555 laudabilius
1774 537 1793 567 ,
1837 488 1997 554 nihil
2031 511 2268 575 magno
2306 501 2385 554 et·
2403 511 2589 576 prae-

535 589 706 653 claro
739 585 877 650 viro
913 583 1168 670 dignius
1205 583 1636 670 placabilitate
1656 594 1865 667 ‘atque
1902 583 2255 648 clementia.
2324 583 2394 648 in
2428 583 2589 648 libe-

531 681 618 746 ris
655 699 808 747 vero
840 677 1094 764 populis
1132 688 1196 743 et
1227 679 1298 742 in
1332 677 1487 743 iuris
1524 677 1977 762 aequabilitate
2012 677 2369 743 exercenda
2396 677 2591 744 etiam

533 786 629 841 est
663 773 937 840 facilitas
975 783 1038 837 et
1071 772 1343 837 altitudo
1379 771 1576 836 animi
1611 791 1778 856 quae
1816 771 2075 848 dicitur,
2112 794 2224 849 ne,
2262 772 2319 837 si
2351 771 2589 836 irasca-

533 889 680 934 mur
735 877 848 932 aut
897 866 1344 952 intempestive
1395 865 1849 931 accedentibus
1905 875 2019 930 aut
2058 865 2443 950 inpudenter
2483 887 2589 929 ro·-

535 962 857 1050 gantibus,
891 961 960 1024 in
993 960 1431 1024 morositatem
1463 960 1755 1024 inutilem
1790 970 1854 1024 et
1890 959 2179 1024 odiosam
2210 958 2585 1024 incidamus.

534 1067 600 1122 et
643 1065 859 1119 tamen
899 1055 990 1118 ita
1031 1054 1368 1139 probanda
1403 1064 1502 1120 est
1532 1053 1961 1118 mansuetudo
1998 1067 2191 1137 atque
2226 1053 2584 1128 clementia,

533 1161 608 1215 ut
652 1149 1033 1215 adhibeatur
1066 1149 1160 1214 rei
1193 1149 1492 1235 publicae
1525 1169 1725 1238 causa
1758 1150 2094 1226 severitas,
2138 1149 2275 1214 sine
2309 1170 2441 1233 qua
2472 1150 2589 1213 ad·-

534 1243 876 1308 ministrari
920 1243 1144 1307 civitas
1189 1263 1320 1308 non
1362 1253 1591 1328 potest.
1680 1243 1887 1307 omnis
1932 1254 2149 1308 autem
2192 1254 2259 1308 et
2301 1242 2589 1308 animad-

533 1336 742 1402 versio
796 1347 866 1402 et·
912 1335 1248 1423 castigatio
1303 1337 1690 1402 contumelia
1744 1357 1972 1402 vacare
2018 1336 2210 1402 debet
2252 1357 2461 1420 neque
2508 1336 2590 1399 ad

535 1431 692 1508 eius,
729 1432 840 1516 qui
873 1431 1138 1517 punitur
1173 1431 1453 1515 aliquem
1487 1442 1603 1496 aut
1635 1431 1849 1496 verbis
1887 1431 2184 1517 castigat,
2232 1431 2348 1496 sed
2382 1431 2464 1495 ad
2498 1429 2591 1494 rei

533 1526 829 1611 publicae
863 1525 1202 1592 utilitatem
1237 1526 1480 1591 referri.
1544 1526 1903 1592 cavendum
1940 1539 2037 1591 est
2062 1525 2252 1590 etiam
2278 1545 2361 1598 ne
2386 1523 2589 1589 maior
2623 1547 2675 1589 so

531 1642 740 1706 poena
774 1635 970 1703 quam
1003 1620 1196 1706 culpa
1231 1621 1314 1684 sit
1349 1633 1415 1686 et
1448 1641 1530 1686 ne
1565 1620 1771 1686 isdem
1808 1621 1888 1686 de
1925 1621 2133 1686 causis
2168 1619 2280 1683 alii
2300 1619 2590 1703 plectan-

533 1725 666 1790 tur,
729 1709 837 1778 alii
905 1733 988 1779 ne
1059 1715 1460 1799 appellentur
1524 1714 1809 1796 quidem.
1906 1711 2305 1799 prohibenda
2374 1722 2589 1776 autem

533 1806 812 1871 maxime
859 1819 958 1872 est
1000 1807 1098 1872 ira
1141 1808 1208 1872 in
1241 1807 1568 1893 puniendo
1579 1831 1598 1884 3
1652 1827 2004 1890 numquam
2038 1807 2211 1872 enim
2243 1806 2443 1870 iratus
2478 1806 2591 1888 qui

533 1899 795 1965 accedet
829 1901 914 1964 ad
946 1921 1221 1986 poenam
1255 1901 1762 1966 mediocritatem
1794 1901 1970 1964 illam
2002 1901 2263 1977 tenebit,
2300 1919 2465 1985 quae
2494 1910 2590 1965 est

531 1993 697 2059 inter
732 1994 998 2058 nimium
1035 2005 1099 2058 et
1133 2015 1384 2080 parum,
1420 2015 1588 2078 quae
1622 1995 1835 2080 placet
1851 1994 2297 2080 Peripateticis
2320 2005 2389 2059 et
2414 2004 2587 2058 recte

531 2089 760 2174 placet,
798 2088 989 2152 modo
1023 2109 1107 2153 ne
1144 2085 1480 2154 laudarent
1513 2089 1911 2154 iracundiam
1946 2101 2011 2154 et
2038 2091 2321 2154 dicerent
2348 2089 2591 2153 utiliter

533 2203 572 2244 a
614 2190 844 2245 natura
888 2182 1129 2246 datamt
1175 2182 1284 2246 illa
1327 2201 1480 2248 vero
1526 2183 1825 2248 omnibus
1858 2182 1927 2248 in
1960 2183 2153 2250 rebus
2188 2182 2588 2268 repudianda

533 2286 629 2340 est
667 2275 1148 2360 optandumque
1181 2289 1257 2341 ut
1289 2277 1356 2353 ii,
1392 2278 1508 2362 qui
1541 2288 1847 2363 praesunt
1880 2277 1974 2342 rei
2008 2278 2331 2366 publicae,
2367 2278 2589 2362 legum

532 2368 768 2434 similes
829 2371 985 2447 sint,
1048 2390 1216 2454 quae
1279 2371 1366 2436 ad
1416 2371 1816 2458 puniendum
1868 2391 1999 2437 non
2048 2372 2410 2449 iracundia,
2472 2370 2587 2435 sed

532 2464 850 2547 aequitate
885 2465 1223 2530 ducuntur.
2337 2511 2346 2515 -

661 2557 880 2642 Atque
941 2559 1134 2624 etiam
1195 2560 1265 2624 in
1315 2559 1508 2626 rebus
1560 2560 1881 2646 prosperis
1936 2571 2001 2626 et
2052 2557 2135 2624 ad
2188 2561 2584 2625 voluntatem
2618 2553 2689 2606 26

530 2661 812 2716 nostram
855 2654 1202 2720 fluentibus
1253 2653 1681 2740 [superbiam]
1730 2674 1965 2741 magno
2018 2675 2210 2740 opere
2254 2653 2581 2724 fastidium
2626 2623 2680 2664 ⁹⁰

531 2747 1088 2831 arrogantiamque
1131 2749 1488 2834 fugiamus.
1560 2769 1713 2812 nam
1748 2761 1820 2813 ut
1856 2750 2157 2814 adversas
2189 2769 2322 2824 res,
2358 2747 2449 2811 sic
2484 2769 2585 2812 se-

531 2838 772 2902 cundas
835 2841 1230 2908 inmoderate
1283 2843 1452 2908 ferre
1501 2841 1779 2909 levitatis
1832 2853 1929 2907 est
1981 2843 2436 2928 praeclaraque
2486 2853 2584 2906 est

532 2931 1009 3013 aequabilitas
990 2958 1060 3000 m
1105 2935 1281 2999 omni
1326 2936 1460 2999 vita
1494 2949 1559 3000 et
1593 2935 1762 3000 idem
1802 2956 2051 3021 semper
2084 2936 2293 3001 voltus
2330 2934 2585 3000 eadem-

531 3045 657 3108 que
704 3024 911 3101 frons‚
957 3037 1030 3090 ut
1073 3029 1154 3093 de
1202 3029 1469 3095 Socrate
1513 3030 1797 3113 itemque
1840 3030 1921 3096 de
1956 3025 2037 3095 C.
2074 3030 2301 3095 Laelio
2338 3027 2586 3113 accepi-

531 3141 694 3184 mus.
765 3118 1139 3207 Philippum
1175 3122 1435 3207 quidem
1451 3123 1887 3190 Macedonum
1922 3147 2141 3210 regem
2165 3125 2359 3191 rebus
2384 3123 2585 3209 gestis

532 3225 596 3278 et
629 3214 836 3300 gloria
871 3227 1239 3301 superatum
1277 3239 1318 3282 a
1349 3217 1502 3296 filio,
1539 3217 1844 3286 facilitate
1880 3231 1946 3285 et
1971 3219 2367 3284 humanitate
2393 3217 2581 3283 video

533 3309 924 3392 superiorem
987 3310 1219 3390 fuisse,
1283 3313 1499 3396 itaque
1553 3314 1713 3378 alter
1766 3335 2019 3400 semper
2064 3331 2371 3400 magnus,
2424 3313 2585 3378 alter

533 3423 724 3487 saepe
759 3405 1183 3490 turpissimus,
1220 3418 1294 3472 ut
1327 3420 1500 3473 recte
1534 3407 1903 3494 praecipere
1938 3407 2274 3472 videantur
2308 3407 2421 3490 qui
2444 3427 2584 3470 mo·-

531 3509 686 3562 nent
737 3510 840 3576 ut,
894 3512 1135 3584 quanto
1191 3501 1547 3587 superiores
1601 3501 1830 3577 simus,
1885 3512 2063 3566 tanto
2114 3521 2231 3565 nos
2283 3521 2583 3586 geramus

531 3595 950 3660 summissius.
1023 3595 1374 3662 Panaetius
1416 3596 1677 3680 quidem
1712 3595 2095 3660 Africanum
2128 3595 2486 3660 auditorem
2520 3603 2584 3657 et

531 3687 912 3756 familiarem
962 3709 1154 3755 suum
1207 3691 1463 3756 solitum
1517 3691 1606 3756 ait
1660 3691 1869 3757 dicere
1881 3736 1899 3768 ,
1950 3702 2025 3756 ut
2076 3709 2275 3775 equos
2325 3697 2587 3774 propter

535 3785 787 3850 crebras
825 3786 1260 3854 contentiones
1293 3787 1679 3874 proeliorum
1714 3787 2043 3853 ferocitate
2068 3785 2443 3852 exsultantis
2470 3783 2584 3847 do-

533 3878 865 3946 mitoribus
907 3882 1156 3948 tradere
1202 3884 1476 3960 soleant,
1519 3893 1594 3948 ut
1635 3883 1715 3948 iis
1762 3881 2153 3948 facilioribus
2188 3877 2435 3967 possint
2465 3877 2580 3955 uti,

535 3974 626 4039 sic
660 3974 946 4042 homines
981 3979 1277 4044 secundis
1312 3979 1504 4044 rebus
1539 3979 1897 4044 ecfrenatos
1932 3977 2181 4060 sibique
2225 3973 2585 4062 praefiden-

535 4069 616 4134 tis
662 4080 987 4154 tamquam
1027 4073 1098 4136 in
1140 4095 1374 4158 gyrum
1416 4073 1679 4139 rationis
1724 4084 1789 4138 et
1835 4069 2157 4139 doctrinae
2203 4070 2351 4136 duci
2391 4089 2583 4154 opor-
