3292 4559
773 241 903 308 ι110
1379 249 1458 304 Μ.
1496 246 1772 308 TULLII
1805 216 2208 331 monsoms
2251 265 2262 270 -

770 400 945 445 mero
983 370 1366 464 [definitus]
1403 371 1520 438 sed
1554 371 1909 438 communis
1943 369 2142 438 hostis
2170 369 2487 437 omnium:
2527 393 2685 437 cum
2703 369 2823 436 hoo

672 490 747 532 108
771 495 892 540 nee
934 471 1094 538 fides
1138 468 1332 535 debet
1369 487 1496 533 nec
1539 465 1639 530 ius
1685 464 2027 530 iurandm
2074 487 2216 530 esse
2249 486 2610 530 comune.
2700 487 2824 531 non

771 567 941 634 enim
977 563 1214 632 falsum
1247 561 1458 628 iurare
1493 559 1820 646 periurare
1855 568 1975 633 est,
2008 558 2156 634 sed,
2192 558 2366 642 quod
2398 582 2481 623 nx
2512 581 2698 625 Anna
2727 581 2828 623 m

770 679 1106 727 sesama
1137 655 1395 732 iuratis,
1433 654 1601 721 sieut
1631 651 1848 718 verbis
1881 651 2235 737 concipitur
2266 673 2442 723 more
2476 662 2728 728 nostro,
2763 651 2828 716 id

768 776 901 821 non
934 752 1148 819 facere
1182 748 1538 836 periurium
1570 757 1668 814 est
1679 771 1698 825 3
1754 746 1910 813 scite
1946 745 2118 813 enim
2150 744 2522 832 Euripides:

1112 887 1320 953 iuravi
1352 885 1595 971 lingua,
1630 894 1911 952 mentem
1945 883 2286 949 iniuratam
2319 882 2495 972 gero.

770 1035 1063 1122 Regulus
1105 1054 1258 1099 vero
1292 1052 1422 1096 non
1458 1029 1681 1096 debuit
1715 1029 2117 1095 condiciones
2151 1029 2653 1138 pactionesque
2650 1027 2829 1093 belli-

772 1152 879 1196 cas
936 1138 1000 1194 et
1050 1125 1296 1191 hostilis
1347 1124 1722 1210 perturbare
1774 1123 2081 1208 periurio3
2137 1144 2285 1187 cum
2333 1122 2501 1188 iusto
2549 1121 2725 1187 enim
2767 1132 2829 1186 et

769 1222 1056 1308 legitimo
1101 1219 1285 1284 hoste
1326 1240 1434 1283 res
1473 1217 1845 1303 gerebatur,
1901 1217 2206 1287 adversus
2257 1236 2453 1300 quem
2505 1226 2571 1284 et
2622 1224 2828 1282 totum

768 1317 871 1382 ius
920 1314 1137 1380 fetiale
1186 1323 1258 1378 et
1300 1312 1504 1381 multa
1554 1322 1704 1379 sunt
1753 1311 1894 1378 iura
1939 1312 2318 1378 communia.
2405 1309 2585 1395 quod
2626 1310 2700 1376 ni
2741 1309 2830 1374 ita

775 1419 971 1486 esset,
1032 1427 1384 1491 numquam
1446 1406 1651 1475 elatos
1705 1406 1875 1471 viros
1890 1415 2187 1473 osenatus
2237 1406 2486 1474 vinctos
2536 1403 2830 1470 hostibus

667 1491 740 1544 30
775 1503 1143 1570 dedidisset.
1232 1511 1301 1569 at
1332 1522 1484 1569 vero
1520 1501 1599 1566 Τ.
1636 1501 1947 1570 Veturius
1982 1512 2047 1571 et
2081 1499 2196 1591 Sp.
2217 1500 2635 1577 Postumius,
2684 1521 2832 1564 cum

695 1563 1005 1666 09iterum
1039 1596 1333 1663 consules
1370 1607 1611 1673 essent,
1646 1595 1830 1679 quia,
1876 1618 2024 1662 eum
2058 1597 2228 1664 male
2258 1606 2641 1705 pugnatum·
2655 1593 2833 1680 apud

773 1692 1099 1760 Caudium
1143 1703 1343 1768 esset,
1386 1690 1750 1776 legionibus
1785 1691 2016 1757 nostris
2053 1690 2226 1756 sub
2207 1712 2432 1776 iugum
2467 1687 2680 1755 missis
2716 1711 2833 1775 pa-

773 1811 913 1854 cem
933 1807 1080 1855 cum
1102 1785 1498 1853 Samnitibus
1526 1785 1833 1863 fecerant,
1850 1785 2048 1854 dediti
2073 1796 2222 1851 sunt
2248 1785 2354 1862 iis3
2389 1785 2638 1852 iniussu
2655 1785 2832 1852 enim

770 1882 993 1968 populi
1029 1891 1418 1965 senatusque
1454 1881 1758 1948 fecerant.
1830 1876 2186 1966 eodemque
2235 1891 2520 1967 tempore
2553 1880 2656 1946 Ti.
2689 1880 2758 1947 N
2756 1903 2833 1944 ιι-

1006 1975 1178 2058 ,Q.
1227 1977 1537 2055 Maelius,
1601 1977 1717 2061 qui
1766 1986 1904 2043 tum
1955 1975 2197 2042 tribuni
2245 1976 2332 2062 pl.
2389 1987 2592 2053 erant,
2651 1976 2832 2059 quod

770 2093 992 2137 eorum
1044 2071 1421 2138 austeritate
1471 2094 1602 2157 pax
1654 2081 1791 2136 erat
1842 2068 2043 2146 facta,
2097 2069 2295 2137 dediti
2345 2081 2526 2147 sunt,
2577 2079 2653 2134 ut
2697 2089 2829 2154 pax

772 2166 1159 2232 Samnitium
1221 2165 1691 2250 repudiaretur..
1792 2175 1984 2248 atque
2044 2163 2239 2231 huius
2297 2163 2638 2232 deditionis
2684 2165 2827 2248 ipse

768 2260 1171 2334 Postumius,
1219 2259 1334 2342 qui
1378 2259 1767 2336 dedebatur,
1807 2280 2033 2325 suasor
2065 2270 2131 2325 et
2164 2269 2386 2325 auctor
2419 2257 2566 2324 fuit.
2646 2257 2827 2340 quod

766 2353 939 2418 idem
973 2351 1192 2419 multis
1224 2352 1408 2417 annis
1441 2363 1589 2437 post
1625 2351 1706 2417 C.
1735 2353 2103 2430 Mancinus,
2140 2353 2254 2436 qui
2287 2363 2359 2419 ut
2389 2351 2823 2427 Numantinis,

768 2444 1154 2528 quibuscum
1189 2445 1325 2509 sine
1362 2455 1620 2512 senatus
1658 2447 2035 2516 auctoritate
2068 2447 2297 2515 foedus
2329 2446 2592 2522 fecerat,
2631 2444 2825 2513 dede-

765 2550 972 2615 retur,
1020 2539 1419 2624 rogationem
1470 2540 1677 2606 suasit
1726 2533 1906 2619 eam,
1957 2564 2152 2627 quam
2204 2541 2288 2609 L.
2340 2541 2610 2616 Furius,
2664 2537 2824 2606 Sex.

763 2633 1002 2698 Atilius
1056 2655 1138 2698 ex
1192 2642 1449 2700 senatus
1501 2636 1793 2701 consulto
1842 2637 2160 2714 ferebaut3
2225 2655 2359 2720 qua
2405 2646 2672 2721 accepta
2726 2646 2827 2700 est

762 2726 1056 2792 hostibus
1116 2726 1390 2793 deditus.
1492 2727 1824 2795 honestius
1892 2730 2000 2795 hie
2058 2751 2254 2815 quam
2308 2728 2391 2812 Q.
2446 2729 2823 2815 Pompeius,

762 2845 920 2906 quo,
965 2844 1114 2888 cnm
1156 2820 1226 2888 in
1259 2821 1485 2889 eadem
1521 2844 1723 2890 eausa
1755 2835 1950 2902 esset,
1997 2824 2380 2910 deprecante
2415 2834 2683 2909 accepta
2711 2823 2824 2888 lex

762 2939 892 2982 non
928 2928 1051 2982 est:
1088 2915 1197 2982 hie
1228 2938 1325 2994 ea,
1362 2938 1528 3001 quae
1562 2917 1905 2984 videbatur
1925 2919 2184 2996 utilitas,
2219 2919 2365 3004 plus
2392 2917 2596 2983 valuit
2625 2939 2821 3001 quam

762 3010 1090 3087 honestas,
1136 3011 1324 3097 apud·
1352 3012 1710 3098 superiores
1755 3011 2046 3078 utilitatis
2095 3013 2339 3103 species
2383 3012 2549 3076 falsa
2584 3013 2670 3077 ab
2703 3013 2821 3077 ho-

660 3130 737 3170 no
762 3103 1024 3167 nestatis
1070 3103 1444 3169 auctoritate
1490 3116 1790 3190 superata
1832 3116 1948 3170 est.
2037 3113 2132 3171 ‘at
2175 3129 2304 3172 non
2349 3105 2574 3171 debuit
2605 3117 2822 3171 ratum

761 3218 931 3272 esse,
983 3196 1164 3280 quod
1202 3207 1339 3262 erat
1390 3209 1606 3265 actum
1650 3221 1769 3284 per
1808 3199 1980 3264 vim?
2069 3201 2255 3284 quasi
2295 3221 2451 3265 vero
2491 3198 2647 3266 forti
2679 3200 2821 3264 viro

761 3289 861 3353 vis
902 3290 1102 3376 possit
1146 3290 1452 3357 adhiberi.
1542 3300 1693 3359 ‘eur
1732 3292 1930 3380 igitur
1983 3295 2071 3360 ad
2119 3305 2411 3361 senatum
2453 3294 2824 3380 proficisce-

759 3384 980 3461 batur,
1032 3407 1181 3450 eum
1230 3387 1605 3471 praesertim
1660 3387 1741 3456 de
1793 3389 2062 3474 captivis
2117 3389 2526 3456 dissuasurus
2580 3389 2816 3454 essetP’

760 3480 935 3564 quod
986 3481 1336 3546 maximum
1387 3481 1460 3546 in
1509 3504 1587 3548 eo
1629 3493 1756 3560 est,
1805 3483 1877 3548 id
1917 3483 2417 3569 reprehendit'm:
2463 3505 2596 3550 non
2638 3481 2817 3548 enim

758 3596 876 3638 suo
909 3574 1147 3640 iudicio
1181 3575 1372 3650 stetit,
1408 3575 1525 3640 sed
1558 3577 1839 3664 suscepit
1874 3600 2156 3656 causam,
2190 3590 2265 3643 ut
2300 3590 2473 3645 esset
2503 3577 2815 3644 indicium

759 3679 1044 3744 senatus3
1083 3668 1187 3734 cui
1221 3669 1344 3733 nisi
1368 3669 1506 3753 ipse
1533 3682 1757 3736 auctor
1781 3671 2031 3750 flasset,
2069 3673 2307 3758 captivi
2337 3673 2624 3759 profecto
2637 3670 2819 3736 Poe-

757 3760 856 3824 nis
891 3761 1122 3827 redditi
1158 3773 1385 3827 essent.
1464 3762 1556 3829 ita
1586 3763 1977 3833 incolumis
1957 3789 2028 3831 m
2059 3767 2268 3852 paffia
2299 3766 2599 3852 Regulus
2629 3766 2822 3831 resti-

754 3853 962 3920 tisset.
1015 3855 1189 3938 quod
1232 3854 1382 3940 quia
1425 3857 1672 3940 patriae
1715 3879 1848 3924 non
1890 3860 2048 3925 utile
2090 3860 2369 3946 putavit,
2412 3860 2656 3926 ideireo
2693 3859 2822 3924 sibi

754 3944 1093 4012 honestum
1158 3960 1222 4013 et
1282 3950 1515 4016 sentire
1578 3951 1691 4016 illa
1740 3963 1808 4018 et
1856 3954 1994 4039 pati
2043 3954 2328 4020 eredidit.
2431 3975 2590 4019 nam
2638 3953 2822 4036 quod

754 4035 949 4114 aiunt,
987 4041 1161 4122 quod
1194 4041 1381 4107 valde
1414 4043 1571 4110 utile
1605 4044 1710 4124 sit,
1743 4045 1812 4110 id
1845 4045 1989 4113 fieri·
2019 4047 2385 4124 honestum,
2421 4047 2621 4113 immo
2658 4068 2820 4114 vero
