3292 4559
167 170 173 191 ’ὁ
171 19 180 27 1

211 463 215 480 '
194 132 231 412 -“”””Ᾱ-Ι;ν
216 51 233 82 ’ψ
207 13 239 30 fl>

903 278 1027 346 103
1515 282 1593 337 M.
1630 281 1905 341 TULLII
1940 279 2341 339 CICERONIS
2461 333 2463 335 ,

903 418 1015 502 qni
1051 413 1327 497 theologi
1363 408 1787 484 nominantur,
1826 428 1908 472 ex
1938 404 2170 490 quibus
2208 404 2486 491 primum
2513 416 2577 472 et
2604 405 2962 472 secundum

903 522 1083 574 natos
1123 510 1184 570 in
1223 503 1533 581 Arnadia,
1586 503 1859 568 alterum
1894 511 2077 587 patre
2112 499 2425 577 Aethere,
2472 524 2555 567 ex
2599 523 2728 587 quo
2766 500 2961 567 etiam

903 606 1355 690 Proserpinam
1406 607 1621 664 natam
1672 597 1889 662 ferunt
1940 606 2006 662 et
2058 595 2400 674 Liberum,
2454 597 2726 663 alterum
2779 607 2958 682 patre

903 698 1131 770 Caelo,
1179 698 1287 778 qni
1323 692 1620 782 genuisse
1654 691 2025 784 Minervam
2058 690 2318 766 dicitur,
2364 712 2561 776 quam
2603 690 2960 776 principem

903 806 967 858 st
1003 790 1415 857 {mmmmm
1450 787 1601 853 belli
1644 785 1891 864 ferunt,
1945 785 2204 851 tertium
2241 782 2648 861 Cretensem,
2698 783 2961 851 Saturni

899 890 1131 966 filium,
1179 889 1359 950 nnius
1395 883 1462 949 in
1495 883 1607 948 illa
1637 881 1852 947 insula
1884 882 2250 967 sepulcrum
2286 880 2662 948 ostenditur.
2758 881 2958 946 Διόσ-

899 1010 971 1050 ss
979 1010 1120 1069 unm
1187 982 1375 1046 stiam
1439 978 1612 1065 apud
1676 974 1913 1043 Graios
1975 976 2192 1041 multis
2254 975 2461 1040 modis
2522 975 2955 1041 nominantur:

899 1078 1080 1166 primi
1139 1093 1262 1142 tr-ss
1281 1126 1295 1150 ,
1347 1074 1461 1158 qui
1513 1072 1918 1158 appellantur
1969 1072 2257 1135 Anactes
2311 1070 2618 1146 Athenis,
2673 1091 2754 1134 ex
2805 1091 2958 1155 rege

899 1174 1051 1238 Iove
1091 1167 1530 1254 antiquissimo
1579 1176 1645 1231 et
1677 1165 2068 1252 Proserpina
2102 1164 2266 1241 nati,
2312 1163 2785 1249 Tritopatreus,
2821 1161 2960 1226 Eu-

899 1270 1147 1338 buleus,
1187 1266 1538 1346 Dionysus,
1576 1258 1861 1336 secundi,
1898 1259 2056 1325 Iove
2091 1258 2278 1324 tertio
2313 1258 2449 1322 nati
2485 1268 2549 1323 et
2583 1257 2789 1333 Leda,
2829 1253 2960 1321 Ca-

899 1374 1031 1426 stor
1051 1374 1110 1422 st.
1139 1362 1403 1434 Polla-113
1440 1354 1611 1422 tertii
1647 1354 1946 1419 dicuntur
1975 1377 2016 1418 a
2046 1353 2367 1418 nonnullis
2386 1352 2554 1418 Alco
2590 1362 2655 1417 et
2681 1351 2960 1416 Melam-

806 1477 855 1517 54⁴
899 1478 1019 1542 pus
1068 1469 1131 1518 st
1175 1454 1470 1529 Tmolus,
1506 1450 1695 1516 Atrei
1738 1448 1886 1526 filii,
1931 1448 2042 1532 qui
2074 1447 2321 1534 Pelope
2362 1458 2553 1513 natus
2598 1445 2738 1511 fuit.
2825 1446 2958 1511 iam

899 1550 1131 1614 Musa-s
1187 1550 1425 1634 primae
1477 1555 1806 1628 quattuor,
1861 1542 2019 1609 Iove
2067 1543 2267 1609 altero
2311 1552 2530 1618 natae,
2577 1541 2955 1621 Thelxinoe,

899 1646 1155 1718 Auscis,
1195 1642 1438 1718 Arnhs,
1473 1638 1744 1716 Melete,
1790 1637 2110 1703 secundae
2144 1637 2304 1702 Iove
2338 1636 2524 1701 tertio
2560 1647 2624 1702 et
2657 1635 2960 1702 Mnemo-

899 1762 1055 1822 ,Ἐγ-ιω
1103 1746 1464 1822 proarcatae
1508 1755 1772 1810 novem,
1819 1731 2043 1798 tertiae
2076 1730 2269 1797 Piero
2315 1741 2506 1796 natae
2550 1743 2617 1796 et
2650 1731 2956 1817 Antiopa,

899 1854 1055 1917 quas
1095 1830 1383 1894 Pieridas
1427 1839 1492 1894 et
1524 1827 1775 1893 Pierias
1822 1827 2028 1892 solent
2070 1831 2299 1911 poe‘tae
2344 1826 2694 1911 appellare,
2750 1825 2962 1893 isdem

896 1926 1255 1994 nnminilzms
1307 1938 1371 1990 nt
1413 1921 1638 1990 eodem
1683 1941 1981 1997 numero,
2035 1940 2165 2004 quo
2218 1940 2531 2005 proxume
2576 1920 2955 2005 superiores.

899 2045 1167 2102 cumque
1224 2034 1291 2082 tu
1347 2018 1599 2094 Solem,
1662 2015 1817 2100 quia
1881 2015 2055 2080 solus
2109 2024 2305 2093 esset,
2370 2015 2764 2101 appellatum
2814 2037 2958 2082 esse

899 2118 1103 2190 (linas,
1163 2114 1343 2178 Soles
1399 2111 1520 2197 ipsi
1565 2132 1763 2195 quam
1815 2109 1999 2173 multi
2052 2133 2094 2175 a
2143 2108 2459 2194 theologis
2513 2109 2956 2195 proferuntur!

896 2234 1059 2270 nnus
1099 2230 1319 2270 eornm
1347 2206 1502 2270 Iove
1535 2215 1748 2280 natus,
1783 2223 1985 2289 nepos
2013 2202 2336 2279 Aetheris,
2372 2204 2531 2269 alter
2557 2204 2957 2289 Hyperione,

899 2302 1115 2366 tertius
1155 2302 1474 2376 Volnano,
1520 2297 1654 2362 Nili
1686 2297 1850 2375 filio,
1900 2297 2082 2363 cuius
2118 2297 2347 2363 urbem
2383 2298 2695 2384 Aegyptii
2729 2300 2961 2365 volunt

899 2418 1035 2458 esse
1075 2418 1243 2470 nam,
1291 2414 1454 2474 qnae
1489 2392 1852 2478 Heliopolis
1888 2393 2273 2479 appellatur,
2318 2403 2585 2476 quartus
2620 2394 2704 2470 is,
2760 2414 2960 2477 quem

899 2490 1163 2554 herois-is
1231 2486 1618 2574 tsmporibus
1673 2487 1975 2553 Acantho
2028 2487 2245 2553 Rhodi
2304 2487 2630 2574 peperisse
2698 2488 2957 2567 dicitur,

895 2598 1043 2637 *M*
1080 2585 1303 2666 Ialysi,
1343 2578 1613 2657 Camiri,
1652 2580 1879 2659 Lindi,
1916 2580 2161 2658 Rhodi,
2208 2582 2497 2665 quintuS,
2545 2582 2658 2666 qui
2694 2579 2958 2649 Colchis

791 2670 859 2778 ἓξ
895 2678 1095 2742 fertur
1147 2678 1424 2742 Aeetam
1476 2685 1542 2741 et
1594 2673 1854 2741 Circam
1907 2676 2362 2761 procreavisse.
2468 2676 2746 2742 Volcani
2798 2677 2961 2743 item

895 2774 1251 2858 conplures:
1294 2770 1535 2854 primus
1565 2767 1765 2835 Caelo
1799 2780 2011 2848 natus,
2050 2793 2131 2835 ex
2166 2790 2295 2854 quo
2330 2781 2396 2835 et
2428 2770 2730 2836 Minerva
2747 2772 2961 2859 Apol-

892 2870 1087 2930 linem
1127 2890 1295 2942 snm,
1335 2863 1512 2929 nnius
1547 2863 1615 2929 in
1650 2864 1851 2931 tutela
1886 2863 2179 2929 Athenas
2218 2864 2463 2948 antiqui
2494 2865 2778 2932 historici
2814 2889 2959 2934 esse

896 2962 1251 3034 volunt-unt,
1291 2959 1604 3026 sanundus
1640 2959 1792 3024 Nilo
1827 2970 2039 3037 natus,
2074 2957 2344 3037 Phthas,
2382 2971 2455 3025 ut
2490 2960 2804 3047 Aegyptii
2839 2984 2960 3047 ap-

895 3058 1159 3138 pellant,
1207 3078 1399 3138 quern
1433 3055 1765 3119 custodem
1810 3076 1950 3119 esse
1984 3052 2277 3140 Aegypti
2311 3055 2561 3131 volunt,
2611 3057 2833 3121 tertius
2870 3078 2959 3121 ex

899 3150 1079 3210 tertio
1119 3150 1270 3214 Iove.
1311 3158 1371 3214 st
1403 3148 1682 3227 Iunone,
1729 3148 1841 3233 qui
1873 3148 2112 3214 Lemni
2147 3146 2428 3213 fabricae
2464 3149 2736 3214 traditur
2767 3152 2961 3236 prae-

892 3242 1116 3318 fuisse,
1159 3257 1418 3326 quartus
1453 3245 1487 3326 †
1521 3242 1834 3308 Memalio
1870 3253 2093 3320 natus,
2138 3242 2252 3325 qui
2287 3241 2493 3307 tenuit
2525 3242 2767 3309 insulas
2802 3264 2962 3332 pro-

799 3354 847 3394 56
895 3352 1031 3422 pter
1063 3338 1375 3418 Siniliam,
1414 3359 1579 3422 quae
1606 3336 1961 3404 Volcaniae
1993 3337 2507 3403 nominabantur.
2587 3339 2959 3407 Mercurius

891 3457 1055 3494 nnus
1099 3430 1295 3498 casm
1335 3444 1543 3518 patre,
1577 3431 1711 3498 Die
1745 3442 1947 3497 matre
1981 3443 2202 3509 natus,
2248 3433 2430 3497 cuius
2466 3433 2803 3499 obscenius
2839 3456 2961 3499 ex-

895 3528 1083 3590 citata
1129 3542 1355 3590 natura
1410 3526 1709 3603 traditur,
1765 3527 1940 3610 quod
1990 3538 2253 3612 aspectu
2296 3527 2724 3612 Proserpinae
2776 3548 2961 3613 com-

892 3634 1099 3685 motus
1147 3622 1251 3697 sit,
1311 3622 1468 3686 alter
1501 3620 1795 3686 Valentis
1842 3631 1907 3686 et
1943 3617 2282 3686 Coronidis
2326 3620 2525 3698 filius,
2578 3623 2633 3687 is
2678 3623 2789 3707 qui
2826 3624 2956 3688 sub

892 3718 1071 3778 terris
1111 3714 1379 3778 hahetur
1411 3715 1582 3779 idem
1617 3713 2046 3801 Trophonius,
2084 3717 2309 3781 tertius
2344 3716 2499 3782 Iove
2536 3717 2722 3783 tertio
2758 3727 2956 3782 natus

891 3822 951 3874 st
983 3810 1179 3882 Maia,
1223 3834 1300 3874 mc
1339 3829 1464 3893 quo
1501 3819 1565 3874 et
1587 3809 1919 3896 Penelopa
1936 3809 2121 3875 Pana
2147 3822 2371 3876 natum
2406 3809 2643 3890 ferunt,
2681 3821 2958 3895 quartus

892 3902 1039 3965 Nilo
1076 3918 1275 3986 patre,
1315 3926 1504 3986 quem
1531 3904 1847 3990 Aegyptii
1879 3904 2063 3970 nefas
2099 3905 2338 3970 habent
2372 3905 2723 3983 nominare,
2761 3904 2962 3989 quin-

896 4006 1026 4070 tus,
1071 4018 1257 4078 qnam
1296 4002 1510 4064 colunt
1542 3998 1943 4079 Pheneatae,
1999 4001 2105 4084 qui
2144 3999 2402 4086 Argum
2437 4000 2671 4066 dicitur
2712 4000 2965 4066 intere-

899 4086 1083 4154 misss
1123 4094 1203 4154 sb
1239 4114 1505 4178 samque
1540 4115 1802 4159 causam
1835 4097 1903 4160 in
1941 4094 2319 4181 Aegyptum
2355 4094 2718 4182 profugisse
2754 4106 2965 4180 atque
