3292 4559
706 275 834 339 2ῧῦ
1322 287 1398 339 M.
1438 283 1711 339 TULLII
1747 279 2143 339 CICERONIS

706 421 914 487 scant,
968 411 1059 475 ita
1103 407 1392 475 celeriter
1434 429 1537 473 res
1589 407 2071 471 innumerabilis
2125 403 2472 491 adripiant,
2530 419 2605 471 ut
2658 430 2777 474 eas

703 525 835 570 non
880 515 1018 569 tum
1070 503 1349 589 primum
1394 501 1685 586 accipere
1738 500 2102 575 videantur,
2158 499 2273 564 sed
2325 499 2651 567 reminisci
2704 518 2777 569 et

599 603 672 656 22
706 597 1046 665 recordari.
1133 599 1296 663 haec
1327 594 1621 660 Platonis
1656 594 1811 661 fere.
1900 594 2075 679 apud
2106 591 2616 679 Xenophontem
2653 618 2780 661 au-

612 676 662 716 ⁷⁰
707 704 835 760 tem
871 692 1148 757 moriens
1186 688 1400 776 Cyrus
1435 689 1639 756 maior
1672 689 1832 754 haec
1868 687 2049 753 dicite
2104 688 2332 753 ‘nolite
2366 687 2692 767 arbitrari,
2729 712 2776 755 o

705 788 832 853 mei
869 786 1179 852 carissimi
1211 786 1356 861 filii,
1392 807 1517 861 me,
1553 805 1700 848 cum
1737 806 1778 847 a
1810 781 1994 847 vobis
2030 781 2408 858 discessero,
2444 803 2770 867 nusquam

707 892 819 946 aut
842 882 1094 946 nullum
1121 880 1288 957 fore3
1324 900 1445 961 nec
1472 877 1663 953 enim,
1701 876 1856 941 dum
1886 898 2060 941 eram
2084 875 2439 954 vobiscum,
2477 878 2766 943 animum

704 998 922 1041 meum
957 974 1299 1050 videbatis,
1348 974 1462 1039 sed
1495 995 1645 1038 eum
1680 994 1821 1038 esse
1864 971 1932 1036 in
1968 971 2090 1036 hoc
2124 992 2390 1056 corpore
2426 993 2508 1037 ex
2551 972 2629 1037 iis
2662 996 2767 1039 re-

705 1071 858 1147 bus,
913 1091 1072 1155 quas
1117 1068 1450 1155 gerebam,
1501 1065 1999 1151 intellegebatis:
2056 1065 2333 1130 eundem
2380 1065 2582 1151 igitur
2626 1090 2769 1133 esse

543 1188 552 1196 ·
611 1188 663 1229 80
709 1164 1047 1241 creditote,
1093 1163 1286 1230 etiam
1321 1162 1376 1227 si
1409 1161 1658 1225 nullum
1694 1158 2012 1224 videbitis.
2097 1180 2219 1225 nec
2253 1180 2408 1225 vero
2444 1160 2763 1225 clarorum

708 1259 992 1324 virorum
1016 1269 1163 1344 post
1187 1268 1458 1321 mortem
1482 1255 1757 1320 honores
1785 1264 2251 1340 permanerent,
2273 1254 2328 1319 si
2355 1254 2508 1319 nihil
2536 1277 2764 1320 eorum

704 1354 992 1438 ipsorum
1027 1352 1222 1417 animi
1259 1351 1615 1427 efficerent,
1653 1368 1781 1432 quo
1828 1347 2068 1412 diutius
2112 1348 2482 1415 memoriam
2515 1349 2615 1413 sui
2660 1360 2767 1415 te-

704 1468 1022 1512 neremus.
1100 1444 1261 1510 mihi
1295 1445 1557 1530 quidem
1588 1442 1962 1529 persuaderi
1996 1463 2350 1526 numquam
2383 1442 2586 1529 potuit
2619 1443 2766 1508 ani-

704 1563 874 1619 mos,
911 1541 1067 1607 dum
1107 1541 1176 1606 in
1221 1540 1594 1626 corporibus
1641 1547 1857 1603 essent
1888 1536 2292 1615 mortalibus,
2328 1536 2575 1615 vivere,
2615 1559 2769 1603 cum

707 1637 1128 1703 excessissent
1171 1659 1253 1703 ex
1295 1636 1416 1712 eis,
1470 1632 1700 1710 emori3
1752 1654 1873 1698 nec
1916 1653 2071 1697 vero
2115 1642 2254 1698 tum
2297 1631 2584 1697 animum
2620 1655 2767 1698 esse

703 1732 1130 1817 insipientem,
1166 1754 1314 1799 cum
1340 1752 1421 1796 ex
1447 1727 1774 1814 insipienti
1800 1748 2067 1813 corpore
2095 1726 2420 1804 evasisset,
2450 1726 2585 1805 sed,
2615 1748 2764 1791 cum

708 1827 881 1891 omni
914 1826 1306 1892 admixtione
1342 1823 1622 1910 corporis
1657 1821 1967 1888 liberatus
2002 1843 2202 1907 purus
2239 1832 2301 1887 et
2336 1820 2588 1906 integer
2623 1842 2770 1887 esse

706 1922 1049 2008 coepisset,
1085 1933 1224 1986 tum
1260 1941 1399 1986 esse
1437 1919 1810 2003 sapientem.
1897 1926 2090 2000 atque
2126 1915 2337 1991 etiam,
2375 1936 2523 1979 cum
2556 1915 2770 1979 homi-

705 2016 803 2081 nis
831 2028 1062 2082 natura
1087 2025 1290 2081 morte
1311 2013 1699 2090 dissolvitur,
1729 2022 2085 2078 ceterarum
2109 2032 2322 2075 rerum
2348 2009 2767 2095 perspicuum

705 2124 802 2177 est
829 2132 958 2195 quo
986 2130 1279 2195 quaeque
1314 2108 1602 2174 discedat
1611 2132 1630 2185 3
1669 2107 1908 2173 abeunt
1934 2105 2102 2171 enim
2135 2104 2289 2170 illuc
2316 2104 2551 2181 omnia,
2590 2105 2771 2170 unde

707 2215 847 2270 orta
893 2216 1070 2270 sunt:
1124 2204 1377 2268 animus
1423 2213 1638 2267 autem
1686 2202 1861 2265 solus
1904 2222 2023 2265 nec
2060 2221 2208 2265 cum
2242 2199 2420 2263 adest
2455 2221 2578 2264 nec
2615 2221 2767 2264 cum

704 2298 973 2364 discedit
1019 2296 1301 2383 adparet.
1388 2296 1519 2360 iam
1561 2315 1716 2359 vero
1751 2292 1981 2359 videtis
2016 2292 2174 2358 nihil
2219 2314 2357 2357 esse
2400 2292 2593 2356 morti
2628 2303 2763 2357 tam

607 2412 655 2452 ει
704 2394 905 2457 simile
941 2412 1134 2474 quam
1169 2412 1492 2465 somnum3
1538 2387 1720 2471 atqui
1755 2388 2206 2453 dormientium
2241 2386 2436 2452 animi
2480 2387 2769 2453 maxime

702 2486 1028 2550 declarant
1063 2484 1457 2549 divinitatem
1493 2504 1708 2558 suam3
1752 2482 1957 2547 multa
1992 2482 2190 2560 enim,
2228 2504 2375 2547 cum
2409 2481 2661 2546 remissi
2696 2493 2763 2548 et

698 2578 883 2645 liberi
918 2588 1085 2654 sunt,
1121 2577 1341 2643 futura
1373 2576 1798 2663 prospiciunt:
1838 2597 1919 2642 ex
1955 2597 2082 2659 quo
2110 2576 2503 2662 intellegitur
2536 2576 2766 2659 quales

700 2673 901 2739 futuri
936 2673 1091 2751 sint,
1144 2694 1291 2737 cum
1328 2693 1397 2737 se
1439 2672 1629 2757 plane
1676 2671 1959 2756 corporis
1994 2670 2266 2735 vinculis
2310 2670 2765 2735 relaxaverint.

700 2789 828 2853 qua
861 2791 953 2845 re,
991 2768 1045 2833 si
1078 2767 1238 2831 haec
1263 2766 1356 2831 ita
1385 2776 1554 2842 sunt,
1591 2766 1685 2830 sic
1710 2787 1815 2830 me
1843 2764 2137 2841 colitote,’
2174 2762 2381 2848 inquit
2415 2771 2509 2828 ‘ut
2535 2763 2764 2831 deumz

701 2864 799 2926 sin
833 2884 964 2927 una
999 2871 1095 2925 est
1135 2859 1508 2925 interiturus
1545 2859 1797 2924 animus
1833 2880 1981 2923 cum
2016 2880 2282 2943 corpore
2296 2906 2315 2935 ,
2358 2878 2475 2923 vos
2520 2868 2766 2935 tamen,

702 2957 854 3021 deos
889 2964 1210 3032 verentes,
1261 2955 1374 3039 qui
1417 2955 1586 3021 hanc
1631 2976 1889 3019 omnem
1923 2952 2462 3039 pulchritudinem
2496 2964 2770 3018 tuentur

699 3060 764 3113 et
804 3059 1066 3134 regunt,
1110 3049 1484 3116 memoriam
1518 3049 1721 3113 nostri
1766 3048 1872 3133 pie
1906 3047 2338 3131 inviolateque
2374 3047 2761 3113 servabitis!

593 3142 662 3254 ἓξ)
699 3140 912 3227 Cyrus
939 3142 1200 3226 quidem
1233 3143 1394 3209 haec
1422 3143 1701 3208 moriens
1712 3167 1731 3220 3
1768 3163 1907 3218 nos,
1944 3141 1998 3206 si
2024 3142 2256 3228 placet,
2290 3151 2509 3206 nostra
2537 3141 2769 3207 videa-

697 3260 870 3302 mus:
905 3259 1096 3303 nemo
1123 3258 1430 3321 umquam
1453 3236 1631 3313 mihi,
1653 3234 1896 3322 Scipio,
1926 3235 2338 3320 persuadebit
2366 3245 2479 3300 aut
2504 3250 2758 3321 patrem

697 3345 880 3398 tuum
912 3332 1195 3399 Paulum
1231 3342 1343 3397 aut
1377 3332 1538 3395 duos
1574 3351 1752 3407 avos,
1787 3330 2068 3396 Paulum
2105 3340 2171 3395 et
2198 3330 2606 3408 Africanum,
2645 3342 2760 3396 aut

695 3429 992 3494 Africani
1034 3440 1280 3515 patrem
1317 3438 1428 3493 aut
1469 3435 1771 3512 patruum
1806 3436 1935 3490 aut.
1960 3425 2194 3491 multos
2243 3424 2627 3509 praestantis
2661 3426 2763 3489 vi-

695 3545 823 3601 ros,
859 3545 1022 3608 quos
1059 3545 1430 3590 enumerare
1464 3544 1594 3585 non
1631 3530 1729 3585 est
1762 3541 2047 3597 necesse,
2080 3530 2261 3585 tanta
2294 3541 2435 3585 esse
2471 3528 2761 3596 conatos,

697 3639 862 3700 quae
907 3619 992 3682 ad
1033 3616 1421 3703 posteritatis
1475 3614 1849 3679 memoriam
1892 3614 2313 3699 pertinerent,
2366 3613 2491 3679 nisi
2542 3612 2765 3678 animo

697 3722 1027 3778 cernerent
1070 3710 1503 3797 posteritatem
1550 3709 1635 3773 ad
1689 3732 1757 3773 se
1810 3709 2149 3793 pertinere.
2238 3731 2322 3773 an
2375 3730 2628 3785 censes,
2683 3719 2762 3773 ut

698 3806 778 3870 de
812 3828 916 3870 me
959 3806 1100 3889 ipso
1137 3804 1379 3887 aliquid
1412 3826 1591 3870 more
1627 3827 1856 3870 senum
1889 3803 2152 3890 glorier,
2187 3825 2293 3869 me
2328 3814 2538 3869 tantos
2573 3803 2770 3869 labo-

694 3920 797 3963 res
834 3896 1095 3962 diurnos
1137 3908 1609 3983 nocturnosque
1646 3897 1821 3964 domi
1861 3897 2254 3981 militiaeque
2301 3908 2763 3983 suscepturum

693 3990 914 4065 fuisse,
936 3990 992 4053 si
1016 3990 1221 4056 isdem
1248 3992 1481 4057 finibus
1511 3992 1782 4080 gloriam
1809 4014 2021 4057 meam
2048 3992 2285 4077 quibus
2314 3991 2513 4057 vitam
2543 4012 2765 4059 essem

693 4080 1188 4151 terminaturus?
1228 4107 1440 4153 nonne
1484 4087 1715 4154 melius
1748 4087 1952 4152 multo
1995 4086 2226 4154 fuisset
2258 4085 2533 4152 otiosam
2576 4095 2769 4152 aeta·
