3292 4559
792 222 921 288 114
998 234 1077 289 Μ.
1115 231 1391 290 TULLII
1424 231 1827 288 CICERUHIE
1859 232 1967 288 DE
2003 232 2332 288 oFFmHS
2368 232 2476 302 HI,
2516 232 2800 288 leo—121.

663 380 676 387 ’
790 358 1069 424 millimis
1113 356 1306 422 rebus
1352 355 1608 422 misceri
1651 366 1717 421 et
1762 355 2105 441 temperari
2136 365 2366 441 potest.
2455 355 2571 421 sed
2605 356 2688 422 de
2718 355 2836 421 hoc

788 491 878 501 —
917 475 1154 538 magna
1200 451 1372 518 enim
1415 473 1519 517 res
1564 462 1663 516 est
1695 487 1785 497 —
1814 451 1940 516 alio
1982 451 2126 516 loeo
2169 451 2486 536 pluribus:
2539 473 2717 517 nune
2760 453 2838 517 ad

687 568 765 607 120
788 546 1206 634 propodtum.
1274 568 1467 631 quem
1504 545 1589 610 ad
1620 545 1886 610 modum
1916 545 2134 632 igitur,
2168 546 2225 611 si
2259 546 2517 630 quando
2542 569 2642 622 ea,
2678 567 2838 630 quae

789 642 1042 707 videtur
1084 640 1323 705 utilitas
1336 688 1357 717 ,
1400 639 1717 706 honestati
1761 652 2107 727 repugnat,
2154 639 2562 705 diiudicanda
2602 663 2707 706 res
2743 643 2841 718 sit,

787 737 941 802 satis
986 745 1084 801 est
1126 757 1322 820 supra
1364 733 1761 820 disputatum
1772 759 1791 812 3
1835 734 1937 799 sin
1980 744 2195 799 autem
2239 735 2520 822 speciem
2553 735 2843 800 utilitatis

788 830 983 896 etiam
1025 830 1321 915 voluptas
1365 827 1604 894 habere
1650 828 1926 905 dicetur,
1967 827 2147 893 nulla
2178 839 2390 914 potest
2423 851 2563 894 esse
2598 829 2661 895 ei
2697 851 2845 895 eum

785 923 1116 991 honestate
1177 922 1569 1001 coniunctim
1637 946 1820 1000 nam,
1881 933 1956 988 ut
2013 922 2369 990 tribuamus
2433 923 2680 1007 aliquid
2729 946 2845 988 vo-
2947 925 2966 960 ³*

784 1019 1045 1106 luptati‚
1106 1018 1495 1084 eondimenti
1553 1018 1823 1084 fortasse
1882 1040 2014 1084 non
2073 1016 2263 1096 nihil,
2317 1017 2610 1084 utilitatis
2673 1031 2841 1085 eerte

784 1114 948 1178 nihil
980 1112 1263 1178 habebit.

682 1228 760 1266 121
912 1206 1138 1271 Habes
1173 1229 1213 1269 a
1246 1216 1426 1290 patre
1470 1229 1706 1272 munus
1719 1255 1738 1284 ,
1781 1207 2008 1273 Maree
2041 1208 2163 1286 fili,
2209 1230 2355 1272 mea
2399 1207 2666 1291 quidem
2701 1230 2840 1272 sen-

783 1301 983 1366 tentia
1025 1322 1363 1384 magnum,
1409 1300 1526 1366 sed
1567 1301 1833 1386 perinde
1853 1302 2018 1380 erit,
2066 1314 2141 1368 ut
2184 1302 2528 1388 acceperis.
2615 1324 2842 1386 quam-

784 1417 980 1478 quam
1027 1392 1096 1457 hi
1129 1392 1250 1458 fibi
1282 1404 1413 1459 tres
1445 1394 1595 1460 libri
1625 1395 1794 1460 inter
1827 1393 2125 1482 Cratippi
2156 1397 2648 1462 commentarios
2683 1408 2846 1462 tun-

781 1509 978 1572 quam
1009 1487 1295 1573 hospites
1330 1500 1519 1553 erunt
1550 1490 1921 1574 reeipiendi,
1953 1492 2091 1569 sed,
2127 1503 2222 1569 ut,
2258 1491 2314 1556 si
2345 1491 2486 1578 ipse
2519 1490 2846 1558 venissem

780 1581 1104 1658 Athenas,
1147 1582 1326 1666 quod
1369 1583 1628 1667 quidem
1673 1594 1843 1650 esset
1883 1585 2157 1663 factum,
2214 1586 2336 1652 nisi
2387 1609 2495 1652 me
2537 1609 2578 1652 e
2629 1588 2846 1654 medio

782 1698 976 1742 eursu
1013 1676 1187 1741 elara
1220 1699 1377 1743 voee
1411 1677 1621 1762 patria
1653 1692 2041 1757 revocasset,
2075 1681 2421 1766 aliquando
2448 1704 2556 1747 me
2582 1696 2846 1766 quoque

781 1770 1057 1846 audires,
1093 1770 1206 1847 sie,
1241 1771 1545 1854 qnoniam
1577 1771 1679 1838 his
1715 1775 2150 1841 voluminibus
2184 1776 2270 1841 ad
2303 1787 2367 1842 te
2394 1775 2692 1862 profecta
2719 1798 2846 1842 vox

780 1876 880 1930 est
931 1887 1103 1939 mea,
1151 1864 1398 1930 tribues
1450 1866 1553 1930 iis·
1576 1867 1881 1952 tempon‘s
1931 1881 2243 1952 quantum
2287 1870 2559 1956 poteris,
2603 1871 2845 1957 poteris

780 1969 995 2024 autem
1053 1968 1365 2043 quantum
1426 1961 1624 2026 voles.
1729 1983 1877 2028 eum
1938 1985 2093 2030 vero
2155 1964 2528 2032 intellexero
2594 1978 2661 2033 te
2723 1966 2845 2031 hoe

778 2052 1081 2118 scientiae
1124 2075 1362 2138 genere
1404 2055 1720 2139 gaudere,
1763 2067 1902 2122 tum
1945 2070 2012 2123 et
2051 2080 2369 2144 praesens
2390 2071 2610 2126 tecum
2643 2082 2842 2148 prope

778 2147 969 2221 diem,
1005 2157 1079 2209 ut
1111 2167 1320 2230 spero,
1354 2157 1441 2223 et,
1477 2149 1635 2213 dum
1671 2151 1900 2228 aberis,
1937 2153 2171 2218 absens
2205 2153 2455 2238 loquar.
2535 2156 2743 2220 vale
2720 2156 2842 2240 xgi-

776 2252 910 2316 tur,
962 2238 1052 2303 mi
1097 2236 1355 2316 Cicero,
1408 2241 1656 2326 tibique
1705 2247 2021 2330 persuade
2075 2269 2216 2314 esse
2266 2260 2330 2314 te
2374 2249 2642 2332 quidem
2682 2250 2842 2314 mihi

775 2333 1203 2410 carissimum,
1248 2334 1365 2399 sed
1406 2337 1610 2402 multo
1657 2338 1795 2406 fore
1831 2342 2168 2420 cariorem,
2217 2342 2273 2408 si
2307 2344 2546 2410 talibus
2585 2343 2838 2410 monitis

771 2424 1255 2509 praeceptisque
1290 2427 1633 2495 laetabere.
