3292 4559
931 306 1038 361 DE
1071 302 1402 362 DEORUM
1434 302 1763 363 NATURA
1796 302 1871 357 H.
1909 302 2145 359 66—-71,
2486 294 2572 369 61..

517 444 732 500 (1118108
779 431 1203 506 1111111113111111,
1255 426 1460 493 omnis
1511 438 1575 493 et
1618 426 1901 513 precatio
1947 438 2011 495 et
2054 427 2431 495 sacrificatio
2467 454 2577 497 ex-

515 540 718 594 trema
755 536 869 591 081.
958 546 1079 591 nec
1121 524 1314 609 longe
1349 522 1584 589 absunt
1619 522 1703 590 ab
1748 520 1871 587 hac
1904 522 1972 587 vi
2016 523 2081 587 di
2115 523 2397 591 Penates
2441 525 2577 591 sive
2619 546 2671 585 es

516 647 554 688 a
588 644 760 708 penu
797 620 989 685 ducto
1032 618 1290 683 nomine
1323 652 1411 663 —-
1445 626 1543 683 est
1586 616 1759 682 enim
1792 638 2011 694 omne,
2058 638 2187 701 quo
2232 630 2580 685 vescuntur

513 716 824 793 homines,
860 735 1065 802 penus
1100 748 1188 759 —-
1223 714 1358 779 sive
1393 712 1478 777 ab
1514 734 1611 789 00,
1648 711 1825 797 quod
1858 712 2116 798 penitus
2150 713 2431 779 insident
2444 762 2461 792 ,
2498 738 2581 783 ex

513 832 642 895 quo
690 809 884 877 etiam
925 808 1282 895 penetrales
1325 830 1366 873 a
1409 807 1614 893 poetis
1663 819 1993 875 vocantur.
2082 808 2213 875 iam
2256 808 2581 895 Apollinis

517 927 754 971 nomen
800 914 897 971 est
934 901 1290 981 Graecum,
1339 923 1532 986 quem
1569 900 1793 969 Solem
1829 925 1969 971 esse
2004 904 2258 981 volunt3
2294 904 2579 971 Dianam

517 1010 738 1064 autem
775 1008 838 1063 et
854 997 1117 1063 Lunam
1151 995 1422 1063 eandem
1457 1018 1596 1063 0880
1630 1008 1880 1083 putant,
1916 1018 2065 1063 cum
2084 995 2200 1064 Sol
2231 998 2439 1065 dictus
2476 1000 2579 1077 sit,

516 1094 622 1159 vel
660 1092 813 1177 quia
849 1092 1021 1157 solus
1069 1114 1149 1157 ex
1183 1091 1482 1157 omnibus
1519 1090 1835 1159 sideribus
1870 1102 1968 1159 est
2011 1102 2227 1158 tantus
2263 1092 2368 1159 vel
2402 1092 2579 1177 quia,

517 1210 664 1253 cum
701 1198 800 1253 est
827 1198 1103 1264 exortus,
1141 1186 1494 1253 obscuratis
1521 1186 1819 1253 omnibus
1856 1186 2029 1253 solus
2060 1188 2347 1274 adparet,
2381 1188 2579 1253 Luna

516 1307 556 1349 a
588 1283 861 1349 lucendo
897 1282 1242 1350 nominata
1261 1282 1370 1359 sit3
1409 1282 1636 1349 eadem
1672 1293 1769 1348 est
1804 1284 1975 1349 enim
2008 1283 2285 1349 Lucina.
2338 1284 2579 1369 itaque,

513 1389 588 1443 ut
632 1377 807 1463 apud
843 1374 1128 1444 Graecos
1173 1376 1457 1443 Dianam
1501 1399 1773 1463 eamque
1806 1378 2181 1446 Luciferam
2194 1428 2213 1457 ,
2265 1379 2359 1445 sic
2404 1379 2580 1466 apud

514 1484 762 1539 nostros
815 1472 1131 1538 Iunonem
1171 1471 1494 1539 Lucinam
1543 1474 1614 1539 in
1665 1472 1975 1559 pariendo
2026 1474 2358 1553 invocant,
2412 1495 2578 1559 quae

516 1568 744 1635 eadem
760 1566 978 1633 Diana
1005 1566 1350 1655 Omnivaga
1376 1568 1626 1646 dicitur,
1663 1590 1793 1635 non
1826 1592 1868 1634 a
1902 1569 2218 1648 venando,
2254 1570 2371 1635 sed
2404 1569 2581 1653 quod

513 1666 582 1731 in
617 1676 866 1751 septem
898 1674 1274 1732 numeratur
1305 1676 1637 1750 tamquam
1672 1666 2078 1750 vagantibus.
2132 1664 2351 1731 Diana
2388 1665 2579 1741 dicta,
2621 1674 2675 1717 ⁶⁹

515 1761 668 1843 quia
701 1772 894 1825 noctu
933 1757 1119 1843 quasi
1146 1758 1317 1825 diem
1346 1759 1628 1825 efficeret
1639 1784 1659 1835 3
1696 1758 2037 1825 adhibetur
2070 1770 2288 1827 autem
2314 1760 2400 1825 ad
2431 1782 2581 1846 par-

515 1867 640 1929 tus,
678 1852 852 1936 quod
885 1852 934 1916 ii
974 1862 1414 1917 maturescunt
1447 1862 1561 1919 aut
1603 1863 1853 1937 septem
1885 1874 2017 1917 non
2060 1876 2415 1936 numquam
2448 1866 2579 1930 aut,

517 1957 590 2012 ut
633 1948 1041 2032 plerumque,
1095 1966 1329 2011 novem
1373 1946 1566 2009 lunae
1612 1945 1937 2021 cursibus,
1990 1946 2104 2029 qui
2153 1946 2307 2029 quia
2358 1968 2583 2011 mensa

517 2040 727 2126 spatia
769 2037 1116 2103 conficiunt
1160 2060 1411 2103 menses
1454 2039 1888 2104 nominantur.
1988 2038 2455 2122 concinneque,
2506 2050 2583 2104 ut

517 2136 740 2211 multa,
775 2133 1110 2211 Timaeus,
1156 2133 1270 2216 qui
1305 2155 1454 2199 cum
1485 2134 1553 2199 in
1589 2134 1855 2200 historia
1890 2134 2181 2214 dixisset,
2228 2157 2359 2220 qua
2393 2147 2581 2203 nocte

518 2240 706 2295 natus
735 2226 1110 2293 Alexander
1145 2239 1332 2304 esset,
1367 2228 1589 2295 eadem
1627 2228 1884 2295 Dianae
1912 2229 2234 2316 Ephesiae
2268 2231 2581 2316 templum

519 2322 1004 2411 deflagravisse,
1057 2320 1348 2388 adiunxit
1381 2323 1643 2389 minime
1678 2324 1750 2389 id
1783 2346 1924 2390 esse
1943 2324 2353 2402 mirandum,
2407 2322 2583 2407 quod

515 2417 753 2494 Diana,
792 2438 940 2482 cum
974 2415 1042 2481 in
1076 2428 1267 2501 partu
1303 2414 1714 2503 Olympiadis
1749 2418 1972 2483 adesse
1987 2409 1995 2418 ¹
2008 2418 2313 2483 voluisset
2326 2467 2345 2496 ,
2383 2417 2583 2483 afuis-

517 2524 616 2579 set
649 2512 860 2577 domo.
948 2531 1116 2595 quae
1151 2521 1367 2577 autem
1402 2510 1526 2577 dea
1561 2512 1647 2577 ad
1680 2534 1781 2577 res
1819 2510 2025 2577 omnis
2062 2512 2329 2590 veniret,
2364 2512 2587 2579 Vene-

515 2631 652 2675 rem
703 2606 906 2671 nostri
957 2606 1478 2683 nominaverunt,
1534 2618 1727 2691 atque
1771 2630 1852 2672 ex
1896 2628 1975 2672 03
2017 2608 2230 2693 potius
2276 2618 2580 2673 venustas

447 2742 451 2745 -
518 2724 714 2787 quam
747 2701 972 2767 Venus
1021 2724 1103 2766 ex
1145 2700 1504 2767 venustate.'
1589 2700 1904 2767 videtisne
1948 2700 2173 2786 igitur,
2218 2710 2291 2765 ut
2335 2724 2375 2765 a
2416 2700 2581 2786 phy·
2614 2678 2687 2791 ‚233

519 2797 668 2863 sicis
703 2797 896 2862 rebus
933 2796 1098 2863 bene
1133 2806 1326 2879 atque
1362 2796 1600 2861 utiliter
1631 2796 1911 2861 inventis
1946 2806 2150 2860 tracta
2182 2794 2344 2860 13110
2380 2795 2463 2859 811
2498 2794 2584 2860 ad

520 2888 996 2957 commenticios
1033 2901 1098 2955 et
1141 2890 1326 2955 fictos
1361 2890 1558 2955 deos?
1601 2911 1771 2973 quae
1805 2912 1908 2956 res
1944 2890 2168 2976 genuit
2212 2888 2409 2955 falsas
2446 2889 2585 2975 opi-

518 2985 742 3049 niones
806 3003 1178 3066 erroresque
1240 2983 1640 3049 turbulentos
1704 2994 1768 3048 et
1828 2984 2307 3070 superstitiones
2377 3006 2583 3071 paene

523 3076 739 3148 anilis3
791 3086 853 3141 01
896 3074 1141 3141 formae
1187 3076 1359 3141 enim
1392 3076 1579 3141 nobis
1615 3076 1883 3143 deorum
1918 3087 1985 3143 01
2019 3087 2257 3143 3013108
2294 3088 2361 3143 01
2394 3078 2587 3144 vcsti-

520 3185 625 3237 tus
679 3178 1072 3254 ornatusque
1121 3168 1258 3235 noti
1311 3182 1488 3248 sunt,
1524 3168 1797 3257 ¹genera
1846 3183 2208 3258 praeterea,
2264 3173 2585 3261 coniugia,
2634 3212 2671 3221 ··

521 3264 955 3351 cognationes,
990 3263 1330 3349 omniaque
1365 3266 1659 3331 traducta
1686 3266 1771 3331 ad
1806 3266 2286 3334 similitudinem
2319 3268 2587 3334 inbccil-

519 3360 716 3426 litatis
750 3360 1098 3438 humanae3
1133 3384 1284 3425 nam
1315 3372 1380 3427 01
1411 3362 1801 3447 perturbatis
1829 3362 2058 3428 animis
2091 3362 2483 3429 inducuntur
2498 3376 2587 3410 —-'

523 3454 885 3540 accepimus
931 3454 1103 3521 enim
1157 3456 1422 3521 deorum
1475 3456 1889 3542 cupiditates,
1944 3456 2407 3543 aegritudines,
2458 3456 2589 3521 ira-

523 3548 788 3616 cundias
805 3584 912 3628 -,
948 3572 1070 3616 nec
1095 3572 1272 3627 ver0,
1305 3562 1380 3616 ut
1413 3546 1673 3616 fabulae
1708 3550 1944 3629 ferunt,
1979 3550 2165 3617 bellis
2200 3549 2583 3636 proeliisque

524 3653 886 3720 caruerunt,
920 3666 1040 3709 nec
1061 3642 1306 3721 80111111,
1342 3655 1414 3709 111
1450 3645 1626 3731 apud
1641 3640 2023 3720 Homerum,
2061 3668 2210 3709 cum
2245 3643 2373 3708 duo
2400 3666 2587 3710 exer-

525 3738 690 3803 citus
735 3736 1080 3803 contrarios
1127 3738 1236 3803 alii
1287 3738 1392 3805 dei
1435 3761 1519 3805 ex
1565 3740 1691 3803 alia
1742 3750 1923 3825 parte
1969 3738 2414 3815 defenderent,
2470 3738 2586 3803 sed

521 3830 747 3909 0113111,
802 3843 873 3896 111
908 3854 1058 3897 (111111
1093 3829 1372 3913 Titanis,
1411 3844 1491 3899 -ut
1525 3856 1675 3899 cum
1712 3830 2105 3920 Gigantibus
2118 3879 2138 3910 ,
2174 3855 2293 3897 sua
2324 3832 2585 3919 propria

524 3924 695 3990 bella
736 3938 1091 4011 gesserunt.
1187 3927 1350 3994 haec
1398 3939 1462 3995 et
1505 3928 1809 3995 dicuntur
1852 3939 1916 3993 01
1956 3926 2303 3993 creduntur
2346 3926 2585 3992 stultis-

528 4018 686 4085 sime
723 4030 786 4085 et
827 4021 1018 4105 plena
1053 4032 1204 4086 sunt
1247 4023 1593 4089 futtilitatis
1627 4042 2041 4107 summaeque
2086 4021 2382 4089 levitatis.
2471 4020 2586 4089 sed
2627 4032 2681 4075 '1²

527 4122 743 4178 tamen
777 4112 876 4179 his
911 4113 1149 4181 fabulis
1186 4117 1414 4203 spretis
1443 4139 1522 4184 ac
1547 4117 1896 4203 repudiatis
1926 4117 2084 4184 deus
2119 4118 2443 4206 pertinens
2470 4137 2587 4203 per
