3292 4559
1001 260 1108 315 DE
1141 258 1246 315 RE
1279 259 1622 319 PUBLloA
1656 260 1705 315 1.
1741 260 1982 317 57-60.
2399 244 2521 312 171

327 418 344 436 f·
448 388 544 452 ab
589 385 714 451 hoo
756 394 1042 469 tempore
1089 404 1259 449 anno
1306 383 1756 449 sescentesimo
1802 406 1919 449 rex
1956 382 2132 447 erat?
2223 386 2409 468 ‘ergo
2443 404 2526 449 ne
2619 412 2623 417 ⁴

326 498 343 537 ι’
391 477 400 487 “
452 482 584 547 iste
638 478 898 563 quidem
950 477 1316 562 pervetus?
1390 477 1711 553 ‘minime,
1776 499 1852 541 ac
1904 498 2104 561 prope
2158 487 2527 541 senescente

337 602 344 613 ·
453 576 592 641 iam
611 570 928 639 Graecia-⁹
991 570 1182 635 ‘cedo
1217 592 1376 637 num
1411 570 1831 636 barbarorum
1849 570 2166 635 Romulus
2192 592 2307 635 rex
2334 569 2524 636 fuitP'

455 668 546 732 ‘si
555 714 578 746 ,
623 677 696 733 ut
733 664 970 733 Graeci
1018 663 1240 731 dicunt
1283 664 1492 729 omnis
1541 675 1653 731 aut
1688 662 1925 733 Graios
1972 686 2113 729 esse
2150 674 2263 729 aut
2297 663 2529 729 barba·
2622 640 2627 651 ⁸

327 798 333 811 ·
455 783 595 838 ros,
659 780 882 827 vereor
945 781 1028 823 ne
1091 758 1512 823 barbarorum
1563 779 1679 824 rex
1731 756 1959 831 fuer-ita
2024 755 2125 821 sin
2172 756 2245 821 id
2292 778 2543 823 nomer»

333 885 342 893 ·
453 853 748 919 moribus
809 851 1094 919 dandum
1157 862 1255 917 est
1272 899 1291 928 ,
1363 873 1494 917 non
1553 851 1825 937 linguis,
1885 872 2017 915 non
2070 847 2358 916 Graecos
2409 850 2531 915 mi-

455 971 584 1015 nus
623 946 634 1034 Ι
674 944 980 1013 barbaros
1015 967 1214 1029 quam
1243 946 1572 1011 Romanos
1605 945 1805 1031 puto?
1870 954 1935 1011 et
1964 943 2213 1032 Scipio=
2250 946 2343 1031 [p.
2382 944 2528 1011 153.

459 1049 478 1079 6
493 1041 675 1125 atqui
727 1040 811 1105 ad
853 1038 1004 1115 hoc,
1057 1039 1140 1105 de
1187 1059 1320 1121 quo
1361 1039 1606 1125 agitur,
1661 1060 1793 1103 non
1838 1039 2207 1123 quaerimus
2248 1050 2531 1125 gentem,

459 1134 726 1221 ingenia
759 1133 1158 1217 quaerimus3
1195 1132 1252 1197 si
1285 1132 1458 1199 enim
1493 1144 1558 1199 et
1590 1133 1938 1218 prudentes
1976 1134 2265 1199 homines
2300 1143 2365 1198 et
2398 1154 2529 1197 non

329 1297 340 1306 „
460 1242 714 1295 veteres
759 1250 944 1314 reges
989 1228 1232 1293 habere
1272 1228 1644 1305 voluerunt,
1688 1239 1835 1295 utor
1876 1250 2089 1313 neque
2131 1226 2529 1314 perantiquis

461 1345 676 1409 neque
709 1322 1074 1388 inhumanis
1111 1344 1190 1389 ae
1221 1320 1378 1387 feris
1411 1322 1725 1387 testibus?

595 1417 770 1481 Tum
804 1416 1098 1483 Laelius·
1155 1422 1172 1453 ‘
1185 1415 1374 1481 video
1407 1426 1493 1493 te,
1541 1415 1785 1502 Scipio,
1832 1417 2209 1483 testimoniis
2244 1414 2397 1481 satis
2432 1414 2531 1479 in-
2564 1393 2636 1507 {3

467 1520 809 1588 structum,
863 1511 978 1575 sed
1031 1510 1204 1595 apud
1249 1532 1354 1575 me
1399 1519 1472 1574 ut
1515 1512 1691 1595 apud
1740 1512 1983 1576 bonum
2026 1510 2304 1577 iudicem
2338 1532 2532 1595 argu-

463 1616 684 1670 menta
725 1606 872 1690 plu-s
923 1625 1121 1688 quam
1157 1614 1353 1669 testes
1387 1604 1642 1670 valent?
1702 1602 1715 1691 Ι
1770 1623 1911 1669 tum
1946 1602 2194 1691 Scipio:
2252 1600 2347 1688 [p.
2386 1602 2531 1667 154.

467 1706 680 1765 ‘utere
729 1699 927 1784 lgitur
978 1709 1392 1785 argumente,
1451 1698 1675 1775 Laeli,
1740 1710 1879 1764 tute
1929 1699 2070 1785 ipse
2122 1720 2345 1763 sensus
2396 1696 2529 1760 tui.’

469 1800 488 1830 6
503 1794 682 1857 cuius
695 1793 711 1821 '
763 1793 975 1877 inquit
1025 1794 1132 1857 ille
1187 1794 1508 1859 ‘sensus?’
1583 1794 1675 1859 ‘si
1722 1793 1981 1879 quando
2034 1791 2123 1879 [si
2164 1788 2362 1877 forte]
2416 1789 2533 1854 tibi

468 1886 646 1951 visus
681 1908 750 1951 es
784 1885 975 1951 irasci
1011 1885 1201 1951 alicui
1213 1886 1251 1961 ⁹,
1268 1921 1358 1932 —
1376 1891 1528 1973 ‘ego
1563 1907 1718 1952 vero
1754 1887 2011 1973 saepius
2038 1908 2234 1970 quam
2260 1882 2537 1951 vellem?

468 2016 558 2027 --
575 1979 799 2061 ‘quid?
833 1989 994 2057 tum,
1031 2000 1182 2046 cum
1214 1991 1288 2045 tu
1323 2003 1394 2047 es
1427 1980 1650 2059 iratus,
1688 1982 2005 2067 per-mittis
2038 1981 2133 2046 illi
2164 1978 2533 2045 iracundiae

471 2074 868 2139 dominatum
915 2074 1111 2139 animi
1157 2075 1316 2139 tui?
1375 2082 1564 2152 ‘non,
1615 2098 1721 2141 me
1764 2076 2025 2142 hercule
2035 2076 2075 2153 ‚⁹
2128 2074 2339 2158 inquit
2390 2071 2537 2138 ‘sed

469 2169 684 2233 imitor
717 2168 1078 2253 Archytam
1117 2168 1301 2234 illum
1334 2170 1789 2247 Tarentinum,
1836 2170 1946 2255 qui
1995 2192 2145 2235 oum
2188 2169 2271 2234 ad
2316 2167 2534 2232 villam

469 2262 749 2328 venisset
781 2273 847 2328 et
882 2262 1098 2327 omnia
1135 2263 1320 2329 aliter
1353 2263 1729 2329 offendisset
1764 2286 1843 2329 ao
1874 2264 2177 2341 iusserat,
2214 2269 2307 2327 “a
2338 2272 2405 2327 te
2436 2261 2537 2325 in·-
2588 2332 2599 2353 .

470 2356 784 2433 felicem,''
819 2356 1046 2441 inlquit
1074 2357 1262 2421 vilico
1304 2364 1550 2441 “quem
1574 2380 1909 2423 necassem
1934 2358 2068 2423 iam
2093 2380 2237 2424 ver-
2274 2354 2366 2441 [p.
2384 2353 2533 2419 265.

469 2450 762 2528 beribus,
813 2452 936 2515 nisi
987 2452 1190 2517 iratus
1246 2452 1518 2518 essem.''
1543 2453 1559 2481 '
1648 2453 1977 2539 ‘optime,’
2029 2452 2239 2537 inquit
2292 2449 2530 2536 Scipio.
2577 2476 2631 2516 so

473 2552 658 2631 ‘ergo
707 2546 1034 2632 Archytas
1085 2546 1484 2613 iracundiam
1539 2547 1843 2614 videlicet
1890 2548 2305 2613 dissidentem
2348 2569 2388 2609 a
2430 2566 2534 2609 ra-

469 2639 640 2705 tione
688 2640 1066 2706 seditionem
1109 2642 1435 2726 quandam
1483 2642 1568 2707 ab
1614 2642 1827 2707 animo
1868 2645 2296 2707 removendam
2342 2639 2537 2704 duce-

469 2734 584 2798 bat
595 2756 615 2810 3
669 2734 834 2798 adde
869 2734 1204 2799 avaritiam
1217 2783 1236 2812 ,
1286 2736 1452 2801 adde
1485 2736 1769 2821 imperii,
1808 2736 1975 2801 adde
2009 2737 2251 2821 gloriae
2286 2733 2538 2817 cupidi-

471 2837 690 2903 tatem,
727 2826 892 2891 adde
924 2828 1242 2892 libidines.
1309 2840 1374 2893 et
1405 2828 1568 2893 illud
1602 2830 1808 2908 vides,
1842 2830 1913 2893 in
1946 2828 2175 2893 animis
2204 2826 2539 2890 hominum

472 2920 689 3004 regale
742 2920 796 2983 si
837 2920 1177 3005 imperium
1225 2922 1338 2998 sit,
1389 2922 1578 2987 unius
1627 2923 1767 2988 fore
1812 2923 2207 2987 dominatum
2220 2968 2239 2998 ,
2292 2919 2539 2985 consilii

477 3012 714 3078 scilicet
746 3048 836 3061 -··
869 3036 947 3078 ea
1000 3026 1098 3079 est
1149 3015 1322 3079 enim
1365 3016 1561 3080 animi
1607 3039 1758 3101 pars
1804 3017 2063 3101 optima
2093 3050 2201 3093 --‚
2258 3011 2351 3101 [p.
2387 3014 2535 3094 266.

477 3107 742 3173 consilio
788 3118 1004 3173 autem
1051 3109 1420 3175 dominante
1467 3110 1718 3175 nullum
1764 3132 1905 3176 esse
1950 3109 2351 3186 libidinibus,
2394 3108 2539 3172 n-ul-

475 3202 610 3267 lum
655 3201 789 3266 irae
803 3248 820 3277 ‚
874 3203 1122 3267 nullum
1167 3203 1512 3269 temeritati
1555 3204 1813 3270 locum.’
1902 3210 1921 3239 ‘
1936 3204 2056 3269 sio’
2106 3203 2319 3288 inquit
2372 3201 2535 3267 ‘est.’

477 3296 740 3380 ‘probas
775 3294 974 3381 igitur
1007 3296 1294 3361 animum
1328 3298 1420 3362 ita
1455 3298 1848 3364 adfectum?’
1894 3299 2082 3363 ‘nihil
2116 3299 2298 3363 vero'
2330 3296 2541 3379 inquit

479 3389 755 3475 ‘magia’
846 3398 1030 3476 ‘ergo
1082 3413 1212 3455 non
1264 3393 1599 3477 probares,
1666 3394 1721 3458 si
1774 3394 2041 3459 consilio
2092 3394 2280 3479 pulso
2329 3390 2543 3454 libidi-

476 3506 611 3560 ιιεε,
682 3506 848 3568 quae
922 3497 1072 3550 sunt
1133 3486 1665 3565 innumerabiles,
1733 3487 2185 3555 iracundiaeve
2252 3492 2541 3551 tenerent

480 3578 732 3644 omnia.'
823 3585 978 3665 ‘ego
1030 3602 1182 3645 vero
1237 3581 1400 3647 nihil
1448 3582 1572 3647 isto
1617 3583 1868 3659 anim0,
1917 3582 2077 3646 nihil
2126 3581 2218 3645 ita
2260 3580 2543 3644 animato

479 3672 734 3739 homine
772 3670 784 3759 Ι
819 3674 1114 3740 miserius
1151 3676 1496 3741 ducerem.⁹
1585 3668 1739 3741 6861)
1774 3698 1975 3763 regno
2009 3675 2207 3761 igitur
2260 3671 2354 3759 [p.
2390 3670 2538 3735 267.

481 3766 596 3831 tibi
643 3790 782 3834 esse
826 3770 1037 3856 placet
1071 3770 1281 3835 omnis
1317 3771 1517 3835 animi
1553 3771 1755 3857 partis
1790 3782 1856 3837 et
1890 3793 2001 3836 eas
2034 3769 2171 3856 regi
2210 3763 2537 3833 consilio?

485 3861 670 3925 ‘mihi
723 3884 873 3929 vero
925 3864 1018 3929 sic
1068 3865 1322 3951 placet?
1413 3871 1558 3930 ‘cur
1600 3865 1801 3951 igitur
1846 3865 2106 3931 dubitas
2146 3862 2302 3947 quid
2347 3861 2429 3925 de
2470 3881 2540 3923 re

484 3956 742 4040 publica
809 3960 1084 4025 sentias?
1163 3960 1234 4024 in
1301 3980 1460 4045 qua,
1531 3961 1588 4025 si
1656 3960 1725 4025 in
1792 3960 1995 4046 pluris
2064 3957 2371 4023 translata
2438 3975 2541 4018 res

483 4052 590 4129 sit,
650 4052 934 4139 intellegi
997 4054 1126 4122 iam
1187 4056 1339 4123 licet
1400 4054 1653 4121 nullum
1716 4054 1855 4121 fore
1906 4055 2082 4139 quod
2132 4051 2370 4140 praesit
2420 4052 2540 4115 im-
