3292 4559
739 155 870 222 104
1351 165 1432 220 Μ.
1469 163 1745 223 TULLII
1778 163 2179 222 CICERONIS

736 292 1035 378 galiaque
1081 289 1456 366 defendere,
1500 287 1716 354 omnia
1746 287 2107 372 publicanis
2140 311 2377 374 negare
2390 335 2411 365 ,
2457 290 2683 354 multa
2722 313 2833 355 so·
2937 313 2938 380 3

735 385 850 450 ciis
863 432 882 461 ,
927 407 1078 450 cum
1119 384 1192 448 in
1231 383 1348 448 hos
1393 382 1669 448 benefici
1713 403 1855 448 esse
1900 383 2311 460 deberemus,
2359 404 2511 447 cum
2546 383 2685 448 illis
2732 386 2825 448 sic

736 501 958 565 agere,
1003 488 1077 544 ut
1121 501 1272 544 cum
1316 477 1556 543 colonis
1599 477 1837 542 nostris
1884 478 2263 554 soleremus,
2314 498 2535 560 eoque.
2572 480 2819 564 magis,

735 573 910 658 quod
960 572 1072 638 illa
1124 572 1422 637 ordinum
1477 570 1842 637 coniunctio
1894 570 1981 635 ad
2030 572 2303 636 salutem
2353 571 2448 635 rei
2500 573 2819 656 publicae

732 667 1113 752 pertinebat.
1201 667 1366 730 male
1403 666 1598 731 etiam
1634 663 1869 742 Curi0,
1906 686 2059 730 cum
2088 687 2351 730 causam
2386 663 2817 752 Transpada-

734 782 964 826 norum
1025 783 1298 845 aequam
1361 782 1500 824 esse
1564 759 1849 836 dicebat,
1920 782 2173 845 semper
2236 769 2453 824 autem
2518 760 2817 825 addebat

736 862 754 890 ‘
768 854 984 920 vincat
1025 854 1294 920 utilitasl
1311 855 1327 882 '
1382 855 1594 940 potius
1641 853 1899 918 doceret
1941 875 2073 919 non
2117 877 2257 919 esse
2292 851 2601 938 aequam,
2650 856 2815 937 quia

732 970 864 1014 non
897 959 1066 1014 esset
1100 948 1274 1013 utilis
1308 948 1404 1013 rei
1435 947 1754 1032 publicae,
1792 969 1991 1031 quam
2030 970 2179 1012 cum
2212 970 2347 1012 non
2368 949 2601 1013 utilem
2631 948 2812 1014 dice-

733 1053 850 1118 ret,
887 1065 1028 1108 esse
1061 1063 1336 1125 aequam
1369 1041 1700 1106 fateretur.
1878 1059 1888 1066 ·

630 1121 700 1232 ἓξ
862 1134 1108 1200 Plenus
1157 1145 1253 1200 est
1297 1142 1514 1198 sextus
1560 1133 1725 1199 liber
1768 1133 1850 1199 de
1893 1133 2147 1198 officiis·
2174 1134 2522 1199 Hecatonis
2570 1135 2806 1199 talium

735 1228 1213 1313 quaestionum,
1249 1228 1412 1292 sitne
1445 1228 1601 1294 boni
1637 1229 1757 1292 viri
1790 1227 1858 1292 in
1894 1228 2174 1292 maxima
2208 1228 2471 1293 caritate
2502 1251 2805 1294 annonae

734 1322 1041 1386 familiam
1095 1343 1225 1385 non
1279 1321 1478 1386 alere:
1533 1323 1602 1386 in
1645 1332 1987 1406 utramque
2028 1333 2275 1407 partem
2322 1322 2645 1407 disputat,
2686 1324 2806 1386 sed

735 1427 952 1482 tamen
994 1415 1078 1480 ad
1122 1427 1478 1481 extremum
1521 1416 1824 1493 utilitate,
1878 1427 1953 1481 ut
1993 1427 2205 1501 putat,
2248 1415 2535 1480 officium
2580 1416 2807 1502 dirigit

733 1509 940 1594 magis
991 1531 1188 1594 quam
1239 1510 1657 1574 humanitate.
1763 1510 2041 1594 quaerit,
2104 1511 2161 1574 si
2210 1510 2279 1573 in
2331 1511 2495 1574 mari
2550 1511 2805 1575 iactura

733 1603 1030 1669 facienda
1082 1603 1192 1681 sit,
1245 1605 1475 1688 equine
1527 1603 1792 1689 pretiosi
1840 1603 2057 1688 potius
2106 1604 2417 1668 iacturam
2470 1604 2674 1669 faciat
2714 1627 2803 1669 an

734 1699 968 1764 servoli
1011 1699 1182 1762 vilis:
1230 1697 1336 1764 hic
1381 1699 1507 1762 alio
1553 1721 1657 1763 res
1701 1698 2062 1774 familiaris,
2108 1699 2233 1763 alio
2281 1698 2458 1763 ducit
2500 1698 2802 1764 humani-

733 1803 852 1856 tas.
942 1794 1028 1857 ‘si
1071 1792 1358 1858 tabulam
1402 1794 1482 1858 de
1527 1793 1867 1878 naufragio
1906 1793 2137 1856 stultus
2172 1793 2541 1877 arripuerit,
2586 1805 2800 1858 extor-

733 1886 1035 1970 quebitne
1071 1910 1214 1952 eam
1251 1888 1535 1972 sapiens,
1573 1887 1628 1951 si
1662 1887 2007 1972 potuerit?'
2053 1898 2280 1972 negat,
2326 1888 2479 1970 quia
2514 1889 2595 1952 sit
2630 1889 2803 1952 iniu-

732 1981 917 2046 rium.
1007 1982 1194 2065 ‘quid
1239 1983 1533 2047 dominus
1577 1983 1802 2046 navis?
1848 1980 2155 2067 eripietne
2198 1982 2455 2046 suum?
2510 1983 2797 2060 minime,

732 2096 863 2140 non
905 2077 1052 2161 plus
1096 2098 1292 2160 quam
1337 2078 1751 2161 navigantem
1795 2077 1863 2140 in
1909 2077 2036 2141 alto
2073 2077 2279 2142 eicere
2316 2077 2396 2141 de
2432 2078 2584 2140 navi
2609 2078 2796 2167 velit,

733 2171 886 2254 quia
919 2194 1038 2236 sua
1071 2172 1184 2248 sit3
1233 2172 1449 2254 quoad
1484 2172 1655 2237 enim
1690 2183 2071 2256 perventum
2108 2184 2204 2236 est
2238 2194 2336 2249 eo,
2374 2193 2501 2255 quo
2540 2185 2798 2258 sumpta

645 2295 698 2336 9ο
732 2268 916 2332 navis
952 2277 1070 2343 est,
1104 2287 1234 2330 non
1271 2266 1512 2330 domini
1539 2277 1638 2332 est
1663 2267 1868 2344 navis,
1904 2266 2019 2331 sed
2049 2266 2511 2352 navigantium.
2572 2269 2797 2351 ‘quid?

735 2363 791 2425 si
834 2383 964 2424 una
1007 2359 1227 2423 tabula
1269 2360 1381 2437 sit,
1433 2361 1562 2424 duo
1607 2361 1909 2446 naufragi
1954 2361 2140 2444 eique
2184 2360 2534 2447 sapientes,
2591 2362 2795 2426 sibine

656 2449 665 2456 ’
732 2465 1018 2537 uterque·
1036 2453 1241 2537 rapiat
1279 2477 1363 2517 an
1399 2453 1558 2518 alter
1593 2455 1781 2520 cedat
1815 2455 2061 2520 alteri?'
2108 2455 2296 2519 cedat
2330 2477 2514 2531 vero,
2562 2456 2680 2520 sed
2714 2457 2793 2532 ei,

731 2546 915 2611 cuius
966 2547 1171 2632 magis
1223 2547 1472 2613 intersit
1525 2549 1627 2612 vel
1676 2571 1793 2612 sua
1838 2550 1941 2614 vel
1983 2549 2076 2614 rei
2118 2547 2413 2633 publicae
2460 2571 2656 2613 causa
2702 2551 2805 2614 vi-

731 2664 902 2708 vere.
974 2642 1199 2726 ‘quid?
1235 2642 1290 2706 si
1323 2643 1482 2708 haec
1517 2643 1698 2728 paria
1730 2643 1801 2708 in
1835 2643 2172 2726 utroque?
2218 2643 2467 2707 nullum
2504 2643 2619 2707 erit
2656 2666 2803 2708 cer-

730 2748 974 2814 tamen,
1021 2737 1137 2802 sed
1189 2737 1373 2821 quasi
1419 2748 1588 2802 sorte
1634 2748 1747 2802 aut
1788 2737 2084 2802 micando
2131 2737 2335 2801 victus
2381 2738 2563 2802 alt-eri
2608 2738 2801 2802 cedet

731 2833 910 2897 alter.
1001 2830 1228 2914 ‘quid?
1281 2831 1338 2895 si
1380 2843 1563 2917 pater
1605 2831 1759 2896 fana
1804 2832 2070 2916 expilet,
2128 2831 2455 2895 cuniculos
2510 2843 2667 2916 agat
2714 2833 2803 2896 ad

732 2925 1074 3001 aerarium,
1135 2924 1454 2990 indicetne
1518 2925 1584 2988 id
1647 2925 2129 3010 magistratibus
2182 2924 2419 2988 filius?'
2450 2947 2457 2952 ·
2489 2926 2675 2988 nefas
2731 2927 2801 2989 id

732 3020 994 3102 quidem
1047 3030 1171 3083 est:
1226 3019 1384 3103 quin
1439 3020 1630 3084 etiam
1686 3020 1990 3086 defendat
2036 3031 2311 3104 patrem,
2364 3019 2417 3084 si
2464 3033 2799 3103 arguatur.

733 3119 894 3177 ‘non
925 3111 1122 3197 igitur
1156 3113 1364 3198 patria
1399 3125 1681 3199 praestat
1717 3115 2013 3178 omnibus
2050 3112 2344 3178 officiis?’
2390 3113 2589 3176 immo
2620 3135 2795 3189 vei-0,

732 3210 846 3274 sed
873 3208 1013 3295 ‘ipsi
1057 3210 1302 3295 patriae
1346 3210 1644 3274 conducit
1690 3209 1831 3294 pios
1863 3209 2111 3274 habere
2158 3208 2315 3272 civis
2361 3207 2429 3270 in
2473 3221 2799 3292 parentes.

733 3303 954 3389 ‘quidP
1025 3305 1080 3369 si
1122 3304 1524 3389 tyrannidem
1572 3325 1917 3388 occupare,
1970 3303 2024 3368 si
2070 3302 2344 3387 pat-riam
2378 3302 2647 3387 prodere
2690 3324 2797 3366 co-

729 3399 990 3463 nabitur
1039 3410 1252 3484 pater,
1316 3397 1608 3464 silebitne
1664 3398 1901 3462 fflius?'
1973 3399 2171 3461 immo
2225 3418 2376 3462 vero
2432 3395 2797 3460 obsecrabit

729 3503 1010 3578 patrem,
1043 3515 1127 3557 ne
1161 3493 1231 3556 id
1265 3491 1490 3557 faciat:
1545 3492 1602 3557 si
1637 3492 1797 3556 nihil
1833 3492 2141 3577 proficiet,
2180 3490 2541 3566 accusabit,
2585 3488 2799 3550 mina—

730 3587 904 3651 bitur
945 3587 1167 3664 etiam3
1223 3587 1308 3650 ad
1351 3598 1740 3663 extremum,
1786 3587 1839 3650 si
1887 3587 1968 3651 ad
2014 3587 2357 3671 perniciem
2402 3585 2645 3670 patriae
2688 3605 2795 3646 res

645 3709 700 3748 91
731 3680 1068 3767 spectabit,
1103 3680 1346 3767 patriae
1385 3681 1657 3746 salutem
1692 3692 2036 3766 anteponet
2072 3680 2260 3744 saluti
2295 3679 2513 3764 patris.
2595 3699 2800 3759 quae-

730 3776 812 3840 rit
867 3775 1088 3850 etiam,
1145 3775 1199 3840 si
1251 3774 1504 3859 sapiens
1559 3775 1951 3842 adulterinos
1996 3797 2289 3839 nummos
2334 3772 2653 3856 acceperit
2700 3771 2799 3836 in-

731 3869 1012 3953 prudens
1047 3891 1163 3953 pro
1199 3869 1417 3945 bonis,
1456 3890 1603 3933 cum
1638 3871 1707 3934 id
1742 3870 2055 3947 rescierit,
2100 3871 2506 3934 soluturusne
2543 3868 2625 3930 sit
2663 3888 2797 3943 eos,

734 3963 790 4024 si
823 3962 929 4026 cui
965 3963 1214 4042 debeat,
1249 3985 1367 4050 pro
1402 3963 1618 4029 bonis:
1684 3965 2013 4050 Diogenes
2050 3965 2161 4042 ait,
2196 3963 2541 4048 Antipater
2574 3973 2800 4046 negat,
