3292 4559
1071 225 1182 281 DE
1217 224 1547 283 ochns
1582 224 1630 283 Ι.
1686 226 1953 281 41-48.“
2450 211 2533 277 15

481 350 883 437 benigniores
926 348 1148 414 volunt
1193 372 1332 415 esse
1379 371 1573 434 quam
1617 372 1721 415 res
1768 348 2005 434 patitur
2038 347 2318 433 primum
2351 348 2419 414 in
2454 370 2535 415 eo

478 454 768 531 peccant,
805 443 978 528 quod
1013 440 1302 507 iniuriosi
1337 454 1485 507 sunt
1519 443 1585 507 in
1616 442 1943 528 proximos
1955 466 1973 518 3
2019 460 2181 524 quas
2218 441 2389 507 enim
2424 464 2532 509 oo·-

479 540 618 625 pias
654 538 752 603 his
789 549 853 603 et
885 536 1282 621 suppeditari
1317 536 1584 620 aequius
1620 547 1718 601 est
1753 546 1817 601 et
1852 534 2145 618 relinqui,
2180 558 2289 601 eas
2324 546 2533 602 trans-

479 633 690 699 ferunt
733 632 816 697 ad
859 630 1120 695 alienos.
1207 630 1372 697 inest
1417 640 1632 696 autem
1678 630 1746 693 in
1792 630 1905 694 tali
1939 629 2317 697 liberalitate
2350 632 2531 718 eupi-

479 728 643 791 ditas
685 725 1068 811 plerumque
1109 723 1399 811 rapiendi
1445 736 1510 791 et
1545 724 1881 789 auferendi
1924 744 2039 808 per
2084 724 2412 801 iniuriam,
2458 738 2532 789 ut

477 821 562 886 ad
621 820 1024 907 largiendum
1085 829 1430 905 suppetant
1491 818 1733 903 copiae.
1833 817 2051 883 videre
2122 819 2313 883 etiam
2384 820 2533 885 lieet

476 917 816 1001 plerosque
860 936 990 979 non
1037 924 1171 979 tam
1203 923 1436 977 natura
1468 913 1749 979 liberalis
1784 933 1979 996 quam
2014 912 2292 994 quadam
2326 913 2531 997 gloria
2614 926 2617 929 ’

478 1009 731 1085 duotoS,
777 1017 852 1071 ut
892 1006 1163 1071 benefici
1207 1006 1573 1082 videantur,
1619 1005 1833 1070 faeere
1868 1004 2100 1082 multa,
2137 1026 2303 1088 quae
2336 1006 2531 1091 profi-

481 1102 634 1167 cisci
670 1101 752 1165 ab
790 1100 1212 1165 ostentatione
1247 1099 1454 1185 magis
1491 1121 1688 1183 quam
1722 1122 1766 1163 a
1798 1099 2125 1163 voluntate
2161 1098 2528 1163 videantur:

479 1198 622 1263 talis
671 1208 886 1261 autem
931 1195 1250 1264 simulatio
1294 1195 1560 1260 vanitati
1609 1204 1708 1259 est
1742 1193 2137 1259 coniunctior
2179 1214 2375 1277 quam
2420 1204 2533 1257 aut

475 1290 838 1356 liberalitati
883 1301 994 1355 aut
1029 1290 1364 1355 honestati.
1453 1288 1711 1355 tertium
1746 1301 1845 1354 est
1875 1288 2301 1375 propositum,
2347 1300 2422 1352 ut
2462 1288 2531 1353 in
2564 1308 2617 1347 45

480 1385 898 1451 beneficentia
947 1384 1216 1450 dilectus
1271 1394 1438 1449 esset
1493 1383 1853 1469 dignitatis3
1908 1382 1977 1447 in
2030 1403 2158 1465 quo
2212 1393 2279 1447 et
2322 1404 2531 1448 mores

479 1480 614 1545 eius
651 1490 838 1545 erunt
873 1479 1228 1565 spectandi,
1273 1479 1340 1543 in
1383 1501 1576 1563 quem
1612 1478 1995 1545 beneficium
2030 1476 2421 1557 conferetur,
2466 1489 2531 1544 et

479 1574 727 1638 animus
776 1597 933 1659 erga
975 1596 1092 1639 nos
1137 1584 1201 1639 et
1243 1574 1664 1639 communitas
1714 1595 1789 1637 ao
1836 1572 2104 1637 societas
2142 1571 2310 1637 vitae
2347 1583 2412 1636 et
2446 1573 2532 1637 ad

475 1679 722 1733 nostras
757 1668 1062 1733 utilitates
1097 1668 1310 1733 officia
1343 1679 1493 1733 ante
1529 1667 1810 1732 conlata:
1850 1688 2015 1750 quae
2052 1676 2121 1730 ut
2149 1684 2531 1731 concurrant

475 1762 717 1837 omnia,
753 1761 1030 1846 optabile
1067 1772 1192 1837 est3
1247 1760 1303 1825 si
1335 1761 1567 1837 minus,
1603 1760 1819 1845 plures
1858 1780 2089 1825 causae
2125 1757 2528 1843 maioresque

477 1854 776 1941 ponderis
814 1855 958 1939 plus
993 1854 1342 1919 habebunt.
1405 1924 1418 1933 ,
2636 1850 2641 1855 ’

606 1950 932 2033 Quoniam
967 1959 1182 2013 autem
1216 1949 1452 2014 vivitur
1487 1970 1617 2013 non
1653 1970 1799 2013 oum
1838 1947 2137 2034 perfectis
2164 1949 2527 2016 hominibus
2565 1938 2633 2051 ἒξ

474 2047 792 2130 planeque
838 2043 1260 2128 sapientibus,
1307 2044 1421 2109 sed
1465 2065 1614 2108 oum
1658 2042 1765 2119 iis,
1810 2042 1879 2107 in
1924 2042 2159 2126 quibus
2204 2046 2529 2129 praeclare

474 2140 686 2225 agitur
721 2138 776 2203 si
811 2149 960 2203 sunt
987 2138 1328 2205 simulacra
1353 2138 1626 2214 vit-tutia,
1664 2138 1855 2203 etiam
1882 2136 2005 2202 hoo
2029 2137 2530 2225 intellegendum

473 2244 649 2319 put0,
685 2232 1005 2298 neminem
1041 2232 1298 2297 omnino
1333 2254 1474 2299 esse
1508 2228 2065 2319 neglegendum,
2048 2256 2114 2297 1n
2151 2254 2279 2317 quo
2315 2234 2533 2319 aliqua

474 2327 852 2413 significatio
903 2326 1154 2392 'virtutis
1206 2327 1541 2413 adpareat,
1595 2325 1932 2392 colendum
1986 2338 2205 2393 autem
2256 2351 2396 2394 esse
2439 2330 2531 2395 ita

474 2443 792 2506 quemque
855 2421 1162 2498 maxime,
1225 2433 1296 2485 ut
1357 2422 1628 2506 quisque
1690 2421 1969 2486 maxime
1994 2488 2005 2497 ,
2033 2421 2377 2489 virtutibus
2428 2423 2528 2487 his

470 2516 818 2582 lenioribus
855 2516 973 2581 erit
1007 2526 1288 2593 ornatus,
1324 2516 1668 2593 modestia,
1712 2517 2162 2603 temperantia,
2212 2516 2333 2585 hae
2365 2519 2527 2605 ipsa,

473 2611 553 2676 de
598 2632 728 2693 qua
769 2612 972 2675 multa
1014 2610 1144 2675 iam
1189 2611 1362 2677 diota
1403 2620 1582 2688 sunt,
1625 2609 1885 2675 iustitia.
1973 2634 2124 2677 nam
2170 2611 2352 2676 fortis
2389 2612 2525 2677 ani-

471 2727 615 2769 mus
678 2715 742 2768 et
803 2727 1074 2789 magnus
1133 2704 1203 2769 in
1253 2703 1510 2771 homine
1560 2725 1692 2769 non
1745 2705 2029 2789 perfeeto
2080 2728 2201 2771 neo
2254 2706 2525 2791 sapienti

472 2798 819 2861 ferventior
878 2798 1254 2882 plerumque
1319 2810 1441 2864 est:
1512 2800 1659 2864 illae
1722 2798 1986 2863 virtutes
2030 2798 2270 2864 bonum
2316 2800 2526 2865 virum

473 2891 771 2955 videntur
821 2890 1032 2975 potius
1085 2892 1418 2977 attingere.
1489 2903 1683 2975 atque
1726 2892 1887 2957 haee
1932 2891 1999 2957 in
2046 2894 2349 2959 moribus·
2445 2896 2525 2961 de
2562 2912 2615 2951 ⁴⁷

473 2984 918 3050 benevolentia
953 2996 1188 3062 autem,
1222 3006 1421 3068 quam
1452 2986 1730 3069 quisque
1766 2985 2001 3053 habeat
2036 3011 2191 3074 erga
2222 3011 2361 3067 nos,
2396 2989 2526 3075 pri-

473 3101 652 3143 mum
693 3078 854 3143 illud
899 3089 996 3143 est
1039 3078 1105 3142 in
1151 3078 1391 3155 officio,
1437 3090 1510 3145 ut
1553 3081 1614 3145 ei
1658 3081 2005 3165 plurimum
2050 3082 2434 3161 tribuamus,
2486 3107 2528 3149 a

472 3195 603 3257 quo
655 3173 1002 3259 plurimum
1057 3172 1429 3259 diligamur,
1483 3176 1596 3241 sed
1643 3174 2153 3242 benevolentiam
2196 3200 2327 3243 non
2367 3178 2528 3243 adu-

470 3266 962 3333 lescentulorum
1006 3289 1183 3333 more
1225 3266 1450 3333 ardore
1493 3268 1773 3351 quodam
1818 3270 2083 3347 amoris,
2128 3271 2243 3335 sed
2286 3271 2528 3337 stabili·-

473 3372 602 3427 tate
657 3362 866 3445 potius
924 3371 989 3427 et
1041 3361 1396 3427 constantia
1435 3362 1813 3428 iudicemus.
1906 3364 2006 3429 sin
2050 3374 2235 3429 erunt
2278 3365 2523 3441 merita,

471 3465 546 3519 ut
577 3476 706 3519 non
741 3455 1042 3533 ineunda,
1077 3456 1192 3521 sed
1223 3455 1562 3521 referenda
1597 3457 1679 3521 sit
1712 3456 1941 3541 gratia,
1977 3458 2181 3522 maior
2207 3457 2523 3542 quaedam

473 3570 628 3613 eura
690 3548 1054 3613 adhibenda
1114 3558 1238 3625 est-3
1308 3550 1556 3615 nullum
1617 3550 1789 3615 enim
1852 3550 2137 3615 officium
2188 3549 2525 3615 referenda

472 3642 679 3727 gratia
713 3642 920 3728 magis
954 3643 1384 3709 necessarium
1418 3656 1534 3709 est.
1622 3644 1797 3727 quod
1843 3642 1897 3708 si
1932 3666 2037 3720 ea,
2082 3663 2251 3727 quae
2286 3644 2524 3708 utenda
2554 3672 2608 3711 48

473 3738 822 3821 acceperis,
876 3737 1116 3802 maiore
1161 3759 1488 3815 mensura,
1541 3737 1595 3801 si
1639 3738 1831 3803 modo
1876 3737 2113 3823 possis,
2156 3737 2339 3803 iubet
2378 3739 2523 3803 red-

473 3829 626 3893 dere
651 3830 994 3907 HesioduS,
1032 3830 1338 3914 quidnam
1373 3831 1683 3897 beneficio
1719 3832 2047 3917 provocat-i
2082 3832 2293 3897 faeere
2328 3830 2523 3897 debe-

476 3923 656 3987 mus?
708 3946 792 3989 an
835 3925 1068 4011 imitari
1109 3948 1298 4012 agros
1345 3926 1602 4005 fertilis,
1654 3925 1771 4011 qui
1812 3927 2017 3991 multo
2060 3927 2205 4012 plus
2250 3926 2523 3992 efferunt

474 4039 670 4100 quam
705 4020 1118 4103 aeceperunt?
1154 4022 1388 4087 etenim
1424 4021 1477 4086 si
1509 4023 1578 4087 in
1613 4044 1745 4100 eos,
1780 4044 1942 4106 quos
1979 4044 2309 4107 speramus
2336 4020 2523 4087 nobis
