3292 4559
959 297 1068 352 DE
1103 294 1434 353 DEORUM
1468 292 1797 352 NATURA
1830 295 1907 350 11.
1944 296 2150 350 6-11,
2524 284 2611 349 43

547 429 625 487 ut
665 421 984 497 biberent,
1028 418 1331 504 qnoniam
1378 440 1518 485 esse
1561 416 1843 484 nollent?
1896 418 2007 501 qui
2050 418 2215 483 risus
2262 418 2465 485 classe
2502 420 2613 485 de·-

552 516 720 581 victa
753 515 987 580 multas
1019 513 1145 599 ipsi
1177 514 1502 589 lacrimae,
1539 535 1842 599 magnam
1877 512 2116 599 populo
2151 511 2447 578 Romano
2483 514 2612 579 cla-

553 610 702 675 dem
734 608 964 674 attulit.
1018 608 1212 692 quid?
1247 607 1494 693 collega
1528 606 1669 673 eius
1685 606 1913 672 Iunius
1942 608 2169 673 eodem
2202 607 2373 673 bello
2396 630 2611 673 nonne

551 713 928 789 tempestate
974 702 1243 768 classem
1280 702 1520 779 amisit,
1570 722 1719 765 cum
1754 700 2055 786 auspiciis
2090 723 2222 766 non
2257 702 2613 787 paruisset?

549 797 769 881 itaque
789 793 1102 861 Claudius
1137 818 1178 860 a
1209 797 1450 882 populo
1481 796 1943 861 condemnatus
1972 808 2089 874 est,
2125 793 2353 862 Iunius
2386 818 2613 863 necem

556 890 678 954 sibi
719 890 859 975 ipse
905 890 1238 968 conscivit3
1286 886 1368 955 C.
1401 889 1794 955 Flaminium
1843 883 2105 955 Caelius
2148 891 2456 977 religione
2500 912 2615 955 ne-
2656 910 2684 951 s

553 986 768 1069 glecta
819 984 1124 1049 cecidisse
1178 984 1353 1069 apud
1396 982 1871 1049 Trasumenum
1922 984 2143 1049 scribit
2185 1006 2333 1049 cum
2380 1005 2615 1069 magno

553 1078 648 1142 rei
673 1076 971 1161 publicae
989 1078 1275 1143 volueret
1313 1098 1586 1161 quorum
1611 1077 1807 1143 exitio
1836 1078 2375 1163 intellegi‘potest,
2394 1098 2617 1143 eorum

555 1171 840 1256 imperiis
892 1195 1032 1238 rem
1094 1172 1418 1257 publicam
1473 1173 1955 1259 amplificatam,
2030 1172 2142 1256 qui
2200 1171 2617 1257 religionibus

556 1266 935 1351 paruissent.
1043 1277 1106 1331 et
1158 1266 1213 1331 si
1266 1266 1554 1333 conferre
1599 1267 1895 1332 volumus
1946 1278 2169 1331 nostra
2212 1276 2359 1331 c'um
2410 1276 2619 1332 exter-

555 1360 684 1436 nis,
742 1361 968 1426 ceteris
1016 1362 1210 1426 rebus
1255 1373 1370 1427 aut
1419 1384 1606 1447 pares
1650 1372 1763 1427 aut
1815 1362 2008 1429 etiam
2056 1361 2389 1427 inferiores
2435 1382 2619 1447 repe-

555 1455 822 1533 riemur,
876 1456 1213 1541 religione,
1265 1456 1333 1520 id
1369 1467 1466 1521 est
1501 1457 1679 1522 cultu
1726 1458 2019 1533 deorum,
2081 1456 2284 1521 multo
2332 1455 2619 1541 superio-

555 1570 679 1614 res.
777 1573 861 1615 an
904 1551 1050 1615 Atti
1093 1551 1288 1616 Navii
1344 1550 1540 1616 lituus
1594 1552 1733 1627 ille,
1783 1571 1913 1634 quo
1966 1551 2049 1615 ad
2099 1550 2617 1635 investigandum
2660 1568 2687 1608 9

557 1666 738 1709 suem
798 1646 1092 1729 regiones
1157 1645 1388 1711 vineae
1449 1646 1846 1721 terminavit,
1917 1645 2419 1711 contemnendus
2482 1644 2620 1709 est?

557 1738 910 1815 crederem,
955 1738 1079 1802 nisi
1112 1738 1250 1803 eius
1301 1738 1572 1823 augurio
1615 1762 1733 1803 rex
1769 1738 2083 1803 Hostilius
2126 1739 2409 1803 maxima
2450 1736 2622 1803 bella

556 1832 878 1917 gessisset.
967 1831 1082 1895 sed
1126 1831 1536 1916 neglegentia
1577 1831 1934 1895 nobilitatis
1980 1832 2233 1915 augurii
2284 1832 2621 1917 disciplina

501 1935 504 1939 '
558 1922 795 1987 omissa
846 1922 1082 1987 veritas
1137 1923 1568 2006 auspiciorum
1623 1933 1839 2008 spreta
1894 1934 2021 1999 est,
2076 1924 2322 2007 speeies
2368 1935 2620 1989 tantum

557 2026 823 2081 retenta.
875 2015 1094 2098 itaque
1117 2016 1438 2079 maximae
1465 2016 1559 2080 rei
1592 2014 1891 2099 publicae
1918 2026 2152 2100 partes,
2188 2014 2257 2079 in
2290 2015 2389 2080 his
2425 2016 2617 2094 bella,

560 2110 795 2195 quibus
830 2108 922 2173 rei
966 2108 1262 2194 publicae
1298 2109 1472 2173 salus
1512 2108 1897 2186 continetur,
1941 2108 2135 2173 nullis
2170 2109 2469 2194 auspiciis
2506 2110 2620 2175 ad-

558 2204 1024 2280 ministrantur,
1059 2204 1238 2267 nulla
1283 2203 1614 2288 peremnia
1652 2213 2013 2279 servantur,
2048 2202 2227 2267 nulla
2260 2226 2343 2267 ex
2378 2204 2620 2269 acumi-

558 2299 778 2375 nibus,
832 2298 1016 2361 nulla
1047 2321 1182 2361 cum
1217 2298 1338 2361 viri
1381 2309 1723 2375 vocantur,
1777 2319 1858 2362 ex
1893 2318 2022 2381 quo
2057 2297 2127 2361 in
2159 2298 2494 2383 procinctu
2526 2309 2621 2363 te-

559 2403 876 2461 stamenta
906 2392 1248 2477 perierunt.
1340 2403 1479 2457 tum
1516 2392 1688 2457 enim
1725 2391 1893 2457 bella
1928 2414 2153 2477 gerere
2186 2392 2389 2457 nostri
2424 2392 2619 2457 duces

557 2487 891 2573 incipiunt,
928 2508 1075 2551 cum
1111 2485 1398 2571 auspicia
1431 2496 1813 2571 posuerunt:
1852 2496 1919 2550 at
1953 2507 2105 2551 vero
2140 2487 2315 2571 apud
2348 2488 2619 2551 maiores
2648 2505 2699 2544 10

559 2593 738 2649 tanta
770 2579 1096 2666 religionis
1132 2580 1228 2645 vis
1263 2580 1415 2657 fuit,
1443 2590 1534 2645 ut
1567 2580 1834 2663 quidam
1874 2580 2287 2665 imperatores
2324 2581 2517 2645 etiam
2550 2603 2619 2645 se

559 2680 733 2764 ipsos
779 2676 877 2741 dis
922 2674 1366 2739 inmortalibus
1405 2676 1610 2761 capite
1656 2676 1865 2739 velato
1909 2674 2121 2739 verbis
2167 2674 2355 2739 certis
2398 2694 2515 2759 pro
2549 2697 2620 2739 re

560 2771 822 2860 publica
857 2770 1262 2835 devoverent.
1316 2770 1520 2833 multa
1555 2792 1635 2833 ex
1675 2768 2007 2853 Sibyllinis
2042 2767 2619 2843 vaticinationibus,
2652 2772 2655 2775 ’

561 2869 766 2932 multa
819 2888 902 2930 ex
948 2864 1360 2949 haruspicum
1412 2863 1735 2949 responsis
1788 2885 2283 2929 commemorare
2334 2883 2619 2949 possum,

565 2960 799 3045 quibus
836 2982 914 3025 ea
948 2959 1430 3033 confirmentur,
1476 2979 1642 3041 quae
1680 2958 1879 3022 dubia
1912 2958 2151 3023 nemini
2187 2957 2424 3023 debent
2458 2978 2617 3022 esse.

567 3054 743 3137 atqui
779 3063 845 3118 et
889 3063 1252 3119 nostrorum
1299 3073 1620 3137 augurum
1654 3063 1720 3117 et
1754 3051 2174 3117 Etruscorum
2213 3051 2621 3137 haruspicum
2656 3063 2694 3116 4

567 3146 969 3233 disciplinam
1019 3144 1100 3209 P.
1148 3144 1452 3230 Scipione
1497 3142 1576 3210 O.
1621 3146 1859 3231 Figulo
1914 3146 2281 3210 consulibus
2332 3167 2435 3211 res
2485 3144 2627 3231 ipsa

565 3242 890 3330 probavit:
937 3261 1098 3324 quos
1136 3261 1283 3303 cum
1317 3239 1418 3303 Ti.
1457 3236 1793 3305 Gracchus
1830 3241 2052 3305 consul
2094 3240 2325 3305 iterum
2360 3248 2622 3313 crearet,

567 3337 812 3423 primus
845 3346 1130 3421 rogator,
1177 3343 1250 3398 ut
1285 3355 1394 3399 eos
1429 3334 1671 3399 rettulit
1682 3381 1702 3411 ,
1753 3334 1995 3399 ibidem
2030 3344 2127 3399 est
2160 3344 2419 3419 repente
2454 3352 2625 3395 mor-

569 3446 738 3497 tuus.
829 3428 1196 3507 Gracchus,
1259 3450 1410 3493 cum
1453 3428 1708 3493 comitia
1759 3428 1957 3493 nihilo
2009 3429 2219 3493 minus
2270 3423 2622 3512 peregisset

570 3547 834 3609 remque
867 3524 1044 3589 illam
1084 3524 1152 3587 in
1195 3521 1568 3609 religionem
1623 3523 1861 3609 populo
1907 3521 2157 3587 venisse
2202 3520 2489 3595 sentiret,
2542 3518 2626 3583 ad

575 3630 866 3687 senatum
916 3618 1188 3694 rettulit3
1249 3627 1508 3683 senatus
1561 3638 1725 3701 quos
1778 3616 1863 3681 ad
1925 3618 2155 3681 soleret
2191 3611 2626 3680 ‘referendum

575 3714 850 3791 censuit3
877 3728 886 3735 '
910 3712 1279 3798 haruspices
1332 3711 1678 3777 introducti
1728 3710 2197 3796 responderunt
2246 3728 2377 3771 non
2430 3704 2625 3771 fuisse

573 3813 816 3877 iustum
850 3807 1248 3874 comitiorum
1291 3816 1676 3892 rogatorem.
1764 3817 1904 3870 tum
1942 3803 2298 3879 Gracchus,
2332 3811 2407 3865 ut
2442 3824 2479 3867 e
2514 3826 2629 3889 pa-
2658 3824 2703 3862 n

575 3916 671 3971 tre
706 3902 1074 3978 audiebam,
1107 3901 1404 3966 incensus
1439 3900 1564 3965 ira:
1610 3906 1628 3936 ‘
1642 3900 1816 3964 itane
1852 3898 2045 3963 vero?
2078 3918 2201 3984 ego
2234 3916 2366 3961 non
2394 3896 2628 3975 iustus,

575 3998 689 4081 qui
725 4009 788 4062 et
814 3997 1036 4061 consul
1071 3994 1296 4080 rogavi
1331 4005 1396 4062 et
1431 4016 1642 4079 augur
1677 4004 1744 4059 et
1777 3991 2146 4075 auspicato?
2180 4014 2264 4055 an
2297 4012 2413 4055 vos
2433 3990 2631 4056 Tusci

577 4112 654 4156 ac
687 4091 942 4156 barbari
985 4091 1412 4175 auspiciorum
1447 4088 1671 4174 populi
1703 4085 1983 4153 Romani
2027 4085 2126 4151 ius
2161 4085 2390 4152 tenetis
2428 4096 2493 4151 et
2534 4085 2632 4150 in-
