3292 4559
761 229 899 293 ,170
991 237 994 242 ’
1047 283 1051 287 .
1382 238 1458 293 Μ.
1499 236 1774 296 TULLII
1810 236 2211 297 CICERONIS

770 364 1047 432 eundem
1090 363 1399 428 librorum
1422 382 1784 427 numerum
1829 361 2148 428 referendi
2190 362 2518 431 videntur:
2569 365 2664 433 ita
2700 377 2839 434 tres

769 469 956 525 erunt
990 458 1072 525 de
1110 453 1407 536 Oratore,
1446 467 1715 542 quartus
1747 456 2015 534 Brutus,
2050 456 2312 541 quintus
2350 456 2608 526 Orator.

698 577 732 629 2
896 552 1138 619 Adhuc
1199 551 1362 619 haec
1422 563 1633 630 erant;
1706 549 1791 617 ad
1851 551 2099 637 reliqua
2144 551 2345 618 alacri
2403 554 2838 622 tendebamus

769 650 1002 726 animo,
1039 649 1130 716 sic
1164 647 1399 735 parati,
1435 659 1541 727 ut,
1576 648 1700 714 nisi
1735 670 1902 733 quae
1938 668 2133 714 causa
2166 648 2424 735 gravior
2457 648 2838 729 obstitisset,

774 745 1016 809 nullum
1049 743 1490 830 philosophiae
1524 744 1739 809 locum
1775 765 1916 810 esse
1950 754 2345 830 pateremur,
2381 744 2495 829 qui
2526 766 2658 812 non
2691 744 2837 810 La-

774 841 916 905 tinis
960 840 1184 906 litteris
1228 840 1602 906 inlustratus
1645 850 1915 925 pateret.
2011 840 2187 924 quod
2230 840 2402 904 enim
2445 862 2677 906 munus
2731 844 2836 908 rei

772 933 1065 1021 publicae
1102 934 1352 1000 adferre
1387 934 1593 998 maius
1625 933 1940 999 meliusve
1975 954 2346 1019 possumus,
2389 954 2586 1019 quam
2620 936 2673 999 si
2708 936 2834 1001 do—

774 1050 990 1093 cemus
1026 1039 1219 1112 atque
1253 1028 1583 1093 erudimus
1615 1028 2053 1094 iuventutem?
2086 1027 2187 1092 his
2222 1030 2598 1115 praesertim
2632 1031 2835 1095 mori-

774 1125 890 1189 bus
919 1132 1111 1206 atque
1141 1121 1555 1207 temporibus,
1592 1121 1828 1206 quibus
1854 1121 1947 1187 ita
1970 1121 2270 1208 prolapsa
2286 1134 2405 1200 est,
2440 1134 2516 1189 ut
2539 1124 2832 1189 omnium

778 1217 1005 1301 opibus
1050 1215 1433 1282 refrenanda
1476 1236 1553 1282 ac
1597 1216 1951 1282 coercenda
1985 1216 2084 1281 sit.
2172 1238 2292 1282 nec
2337 1238 2490 1282 vero
2532 1218 2599 1283 id
2651 1218 2832 1284 effici

770 1333 956 1397 posse
992 1310 1271 1388 confid0,
1306 1310 1478 1394 quod
1513 1331 1598 1376 ne
1632 1309 2087 1396 postulandum
2123 1310 2384 1395 quidem
2419 1323 2544 1392 est,
2579 1323 2652 1378 ut
2683 1335 2833 1379 om-

770 1429 882 1469 nes
927 1404 1368 1471 adulescentes
1412 1427 1482 1470 se
1535 1404 1619 1469 ad
1672 1405 1833 1471 haec
1885 1404 2097 1470 studia
2152 1416 2546 1472 convertant.
2631 1408 2831 1492 pauci

770 1498 1042 1565 utinaml
1090 1519 1365 1583 quorum
1409 1510 1623 1564 tamen
1671 1498 1739 1563 in
1782 1521 1852 1563 re
1885 1498 2145 1584 publica
2160 1500 2307 1565 ‘late
2341 1509 2567 1586 patere>
2593 1501 2831 1586 poterit

770 1592 1098 1659 industria.
1196 1592 1493 1677 equidem
1539 1614 1621 1659 ex
1664 1593 1743 1657 iis
1768 1592 1980 1658 etiam
2024 1592 2308 1659 fructum
2351 1593 2536 1680 capio
2584 1594 2829 1661 laboris

770 1689 915 1765 mei,
951 1687 1063 1771 qui
1096 1686 1224 1753 iam
1252 1685 1463 1753 aetate'
1493 1686 1778 1774 provecti
1803 1686 1873 1752 in
1897 1687 2132 1752 nostris
2165 1687 2345 1753 libris
2373 1688 2829 1773 adquiescunt3

770 1803 1040 1861 quorum
1093 1780 1305 1847 studio
1349 1781 1607 1867 legendi
1661 1802 1879 1847 meum
1923 1781 2241 1847 scribendi
2294 1783 2576 1849 studium
2627 1784 2830 1851 vehe-

770 1877 1043 1944 mentius
1093 1877 1163 1942 in
1214 1877 1351 1944 dies
1403 1876 1734 1955 incitatur,
1804 1898 1966 1961 quos
2019 1877 2278 1961 quidem
2330 1878 2565 1965 pluris,
2627 1896 2828 1963 quam

770 1973 985 2051 rebar,
1032 1993 1171 2038 esse
1221 1972 1515 2059 cognovi.
1603 1970 2019 2058 magnificum
2052 1972 2214 2037 illud
2256 1972 2450 2038 etiam
2483 1972 2830 2039 Romanis-

770 2089 894 2149 que
926 2065 1291 2131 hominibus
1326 2066 1710 2152 gloriosum,
1755 2077 1830 2131 ut
1865 2063 2134 2133 Graecis
2170 2065 2251 2131 de
2285 2065 2687 2153 philosophia
2720 2068 2830 2132 lit-

770 2173 826 2225 te
838 2161 920 2225 ris
971 2180 1103 2224 non
1153 2170 1417 2245 egeant3
1474 2159 1650 2244 quod
1701 2158 2020 2243 adsequar
2063 2159 2372 2245 profectO,
2425 2161 2482 2225 si
2531 2159 2828 2227 instituta

770 2254 1114 2341 perfecero.
1220 2276 1297 2319 ac
1359 2253 1517 2317 mihi
1578 2253 1841 2337 quidem
1907 2253 2322 2339 explicandae
2383 2255 2824 2343 philosophiae

770 2370 1026 2413 eausam
1060 2347 1271 2412 attulit
1305 2368 1491 2412 casus
1525 2346 1741 2431 gravis
1777 2346 2071 2422 civitatis,
2108 2368 2256 2413 cum
2288 2348 2357 2412 in
2393 2350 2587 2414 armis
2622 2350 2825 2415 civili-

766 2445 886 2505 bus
929 2461 1051 2505 nec
1094 2440 1255 2506 tueri
1304 2461 1447 2505 meo
1492 2460 1670 2505 more
1713 2462 1850 2504 rem
1896 2440 2222 2525 publicam
2269 2462 2392 2506 nec
2425 2442 2584 2507 nihil
2633 2466 2824 2530 agere

766 2549 1051 2621 poteram
1084 2555 1205 2599 nec
1231 2532 1388 2618 quid
1422 2533 1656 2619 potius,
1691 2531 1865 2618 quod
1899 2533 2159 2618 quidem
2195 2557 2300 2601 me
2328 2534 2598 2622 dignum
2635 2550 2823 2616 esset,

766 2650 1022 2713 agerem
1047 2626 1463 2714 reperiebam.
1528 2626 1774 2691 dabunt
1806 2627 2005 2713 igitur
2029 2628 2187 2693 mihi
2212 2628 2468 2696 veniam
2496 2630 2624 2698 mei
2653 2631 2823 2698 cives

774 2725 878 2789 rel
910 2721 1186 2811 gratiam
1219 2720 1431 2808 potius
1466 2720 1827 2799 habebunt,
1885 2722 2090 2806 quod,
2144 2744 2296 2789 cum
2329 2735 2498 2791 esset
2530 2723 2600 2790 in
2631 2726 2822 2791 unius

770 2828 1077 2905 potestate
1112 2839 1213 2882 res
1241 2814 1522 2904 publica,
1554 2836 1766 2900 neque
1794 2839 1916 2903 ego
1944 2840 2050 2884 me
2081 2818 2306 2884 abdidi
2332 2840 2542 2904 neque
2570 2819 2824 2887 deserui

766 2933 975 2997 neque
1002 2911 1221 2977 adflixi
1245 2931 1459 2995 neque
1482 2910 1576 2978 ita
1593 2912 1788 2997 gessi,
1815 2912 2002 2996 quasi
2027 2911 2271 2979 homini
2289 2925 2402 2980 aut
2429 2915 2822 3002 temporibus

766 3009 985 3084 iratus,
1002 3027 1211 3090 neque
1228 3027 1417 3094 porro
1443 3005 1535 3071 ita
1561 3018 1673 3072 aut
1688 3006 1986 3072 adulatus
2006 3020 2114 3073 aut
2135 3009 2483 3074 admiratus
2500 3009 2824 3074 fortunam

770 3125 911 3165 sum
945 3100 1236 3179 alterius,
1281 3111 1355 3166 ut
1402 3123 1505 3167 me
1555 3122 1736 3167 meae
1772 3100 2143 3187 paeniteret.
2231 3102 2297 3167 id
2334 3102 2506 3169 enim
2538 3102 2748 3189 ipsum
2785 3127 2826 3168 a

769 3197 1037 3261 Platone
1080 3194 1611 3282 philosophiaque
1659 3195 2034 3275 didiceram,
2090 3196 2399 3263 naturalis
2444 3219 2586 3264 esse
2632 3218 2824 3282 quas-

774 3293 810 3353 11
818 3313 919 3355 am
953 3280 1396 3356 conversiones
1432 3312 1647 3356 rerum
1681 3289 2105 3377 publicarum,
2140 3301 2216 3356 ut
2251 3313 2366 3357 eae
2401 3303 2538 3356 tum
2575 3315 2617 3356 a
2649 3291 2826 3378 prin-

770 3389 826 3449 ei
834 3385 1019 3473 pibus
1053 3394 1449 3461 tenerentur,
1501 3395 1641 3450 tum
1677 3408 1717 3450 a
1748 3384 2031 3472 populis,
2077 3384 2421 3469 aliquando
2455 3409 2496 3450 a
2529 3385 2822 3472 singulis.

702 3503 722 3541 τ
770 3479 942 3561 [pind
985 3501 1133 3545 cum
1180 3478 1515 3545 accidisset
1558 3490 1815 3545 nostrae
1859 3479 1951 3545 rei
1994 3478 2320 3565 publicae,
2368 3490 2507 3545 tum
2540 3480 2825 3566 pristinis

770 3574 974 3640 fsrbati
1017 3573 1389 3641 muneribus
1434 3573 1595 3639 haec
1639 3573 1852 3639 studia
1892 3595 2198 3640 renovare
2245 3572 2602 3661 coepimus,
2653 3585 2728 3639 ut
2760 3586 2830 3639 et

774 3673 1019 3734 animus
1054 3668 1360 3734 molestiis
1394 3667 1516 3734 hac
1550 3668 1956 3753 potissimum
1991 3690 2061 3734 re
2094 3669 2417 3735 levaretur
2450 3679 2516 3734 et
2559 3667 2832 3754 prodes-

774 3786 982 3829 semus
1035 3763 1282 3829 civibus
1333 3762 1601 3839 nostris,
1664 3784 1794 3846 qua
1845 3786 1914 3830 re
1969 3783 2244 3848 cumque
2296 3785 2649 3849 possemus.
2755 3763 2831 3828 in

774 3861 944 3922 libris
980 3856 1152 3921 enim
1188 3855 1567 3922 sententiam
1603 3856 1995 3934 dicebamus,
2033 3856 2582 3933 contionabamur,
2616 3854 2834 3942 philo-

774 3977 838 4013 st]
846 3952 1063 4037 phiam
1096 3950 1282 4016 nobis
1318 3971 1434 4036 pro
1470 3950 1564 4015 rei
1597 3950 1894 4035 publicae
1936 3951 2380 4035 procuratione
2417 3949 2836 4015 substitutam

774 4043 1177 4129 putabamus.
1264 4065 1438 4110 nunc
1474 4043 1777 4127 quoniam
1813 4044 1894 4110 de
1928 4067 1997 4111 re
2039 4044 2299 4131 publica
2336 4042 2578 4110 consuli
2615 4044 2835 4130 coepti
