3292 4559
766 276 895 343 182
1384 284 1463 339 M.
1499 284 1776 342 TULLII
1809 280 2213 342 CICERONIS

766 410 1235 478 commentariis
1252 408 1562 495 scriptum
1580 407 1924 474 habemus.
1952 407 2130 473 ‘Iove
2148 416 2432 484 tonante,
2452 404 2829 493 fulgurante

674 537 722 577 ιε.
770 533 842 573 cu
850 507 1060 572 mitia
1054 505 1296 614 populi
1329 502 1566 570 habere
1604 502 1831 569 nefas?
1921 501 2046 567 hoc
2089 501 2362 568 fortasse
2396 501 2492 567 rei
2524 500 2826 588 publicae

770 624 965 667 causa
988 599 1403 667 constitutum
1430 607 1556 676 est3
1594 595 1998 663 comitiorum
2025 596 2197 662 enim
2221 616 2353 660 non
2379 593 2829 662 habendorum

770 717 992 761 causas
1036 716 1176 761 esse
1220 693 1577 759 voluerunt.
1665 692 1882 778 itaque
1918 689 2320 757 comitiorum
2355 690 2564 755 solum
2599 688 2827 755 vitium

770 801 866 853 est
890 790 1152 866 fulmen,
1172 788 1347 873 quod
1372 787 1546 853 idem
1564 786 1861 853 omnibus
1888 785 2082 852 rebus
2101 795 2438 872 optumum
2467 784 2828 871 auspicium

766 885 1098 962 habemus,
1117 884 1174 949 si
1196 883 1523 948 sinistrum
1550 881 1694 947 fuit.
1748 880 1866 946 sed
1891 881 1972 947 de
2002 878 2301 966 auspiciis
2320 879 2444 945 alio
2472 879 2637 957 loce,
2653 900 2833 945 nunc

669 997 730 1049 19
770 981 850 1041 de
885 977 1266 1063 fulgoribus.
1355 976 1511 1061 quid
1551 976 1751 1062 igitur
1793 975 2005 1041 minus
2051 998 2091 1040 a
2131 973 2414 1061 physicis
2464 972 2590 1039 dici
2635 972 2832 1039 debet

770 1095 964 1157 quam
992 1071 1337 1156 quicquam
1364 1070 1521 1136 certi
1545 1070 1895 1156 significari
1926 1068 2120 1135 rebus
2154 1067 2411 1135 incertis
2421 1068 2457 1132 3
2485 1088 2617 1131 non
2653 1067 2830 1131 enim

770 1185 830 1229 te
866 1176 1022 1253 puto
1060 1189 1198 1233 esse
1234 1188 1403 1243 eum,
1441 1164 1555 1249 qui
1578 1165 1724 1230 Iovi
1757 1164 2004 1230 fulmen
2037 1162 2383 1229 fabricatos
2417 1183 2559 1227 esse
2589 1157 2830 1246 Cyclo-

670 1293 722 1329 ιι
770 1285 886 1345 pas
928 1261 999 1325 in
1040 1261 1259 1325 Aetna
1303 1269 1521 1346 putes3
1574 1282 1727 1325 nam
1771 1270 1940 1326 esset
1981 1258 2300 1336 mirabile,
2355 1277 2482 1341 quo
2517 1255 2712 1320 modo
2759 1254 2832 1319 id

770 1357 798 1417 I
810 1354 1057 1437 uppiter
1083 1354 1316 1419 totiens
1342 1353 1599 1430 iaceret,
1628 1376 1777 1419 cum
1805 1376 2010 1418 unum
2035 1351 2327 1430 haberet3
2362 1372 2482 1417 nec
2507 1369 2658 1415 vero
2693 1348 2833 1413 ful-

770 1446 1045 1511 minibus
1072 1446 1363 1513 homines
1391 1447 1549 1531 quid
1577 1457 1687 1511 aut
1720 1446 2088 1512 faciendum
2117 1456 2286 1512 esset
2319 1455 2432 1510 aut
2464 1442 2830 1533 cavendum

766 1565 826 1605 m
834 1552 1071 1607 oneret.
1157 1541 1371 1626 placet
1414 1541 1585 1607 enim
1633 1539 1869 1608 Stoicis
1913 1563 2024 1607 eos
2068 1540 2387 1607 anhelitus
2430 1550 2673 1617 terrae,
2715 1537 2831 1623 qui

770 1636 985 1721 frigidi
1010 1635 1159 1713 sint,
1195 1658 1343 1701 cum
1371 1636 1570 1702 fluere
1598 1636 1943 1723 coeperint,
1975 1648 2200 1703 ventos
2227 1657 2396 1713 esse3
2433 1656 2582 1701 cum
2609 1644 2831 1701 autem

770 1753 834 1793 se
890 1732 955 1795 in
1005 1731 1246 1797 nubem
1285 1730 1632 1797 'induerint
1681 1732 1948 1815 eiusque
2007 1730 2447 1796 tenuissimam
2498 1749 2830 1814 quamque

766 1837 1014 1909 partem
1060 1825 1386 1911 coeperint
1430 1825 1717 1892 dividere
1763 1836 1956 1909 atque
2001 1825 2399 1910 disrumpere
2444 1824 2643 1909 idque
2689 1846 2834 1889 cre-

770 1921 941 1985 brius
986 1919 1201 1987 facere
1235 1930 1302 1986 et
1335 1920 1809 1998 vehementius,
1853 1930 1991 1985 tum
2024 1929 2091 1985 et
2123 1918 2411 2005 fulgores
2447 1929 2515 1987 et
2543 1918 2836 1984 tonitrua

770 2017 1103 2093 exsistet&
1152 2015 1208 2080 si
1243 2023 1466 2081 'autem
1500 2015 1771 2080 nubium
1812 2014 2110 2080 conflictu
2143 2013 2335 2078 ardor
2377 2033 2725 2100 expressus
2764 2035 2832 2078 se

770 2109 1076 2186 emiserit,
1120 2109 1190 2173 id
1225 2131 1365 2175 esse
1400 2110 1667 2175 fulmen.
1754 2108 1929 2192 quod
1962 2108 2161 2193 igitur
2195 2106 2262 2172 vi
2293 2118 2594 2185 naturae,
2644 2108 2833 2173 nulla

770 2204 1121 2269 constantia
1134 2250 1153 2280 ‚
1189 2204 1365 2268 nullo
1402 2214 1540 2268 rato
1575 2215 1862 2288 tempore
1897 2203 2189 2269 videmus
2226 2201 2425 2279 effici,
2461 2224 2545 2268 ex
2579 2224 2658 2268 eo
2693 2202 2833 2289 sig-

766 2297 1190 2361 nificationem
1224 2318 1440 2361 rerum
1475 2296 2002 2380 consequentium
2027 2296 2433 2381 quaerimus?
2468 2297 2738 2373 scilicet,
2777 2297 2832 2363 si

762 2393 886 2453 ista
908 2390 1201 2475 Iuppiter
1226 2389 1631 2474 significaret,
1669 2400 1802 2455 tam
1834 2391 2038 2456 multa
2071 2392 2310 2457 frustra
2342 2391 2616 2457 fulmina
2642 2392 2835 2458 emit-

670 2509 718 2545 215
766 2482 951 2546 teretl
1006 2483 1165 2566 quid
1199 2484 1371 2548 enim
1404 2484 1682 2593 proficit,
1728 2507 1877 2550 cum
1922 2484 1991 2550 in
2035 2487 2322 2552 medium
2354 2508 2533 2553 mare
2577 2486 2834 2553 fulmen

763 2576 946 2642 iecit?
1000 2575 1187 2660 quid,
1242 2597 1392 2641 cum
1426 2578 1493 2642 in
1529 2577 1871 2645 altissimos
1910 2580 2175 2657 montis,
2228 2580 2402 2665 quod
2444 2581 2834 2667 plerumque

762 2669 870 2733 fit?
932 2670 1119 2755 quid,
1173 2692 1321 2736 cum
1372 2669 1441 2735 in
1495 2671 1780 2738 desertas
1835 2672 2252 2739 solitudines?
2313 2674 2500 2759 quid,
2554 2696 2702 2739 cum
2764 2676 2833 2740 in

766 2789 798 2829 e
802 2788 982 2830 trum
1015 2764 1307 2851 gentium
1342 2784 1507 2843 oras,
1541 2766 1610 2831 in
1646 2767 1882 2850 quibus
1918 2766 2078 2833 haec
2112 2790 2194 2833 ne
2224 2767 2646 2834 observantur
2680 2769 2835 2853 qui-

662 2873 730 2925 ἐι]
766 2860 951 2925 dem?
994 2866 1091 2924 ‘at
1131 2860 1464 2927 inventum
1501 2871 1599 2926 est
1640 2873 1839 2948 caput
1880 2860 1949 2927 in
1983 2860 2245 2927 Tiberi?
2333 2862 2520 2949 quasi
2562 2883 2687 2948 ego
2729 2886 2835 2929 ar-

766 2969 890 3017 tem
944 2953 1227 3037 aliquam
1279 2953 1548 3020 istorum
1602 2978 1742 3022 esse
1795 2979 2060 3043 negem:
2115 2955 2574 3023 divinationem
2623 2979 2804 3045 nego
2814 2984 2834 3036 3

766 3046 921 3113 caeli
948 3048 1121 3112 enim
1150 3047 1531 3128 distributio,
1568 3072 1765 3135 quam
1793 3064 1941 3117 ante
1971 3049 2125 3129 dixi,
2164 3062 2229 3117 et
2255 3062 2573 3117 certarum
2606 3074 2835 3118 rerum

765 3143 1001 3209 notatio
1038 3145 1225 3210 docet
1258 3145 1431 3212 unde
1467 3147 1713 3213 fulmen
1749 3147 2013 3227 venerit,
2050 3169 2180 3232 quo
2217 3149 2631 3229 concesserit3
2667 3150 2834 3235 quid

765 3237 1077 3325 significet
1122 3252 1340 3306 autem
1380 3241 1558 3306 nulla
1591 3242 1753 3306 ratio
1791 3242 1997 3309 docet.
2086 3242 2201 3310 sed
2245 3266 2485 3330 urgues
2521 3268 2626 3311 me
2662 3248 2834 3314 meis

766 3331 1081 3399 versibus:

975 3494 1128 3537 nam
1162 3482 1346 3559 pater
1379 3470 1720 3537 altitonans
1757 3473 2036 3541 stellanti
2068 3474 2260 3541 nixus
2297 3473 2585 3564 Olympo

973 3565 1113 3652 ipse
1151 3588 1300 3632 suos
1336 3565 1662 3651 quondam
1696 3569 1977 3635 tumulos
2015 3591 2092 3635 ac
2125 3570 2365 3656 templa
2400 3571 2629 3656 petivit

978 3671 1044 3727 et
1080 3659 1460 3747 Capitolinis
1492 3660 1712 3727 iniecit
1746 3662 2007 3754 sedibus
2040 3664 2231 3751 ignis.

766 3821 898 3869 tum
941 3814 1154 3870 statua
1186 3803 1454 3885 Nattae,
1499 3817 1639 3873 tum
1685 3808 2030 3875 simulacra
2073 3809 2340 3876 deorum
2375 3810 2836 3896 Romulusque
2944 3825 2953 3834 “

765 3913 826 3965 et.
862 3900 1105 3965 Remus
1141 3921 1291 3964 cum
1335 3901 1555 3969 altrice
1589 3902 1786 3969 belua
1818 3903 1886 3969 vi
1918 3903 2204 3969 fulminis
2238 3904 2349 3971 icti
2383 3904 2833 3984 conciderunt,

764 3993 971 4073 deque
1016 3991 1115 4059 his
1159 3994 1352 4061 rebus
1394 3995 1810 4083 haruspicum
1845 3997 2224 4064 exstiterunt
2270 4020 2579 4085 responsa
2621 4001 2833 4067 veris-

674 4109 722 4145 w
766 4109 966 4153 suma.
1053 4088 1343 4159 mirabile
1378 4104 1593 4160 autem
1625 4090 1808 4171 illud,
1845 4091 2019 4177 quod
2054 4115 2132 4160 eo
2167 4093 2308 4180 ipso
2345 4105 2655 4181 tempore,
2690 4117 2834 4182 quo
