3292 4559
1011 286 1120 339 DE
1151 286 1254 341 RE
1287 282 1629 343 PUBLIOA
1662 285 1711 341 I.
1747 287 1985 343 11-15,
2402 271 2527 337 153

472 431 606 484 res,
667 408 736 470 in
789 428 915 491 qua
959 408 1222 493 propius
1276 408 1360 474 ad
1411 408 1678 475 deorum
1724 431 1962 474 numen
2017 408 2217 472 virtus
2263 407 2527 473 accedat

472 500 778 578 humana,
811 521 1004 584 quam
1034 502 1322 567 civitates
1350 514 1462 568 aut
1489 502 1763 567 condere
1792 524 1989 567 novas
2019 512 2131 568 aut
2150 524 2523 567 conservare
2630 536 2637 542 ·

471 596 604 659 iam
640 592 944 659 conditas-

605 686 859 769 Quibus
905 688 984 753 de
1019 688 1242 765 rebus,
1287 689 1592 773 quoniam
1628 690 1815 755 nobis
1852 689 2121 775 contigit
2154 701 2225 753 ut
2260 690 2430 754 idem
2466 700 2531 753 et
2581 682 2615 735 8

470 782 540 845 111
583 782 868 867 gerenda
909 804 980 847 re
1027 782 1286 867 publica
1321 784 1566 867 aliquid
1601 805 1886 850 essemus
1920 783 2229 848 memoria
2264 783 2534 867 dignum.
2574 755 2624 793 ⁵

469 876 796 941 consecuti
859 886 923 941 et
984 876 1052 940 in
1112 876 1503 961 explicandis
1568 876 1922 941 rationibus
1982 898 2196 941 rerum
2248 876 2531 940 civilium

471 970 799 1052 quandam
843 969 1214 1035 facultatem
1259 992 1389 1033 non
1431 971 1640 1053 moldo
1687 992 1841 1045 usu,
1884 970 1999 1034 sed
2044 969 2236 1033 etiam
2291 966 2385 1055 [p.
2422 967 2527 1035 55.

470 1063 691 1129 studio
741 1062 1028 1127 discendi
1081 1075 1145 1127 et
1197 1063 1468 1128 docendi
1513 1086 1797 1129 essemus
1844 1065 1880 1099 ¹*
1924 1064 1960 1100 ⁴*
2004 1074 2327 1140 auctores,
2382 1084 2531 1128 cum

469 1156 831 1241 superiores
869 1157 980 1221 alii
1013 1157 1286 1223 fuissent
1319 1158 1386 1222 in
1423 1158 1961 1243 disputationibus
2001 1158 2324 1244 perpoliti,
2372 1178 2531 1241 quo·

469 1272 620 1313 rum
661 1272 762 1315 res
806 1261 1026 1335 gestae
1063 1252 1278 1317 nullae
1315 1251 1781 1329 invenirentur,
1816 1252 1924 1317 alii
1967 1252 2035 1317 in
2069 1251 2351 1339 gerendo
2386 1272 2533 1336 pro-

471 1343 750 1421 babiles,
793 1344 864 1409 in
905 1344 1274 1410 disserendo
1317 1345 1530 1411 rudes.
1619 1366 1741 1410 nec
1774 1367 1927 1410 vero
1964 1358 2183 1412 nostra
2215 1345 2532 1430 quaedam

469 1448 572 1501 est
613 1436 1004 1503 instituenda
1047 1461 1215 1505 nova
1252 1450 1316 1504 et
1349 1463 1392 1504 a
1423 1438 1608 1503 nobis
1641 1439 1905 1504 inventa
1936 1439 2131 1517 ratio,
2178 1439 2291 1505 sed
2339 1438 2529 1503 unius

469 1531 698 1597 aet-atis
735 1532 1226 1599 clarissimorum
1261 1556 1338 1599 ac
1374 1533 1983 1619 sapientissimorum
2018 1544 2272 1599 nostrae
2309 1533 2531 1597 civita-

471 1625 554 1691 tis
607 1626 887 1691 virorum
942 1627 1284 1713 disputatio
1338 1627 1684 1713 repetenda
1729 1628 2037 1692 memoria
2074 1624 2083 1713 Ι
2124 1638 2246 1703 est,
2296 1626 2385 1713 [p.
2422 1625 2527 1690 56.

470 1742 639 1802 quae
672 1720 831 1783 mihi
865 1720 1112 1804 tibique
1145 1721 1472 1803 quondam
1507 1720 1985 1786 adulescentulo
2022 1732 2119 1785 est
2152 1744 2193 1784 a
2226 1720 2306 1783 P.
2342 1720 2530 1783 Ruti-

470 1811 559 1877 lio
603 1812 808 1889 Rufo,
865 1813 1185 1899 Zmyrnae
1237 1836 1386 1879 cum
1439 1814 1629 1879 simul
1676 1836 1960 1879 essemus
2006 1813 2327 1899 conpluris
2373 1811 2529 1889 dies,

473 1906 792 1991 exposita,
837 1906 906 1970 in
939 1928 1070 1988 qua
1103 1908 1261 1972 nihil
1294 1908 1458 1985 fere,
1505 1908 1679 1991 quod
1715 1929 1952 1993 magno
1989 1929 2179 1993 opere
2217 1907 2300 1971 ad
2336 1907 2530 1972 ratio-

470 2022 586 2063 nes
631 1999 916 2063 omnium
959 2023 1174 2065 rerum
1209 2001 1582 2085 pertineret,
1628 2015 1717 2065 est
1750 2002 2285 2087 praetermissum.
2377 2022 2529 2065 nam
2580 2004 2613 2057 9

471 2114 622 2157 cum
654 2092 734 2157 P.
773 2092 1124 2159 Africanus
1160 2094 1264 2159 hic
1275 2142 1294 2171 ,
1340 2094 1534 2159 Pauli
1575 2095 1743 2159 filius
1757 2142 1777 2173 ,
1822 2095 1997 2159 feriis
2040 2094 2293 2159 Latinis
2328 2093 2531 2159 Tudi-

473 2198 624 2251 tano
663 2198 728 2252 et
761 2188 1028 2271 Aquilio
1065 2210 1194 2254 cos.
1235 2190 1669 2254 constituisset
1710 2188 1778 2254 in
1812 2188 2011 2254 hortis
2046 2211 2215 2265 esse,
2258 2188 2531 2253 familia-

470 2280 830 2364 rissimique
875 2281 1012 2346 eius
1057 2281 1140 2345 ad
1185 2304 1334 2347 eum
1379 2282 1745 2366 frequenter
1774 2302 1891 2367 per
1924 2304 2033 2348 eos
2070 2284 2205 2351 dies
2263 2284 2532 2351 ventita-

472 2386 650 2439 turos
695 2397 766 2441 se
809 2397 948 2441 esse
995 2375 1324 2453 dixissent,
1363 2373 1374 2462 Ι
1412 2375 1667 2441 Latinis
1702 2377 1859 2462 ipsis
1896 2400 2084 2442 mane
2120 2377 2203 2441 ad
2252 2375 2341 2463 [p.
2378 2376 2526 2440 273.

470 2492 622 2535 eum
673 2469 916 2557 primus
959 2470 1190 2537 sororis
1236 2470 1404 2535 filius
1451 2472 1625 2536 venit
1672 2470 1756 2553 Q.
1796 2471 2086 2536 Tubero:
2142 2494 2334 2555 quem
2380 2492 2527 2535 cum

472 2563 738 2630 comiter
781 2561 1000 2650 Scipio
1057 2565 1506 2651 appellavisset
1548 2565 1947 2649 libenterque
1992 2565 2287 2642 vidisset,
2344 2565 2528 2649 ‘quid

469 2671 544 2724 tu
557 2658 572 2687 ’
615 2658 822 2741 inquit
859 2664 1020 2723 ‘tam
1049 2682 1271 2736 mane,
1321 2658 1644 2725 Tubero?
1694 2660 1933 2725 dabant
1969 2660 2139 2724 enim
2174 2659 2295 2723 hae
2331 2658 2527 2723 feriae

469 2752 590 2817 tibi
651 2761 1074 2837 opportunam
1137 2775 1290 2818 sane
1357 2752 1729 2818 facultatem
1782 2754 1868 2818 ad
1921 2751 2329 2838 explicandas
2385 2761 2526 2815 tuas

470 2844 752 2910 litteras?
825 2853 964 2907 tum
997 2845 1131 2908 ille:
1181 2844 1366 2909 ‘mihi
1401 2867 1554 2910 vero
1589 2868 1777 2911 omne
1814 2856 2066 2931 tempus
2102 2854 2199 2909 est
2232 2845 2318 2908 ad
2350 2866 2527 2909 meos

470 2938 667 3005 libros
728 2957 1034 3014 vacuum3
1103 2958 1456 3021 numquam
1507 2937 1679 3003 enim
1732 2948 1883 3003 sunt
1932 2939 2027 3003 illi
2078 2935 2401 3023 occupati3
2465 2949 2527 3003 te

473 3043 690 3099 autem
733 3053 1156 3117 permagnum
1200 3041 1300 3097 est
1341 3032 1626 3098 nancisei
1671 3033 1946 3097 otiosum
1990 3032 2114 3097 hoc
2156 3032 2529 3118 praesertim

473 3126 670 3211 moltu
704 3126 797 3191 rei
830 3125 1168 3211 publicae.’
1255 3137 1395 3190 tum
1431 3124 1676 3211 Scipio:
1717 3133 1736 3162 ‘
1749 3126 1927 3210 atqui
1958 3137 2229 3191 nanctus
2266 3124 2359 3213 [p.
2380 3125 2526 3190 274.

473 3244 572 3309 es,
617 3220 732 3286 sed
784 3242 888 3284 me
931 3220 1190 3286 hercule
1235 3220 1598 3286 otiosiorem
1641 3243 1841 3307 opera
1884 3214 2078 3305 quam
2124 3221 2377 3286 animo!
2466 3234 2529 3286 et

471 3316 610 3380 ille:
667 3321 684 3352 ‘
697 3325 770 3379 tu
823 3336 974 3379 vero
1030 3315 1315 3379 animum
1367 3336 1624 3399 quoque
1678 3316 1925 3381 relaxes
1978 3325 2253 3401 oportet3
2306 3335 2527 3379 sumus

472 3409 645 3475 enim
680 3408 882 3483 multi,
920 3419 992 3472 ut
1027 3408 1493 3486 constituimuS,
1529 3410 1756 3493 parati,
1792 3409 1848 3473 si
1882 3419 1995 3473 tuo
2030 3408 2363 3473 commodo
2389 3408 2529 3473 fieri

471 3513 710 3590 potest,
755 3502 933 3567 abuti
972 3514 1186 3569 tecum
1222 3504 1341 3569 hoc
1377 3504 1526 3569 otio.
1530 3505 1547 3533 '
1638 3505 1905 3570 ‘libente
1940 3527 2043 3569 me
2080 3526 2261 3580 vero,
2306 3513 2379 3567 ut
2414 3503 2529 3568 ali-

473 3596 630 3682 quid
665 3598 1007 3681 aliquando
1043 3598 1126 3663 de
1163 3598 1488 3663 doctrinae
1523 3598 1751 3663 studiis
1790 3598 2285 3663 admoneamur.

603 3691 776 3756 Tum
799 3692 936 3757 ille.
974 3692 1184 3757 ‘visne
1214 3693 1430 3777 igitur,
1469 3692 1774 3775 quoniam
1802 3704 1869 3758 et
1896 3716 2001 3758 me
2026 3691 2309 3775 quodam
2334 3691 2525 3755 modo
2564 3688 2632 3743 10

473 3784 704 3849 invitas
737 3797 802 3851 et
829 3786 923 3851 tui
943 3809 1123 3872 spem
1152 3786 1288 3862 das,
1316 3786 1438 3851 hoc
1465 3787 1767 3871 primum,
1795 3786 2125 3863 Africane,
2148 3783 2157 3869 Ι
2180 3785 2277 3849 vi-
2305 3782 2401 3871 [p.
2420 3783 2525 3847 97.

477 3877 771 3956 deamus,
825 3891 972 3947 ante
1025 3902 1220 3963 quam
1275 3879 1538 3945 veniunt
1591 3880 1731 3956 alii,
1776 3880 2085 3963 quidnam
2136 3878 2220 3943 sit
2270 3878 2351 3942 de
2402 3877 2525 3942 isto

443 4004 460 4021 ο
475 3971 676 4037 altero
721 3974 852 4037 sole
897 3975 1068 4057 quod
1112 3974 1477 4040 nuntiatum
1521 3985 1620 4039 est
1661 3974 1731 4038 in
1774 3972 2039 4040 senatu?
2100 3993 2311 4056 neque
2355 3969 2527 4037 enim

475 4064 668 4151 pauci
709 4086 914 4149 neque
959 4070 1131 4134 leves
1167 4080 1344 4146 sunt,
1391 4068 1504 4153 qui
1545 4092 1616 4135 se
1653 4068 1781 4133 duo
1816 4068 1981 4135 soles
2015 4066 2254 4133 vidisse
2289 4066 2521 4144 dicant,
