3292 4559
588 490 642 531 9³

688 234 776 297 30
834 306 841 312 ,
928 285 930 287 .
1293 242 1370 296 Μ.
1408 242 1682 299 'runnu
1715 240 2116 300 (1103301113

686 366 940 453 quando
977 366 1238 451 quidem
1273 365 1431 433 haec
1468 388 1605 433 esse
1639 365 1709 431 in
1751 366 1872 431 deo
1907 376 2166 453 propter
2198 365 2746 453 pulchritudinem

684 463 891 528 voltis.
977 463 1197 529 istisne
1250 461 1517 528 fidentes
1570 460 1831 526 somniis
1883 482 2012 526 non
2066 463 2256 527 modo
2299 460 2620 548 Epicurus
2673 476 2748 529 et

685 556 1093 621 Metrodorus
1121 567 1187 622 et
1204 554 1642 622 Hermarchus
1675 564 1896 619 contra
1909 553 2369 641 Pythagoram,
2396 556 2748 624 Platonem

686 650 1273 736 Empedoclemque
1319 650 1646 726 dixerunt,
1695 649 1808 715 sed
1852 642 2250 715 meretricula
2295 650 2486 716 etiam
2518 650 2744 723 Leon-

686 746 847 809 tium
892 755 1109 811 contra
1144 744 1662 829 Theophrastum
1710 743 1984 809 scribere
2037 766 2196 809 ausa
2240 746 2374 810 est?
2426 746 2582 811 scito
2623 746 2744 811 illa

686 840 948 924 quidem
993 862 1283 906 sermone
1320 850 1385 905 et
1417 839 1669 915 Attico,
1719 838 1832 903 sed
1866 849 2098 904 tamen.
2189 850 2437 906 tantum
2470 839 2744 925 Epicuri

686 934 907 1001 hortus
951 935 1178 1000 habuit
1222 935 1534 1001 licentiae.
1624 943 1688 999 et
1732 934 1945 999 soletis
1992 934 2202 1017 queri,
2260 934 2434 1000 Zeno
2477 935 2744 1019 quidem

689 1030 881 1095 etiam
933 1029 1247 1115 litigabat.
1335 1029 1491 1113 quid
1544 1028 1754 1095 dicam
1804 1028 2194 1093 Albucium?
2243 1051 2394 1095 nam
2435 1028 2742 1095 Phaedro

686 1122 845 1187 nihil
864 1123 1239 1210 elegantius,
1267 1124 1424 1189 nihil
1440 1121 1781 1187 humanius
1793 1146 1812 1199 3
1850 1122 1962 1187 sed
1989 1122 2503 1188 stomachabatur
2521 1146 2741 1199 senex,

687 1217 741 1283 si
802 1217 958 1300 quid
1020 1218 1307 1303 asperius
1372 1218 1686 1291 dixeram,
1749 1238 1895 1279 cum
1947 1212 2266 1299 Epicurus
2319 1216 2742 1282 Aristotelem

686 1311 932 1375 vexarit
966 1310 1613 1387 contumeliosissime,
1650 1304 1984 1374 Phaedoni
2015 1306 2342 1373 Socratico
2369 1310 2740 1395 turpissime

686 1404 853 1470 male
888 1403 1138 1482 dixerit,
1166 1402 1551 1477 -Metrodori,
1586 1400 1820 1466 sodalis
1857 1400 1976 1477 sui,
2012 1401 2278 1467 fratrem
2305 1402 2738 1481 Timocraten,

686 1498 839 1583 quia
864 1499 1081 1564 nescio
1108 1496 1263 1580 quid
1288 1497 1355 1559 in
1383 1494 1782 1581 philosophia
1810 1494 2186 1571 dissentiret,
2221 1495 2371 1561 totis
2398 1498 2740 1563 volumini-‘-

685 1594 809 1658 bus
844 1592 1204 1665 conciderit,
1241 1590 1308 1654 in
1343 1589 1790 1654 Democritum
1824 1590 2056 1676 ipsum,
2095 1611 2290 1674 quem
2323 1602 2580 1657 secutus
2619 1604 2737 1671 est,

686 1687 879 1751 fuerit
918 1687 1207 1769 ingratus
1222 1732 1239 1761 ,
1292 1684 1355 1749 N
1360 1684 1784 1770 ausiphanen,
1837 1685 2216 1770 magistrum
2261 1708 2478 1763 suum,
2533 1710 2572 1751 a
2607 1708 2738 1769 quo

582 1802 655 1857 34
686 1804 807 1845 non
850 1778 1007 1843 nihil
1051 1778 1387 1856 didicerat,
1438 1785 1573 1843 tam
1614 1778 1784 1844 male
1829 1779 2160 1864 acceperit.
2253 1780 2430 1845 Zeno
2475 1780 2739 1863 quidem

590 2274 645 2313 94

589 3207 643 3249 95

685 1895 815 1937 non
852 1894 964 1937 eos
998 1871 1232 1950 solum,
1270 1874 1382 1957 qui
1417 1884 1555 1937 tum
1590 1884 1792 1950 erant,
1827 1872 2322 1959 Apollodorum,
2360 1872 2596 1952 Silum,
2633 1896 2740 1939 ce-

686 1978 853 2033 teros
888 1966 1130 2052 figebat
1176 1967 1560 2044 maledictis,
1606 1968 1722 2034 sed
1767 1966 2078 2034 Socraten
2121 1968 2362 2054 ipsum,
2407 1979 2738 2053 parcnt-em

685 2060 1145 2147 philosophiae,
1182 2062 1421 2128 Latino
1446 2064 1643 2129 verbo
1671 2073 1882 2139 utens,
1917 2084 2203 2127 scurram
2217 2062 2512 2127 Atticum
2539 2060 2738 2127 fuisse

689 2155 961 2233 dicebat,
994 2153 1433 2241 Chrysippum
1462 2178 1816 2241 numquam
1843 2157 1968 2221 nisi
1986 2154 2418 2243 Chrysippam
2445 2157 2736 2223 vocabat.

684 2260 757 2314 111
789 2250 928 2335 ipse
970 2252 1164 2334 paulo
1202 2260 1379 2326 ante,
1434 2273 1581 2315 cum
1624 2260 1953 2333 tamquam
1991 2261 2284 2315 senatum
2325 2250 2738 2336 philosopho-

684 2364 829 2409 rum
862 2344 1181 2422 recitares,
1218 2366 1500 2409 summos
1537 2345 1706 2409 viros
1743 2344 2052 2429 desipere,
2091 2340 2387 2421 delirare,
2426 2344 2737 2411 dementis

686 2460 825 2503 esse
878 2436 1167 2514 dicebas3
1222 2459 1495 2521 quorum
1550 2438 1604 2501 si
1653 2459 1842 2501 nemo
1895 2458 2121 2501 verum
2163 2436 2324 2501 vidit
2373 2437 2455 2503 de
2507 2448 2736 2503 natura

686 2532 979 2607 deorum,
1034 2532 1385 2597 verendum
1432 2541 1529 2596 est
1570 2553 1655 2595 ne
1699 2530 1878 2595 nulla
1920 2531 2002 2595 sit
2045 2531 2322 2596 omnino.
2409 2534 2560 2595 nam'
2593 2532 2736 2608 ista,

684 2648 850 2709 quae
885 2647 999 2690 vos
1037 2625 1271 2703 dicitis,
1318 2635 1467 2689 sunt
1500 2635 1635 2690 tota
1669 2624 2143 2702 commenticia,
2180 2624 2290 2689 vix
2326 2624 2522 2711 digna
2553 2625 2735 2690 lucu-

685 2720 974 2785 bratione
1010 2720 1433 2795 anicularum3
1470 2740 1601 2784 non
1637 2718 1808 2784 enim
1843 2718 2121 2796 sentitis,
2158 2740 2353 2802 quam
2387 2720 2588 2785 multa
2623 2741 2735 2783 vo·-

685 2812 785 2877 bis
823 2814 1225 2899 suscipienda
1260 2814 1413 2890 sint,
1468 2813 1523 2877 si
1565 2813 1950 2899 inpetraritis
2007 2824 2082 2878 ut
2127 2813 2549 2879 concedamus
2585 2836 2736 2879 ean-

686 2908 835 2971 dem
869 2907 1197 2972 hominum
1233 2930 1373 2973 esse
1409 2918 1475 2973 et
1519 2908 1786 2972 deorum
1829 2908 2130 2993 figuram:
2186 2907 2390 2972 omnis
2428 2908 2634 2973 cultus
2671 2922 2734 2973 et

686 2999 929 3065 curatio
967 3000 1247 3085 corporis
1284 3002 1403 3067 erit
1438 3002 1666 3067 eadem
1701 3000 2062 3066 adhibenda
2097 3001 2240 3079 de0,
2276 3023 2442 3087 quae
2472 3001 2735 3069 adhibe·

686 3104 789 3159 tur
811 3092 1093 3172 homini-3
1128 3094 1477 3181 ingressus,
1504 3118 1750 3174 cursus,
1779 3095 2114 3173 accubitiO,
2141 3096 2733 3176 inclinati0,sess10,

688 3188 1173 3272 conprehensiO,
1220 3190 1305 3254 ad
1337 3201 1691 3256 extremum
1728 3190 1922 3255 etiam
1958 3213 2164 3256 sermo
2201 3200 2266 3257 et
2301 3190 2531 3267 orati03
2563 3198 2765 3254 nam'

686 3282 858 3367 quod
896 3293 961 3347 et
995 3283 1188 3347 maris
1224 3284 1377 3350 deos
1414 3295 1479 3350 et
1512 3285 1784 3349 feminas
1811 3306 1950 3351 esse
1978 3284 2203 3361 dicitis,
2241 3282 2397 3367 quid
2431 3293 2736 3367 sequatur

686 3375 936 3443 videtis·
1010 3378 1307 3461 equidem
1342 3378 1559 3443 mirari
1593 3379 1746 3445 satis
1781 3402 1911 3445 non
1945 3400 2230 3465 possum,
2265 3377 2436 3443 unde
2473 3378 2556 3442 ad
2581 3378 2734 3444 istas

687 3472 1016 3557 opiniones
1062 3483 1273 3538 vester
1314 3472 1423 3537 ille
1465 3472 1761 3559 princeps
1796 3474 2059 3555 venerit,
2148 3471 2262 3537 sed
2297 3472 2572 3537 clamare
2607 3495 2734 3537 non

688 3565 973 3631 desinitis
1010 3566 1415 3632 retinendum
1447 3566 1571 3632 hoc
1606 3590 1768 3644 esse,
1805 3566 1963 3633 deus
1989 3577 2063 3631 ut
2095 3566 2321 3631 beatus
2355 3566 2734 3631 inmortalis-

689 3684 813 3746 que
850 3661 949 3727 sit.
1005 3662 1161 3746 quid
1197 3672 1410 3727 autem
1446 3662 1676 3741 obstat,
1714 3684 1842 3749 quo
1876 3663 2088 3728 minus
2125 3660 2206 3725 sit
2239 3662 2485 3737 beatus,
2523 3660 2575 3725 si
2607 3682 2734 3726 non

688 3756 773 3821 sit
804 3756 1027 3842 bipes?
1080 3767 1193 3821 aut
1224 3757 1377 3835 ista,
1430 3757 1565 3823 sive
1608 3758 1880 3823 beatitas
1917 3756 2052 3823 sive
2097 3755 2424 3822 beatitudo
2469 3755 2736 3821 dicenda

690 3861 789 3913 est
820 3886 909 3897 —·-
939 3860 1285 3936 utrumque
1322 3852 1579 3917 omnino
1615 3852 1878 3927 durum,
1927 3850 2042 3917 sed
2076 3872 2200 3917 usu
2242 3850 2588 3915 mollienda
2621 3872 2734 3913 no-

687 3942 789 4008 bis
824 3944 1021 4009 verba
1056 3958 1205 4011 sunt
1221 3982 1326 4025 -—,
1362 3969 1587 4013 verum
1620 3968 1718 4021 ea,
1755 3965 2197 4029 quaecumque
2232 3955 2348 4020 est,
2385 3966 2498 4008 cur
2525 3953 2636 4007 aut
2670 3942 2734 4005 in

602 4052 607 4055 '
690 4033 897 4101 solum
929 4036 1111 4103 illum
1157 4050 1268 4105 aut
1300 4042 1368 4105 in
1411 4039 1582 4107 hunc
1624 4038 1936 4103 mundum
1973 4051 2084 4105 aut
2125 4040 2192 4106 in
2239 4038 2516 4121 aliquam
2561 4058 2737 4099 men-
