<?xml version="1.0" encoding="UTF-8"?>
<!DOCTYPE html PUBLIC "-//W3C//DTD XHTML 1.0 Transitional//EN"
    "http://www.w3.org/TR/xhtml1/DTD/xhtml1-transitional.dtd">
<html xmlns="http://www.w3.org/1999/xhtml" xml:lang="en" lang="en">
 <head>
  <title>
</title>
<meta http-equiv="Content-Type" content="text/html;charset=utf-8" />
  <meta name='ocr-system' content='tesseract 3.04.00' />
  <meta name='ocr-capabilities' content='ocr_page ocr_carea ocr_par ocr_line ocrx_word'/>
</head>
<body>
  <div class='ocr_page' id='page_1' title='image "./mtulliiciceroni03unkngoog_0473.png"; bbox 0 0 3292 4559; ppageno 0'>
   <div class='ocr_carea' id='block_1_1' title="bbox 533 215 2516 334">
    <p class='ocr_par' dir='ltr' id='par_1_1' title="bbox 533 215 2516 334">
     <span class='ocr_line' id='line_1_1' title="bbox 533 215 2516 334; baseline -0.003 -27"><span class='ocrx_word' id='word_1_1' title='bbox 533 251 610 307; x_wconf 84' lang='lat' dir='ltr'><strong>M.</strong></span> <span class='ocrx_word' id='word_1_2' title='bbox 648 249 922 309; x_wconf 78' lang='lat' dir='ltr'>TULLII</span> <span class='ocrx_word' id='word_1_3' title='bbox 958 249 1362 308; x_wconf 71' lang='lat' dir='ltr'><strong>cronnoms</strong></span> <span class='ocrx_word' id='word_1_4' title='bbox 1397 215 1835 307; x_wconf 63' lang='lat' dir='ltr'><strong>PAnAnoxA</strong></span> <span class='ocrx_word' id='word_1_5' title='bbox 1880 249 2341 334; x_wconf 71' lang='lat' dir='ltr'><strong>sromoaun.</strong></span> <span class='ocrx_word' id='word_1_6' title='bbox 2392 235 2516 302; x_wconf 87' lang='lat'><strong>115</strong></span> 
     </span>
    </p>
   </div>
   <div class='ocr_carea' id='block_1_2' title="bbox 789 789 2191 1078">
    <p class='ocr_par' dir='ltr' id='par_1_2' title="bbox 789 789 2191 1078">
     <span class='ocr_line' id='line_1_2' title="bbox 973 789 1983 860; baseline 0.002 -4"><span class='ocrx_word' id='word_1_7' title='bbox 973 791 1073 856; x_wconf 91' lang='lat' dir='ltr'><strong>M.</strong></span> <span class='ocrx_word' id='word_1_8' title='bbox 1109 789 1442 857; x_wconf 80' lang='lat' dir='ltr'>TULLII</span> <span class='ocrx_word' id='word_1_9' title='bbox 1479 789 1983 860; x_wconf 84' lang='lat' dir='ltr'>CICERONIS</span> 
     </span>
     <span class='ocr_line' id='line_1_3' title="bbox 789 899 2191 970; baseline 0 0"><span class='ocrx_word' id='word_1_10' title='bbox 789 899 1434 970; x_wconf 83' lang='lat' dir='ltr'><strong>PARADOXA</strong></span> <span class='ocrx_word' id='word_1_11' title='bbox 1505 899 2191 970; x_wconf 80' lang='lat' dir='ltr'><strong>STOIOORUM</strong></span> 
     </span>
     <span class='ocr_line' id='line_1_4' title="bbox 1129 1011 1857 1078; baseline -0.003 0"><span class='ocrx_word' id='word_1_12' title='bbox 1129 1011 1260 1078; x_wconf 91' lang='lat' dir='ltr'><strong>AD</strong></span> <span class='ocrx_word' id='word_1_13' title='bbox 1299 1011 1399 1078; x_wconf 89' lang='lat' dir='ltr'><strong>M.</strong></span> <span class='ocrx_word' id='word_1_14' title='bbox 1435 1011 1857 1078; x_wconf 83' lang='lat' dir='ltr'><strong>BRUTUM.</strong></span> 
     </span>
    </p>
   </div>
   <div class='ocr_carea' id='block_1_3' title="bbox 1075 1227 1903 1296">
    <p class='ocr_par' dir='ltr' id='par_1_3' title="bbox 1075 1227 1903 1296">
     <span class='ocr_line' id='line_1_5' title="bbox 1075 1227 1903 1296; baseline 0.002 -11"><span class='ocrx_word' id='word_1_15' title='bbox 1075 1227 1903 1296; x_wconf 76' lang='lat' dir='ltr'><strong>ARGUMENTUM.</strong></span> 
     </span>
    </p>
   </div>
   <div class='ocr_carea' id='block_1_4' title="bbox 437 1333 2605 3792">
    <p class='ocr_par' dir='ltr' id='par_1_4' title="bbox 443 1333 2523 1405">
     <span class='ocr_line' id='line_1_6' title="bbox 443 1333 2523 1405; baseline 0 -15"><span class='ocrx_word' id='word_1_16' title='bbox 443 1355 450 1362; x_wconf 81' lang='lat'><strong>·</strong></span> <span class='ocrx_word' id='word_1_17' title='bbox 563 1335 692 1390; x_wconf 73' lang='lat' dir='ltr'><strong>Hoc</strong></span> <span class='ocrx_word' id='word_1_18' title='bbox 707 1333 902 1390; x_wconf 85' lang='lat' dir='ltr'><strong>libello</strong></span> <span class='ocrx_word' id='word_1_19' title='bbox 921 1333 1120 1390; x_wconf 70' lang='lat' dir='ltr'><strong>Cicero</strong></span> <span class='ocrx_word' id='word_1_20' title='bbox 1136 1333 1372 1389; x_wconf 78' lang='lat' dir='ltr'><strong>Catonis</strong></span> <span class='ocrx_word' id='word_1_21' title='bbox 1383 1333 1685 1404; x_wconf 71' lang='lat' dir='ltr'><strong>Uticensis,</strong></span> <span class='ocrx_word' id='word_1_22' title='bbox 1706 1333 1945 1404; x_wconf 76' lang='lat' dir='ltr'><strong>perfecti</strong></span> <span class='ocrx_word' id='word_1_23' title='bbox 1962 1333 2113 1389; x_wconf 83' lang='lat' dir='ltr'><strong>illius</strong></span> <span class='ocrx_word' id='word_1_24' title='bbox 2132 1333 2326 1405; x_wconf 76' lang='lat' dir='ltr'><strong>Stoici,</strong></span> <span class='ocrx_word' id='word_1_25' title='bbox 2348 1335 2523 1390; x_wconf 81' lang='lat' dir='ltr'><strong>admi·</strong></span> 
     </span>
    </p>

    <p class='ocr_par' dir='ltr' id='par_1_5' title="bbox 443 1409 2522 1562">
     <span class='ocr_line' id='line_1_7' title="bbox 443 1409 2522 1483; baseline -0.001 -14"><span class='ocrx_word' id='word_1_26' title='bbox 443 1413 678 1470; x_wconf 68' lang='lat' dir='ltr'><strong>ratione</strong></span> <span class='ocrx_word' id='word_1_27' title='bbox 703 1411 982 1468; x_wconf 75' lang='lat' dir='ltr'><strong>adductus</strong></span> <span class='ocrx_word' id='word_1_28' title='bbox 1008 1410 1343 1483; x_wconf 76' lang='lat' dir='ltr'><strong>disciplinae</strong></span> <span class='ocrx_word' id='word_1_29' title='bbox 1375 1409 1604 1468; x_wconf 76' lang='lat' dir='ltr'><strong>Stoicae</strong></span> <span class='ocrx_word' id='word_1_30' title='bbox 1627 1417 1965 1482; x_wconf 80' lang='lat' dir='ltr'><strong>praeeepta,</strong></span> <span class='ocrx_word' id='word_1_31' title='bbox 1998 1428 2143 1482; x_wconf 79' lang='lat' dir='ltr'><strong>quae</strong></span> <span class='ocrx_word' id='word_1_32' title='bbox 2169 1413 2423 1474; x_wconf 74' lang='lat' dir='ltr'><strong>homines</strong></span> <span class='ocrx_word' id='word_1_33' title='bbox 2442 1412 2522 1468; x_wconf 81' lang='lat' dir='ltr'><strong>eb</strong></span> 
     </span>
     <span class='ocr_line' id='line_1_8' title="bbox 457 1487 2521 1566; baseline -0.001 -20"><span class='ocrx_word' id='word_1_34' title='bbox 457 1490 816 1548; x_wconf 81' lang='lat' dir='ltr'><strong>severitatem</strong></span> <span class='ocrx_word' id='word_1_35' title='bbox 859 1487 1283 1546; x_wconf 73' lang='lat' dir='ltr'><strong>admirabantur</strong></span> <span class='ocrx_word' id='word_1_36' title='bbox 1327 1489 1510 1566; x_wconf 82' lang='lat' dir='ltr'><strong>magis</strong></span> <span class='ocrx_word' id='word_1_37' title='bbox 1547 1505 1737 1562; x_wconf 84' lang='lat' dir='ltr'><strong>quam</strong></span> <span class='ocrx_word' id='word_1_38' title='bbox 1764 1489 2168 1562; x_wconf 74' lang='lat' dir='ltr'><strong>sequebantur,</strong></span> <span class='ocrx_word' id='word_1_39' title='bbox 2217 1489 2521 1560; x_wconf 75' lang='grc' dir='ltr'><em>παράδοξα,</em></span> 
     </span>
    </p>

    <p class='ocr_par' dir='ltr' id='par_1_6' title="bbox 458 1561 2525 1717">
     <span class='ocr_line' id='line_1_9' title="bbox 460 1561 2525 1640; baseline -0.002 -16"><span class='ocrx_word' id='word_1_40' title='bbox 460 1586 607 1640; x_wconf 83' lang='lat' dir='ltr'><strong>quae</strong></span> <span class='ocrx_word' id='word_1_41' title='bbox 625 1561 820 1622; x_wconf 84' lang='lat' dir='ltr'><strong>Latini</strong></span> <span class='ocrx_word' id='word_1_42' title='bbox 845 1571 1052 1621; x_wconf 83' lang='lat' dir='ltr'><strong>vocant</strong></span> <span class='ocrx_word' id='word_1_43' title='bbox 1079 1566 1516 1636; x_wconf 42' lang='lat' dir='ltr'><strong>‘admirabiliass</strong></span> <span class='ocrx_word' id='word_1_44' title='bbox 1547 1565 1820 1620; x_wconf 87' lang='lat' dir='ltr'><strong>orationis</strong></span> <span class='ocrx_word' id='word_1_45' title='bbox 1846 1582 1983 1622; x_wconf 89' lang='lat' dir='ltr'><strong>suae</strong></span> <span class='ocrx_word' id='word_1_46' title='bbox 2010 1567 2287 1623; x_wconf 80' lang='lat' dir='ltr'><strong>suavitate</strong></span> <span class='ocrx_word' id='word_1_47' title='bbox 2304 1567 2525 1622; x_wconf 87' lang='lat' dir='ltr'><strong>mollita</strong></span> 
     </span>
     <span class='ocr_line' id='line_1_10' title="bbox 458 1641 2523 1717; baseline -0.001 -18"><span class='ocrx_word' id='word_1_48' title='bbox 458 1646 698 1717; x_wconf 86' lang='lat' dir='ltr'><strong>probare</strong></span> <span class='ocrx_word' id='word_1_49' title='bbox 731 1645 942 1715; x_wconf 89' lang='lat' dir='ltr'><strong>populo</strong></span> <span class='ocrx_word' id='word_1_50' title='bbox 979 1649 1038 1699; x_wconf 92' lang='lat' dir='ltr'><strong>et</strong></span> <span class='ocrx_word' id='word_1_51' title='bbox 1071 1644 1461 1698; x_wconf 83' lang='lat' dir='ltr'><strong>commendare</strong></span> <span class='ocrx_word' id='word_1_52' title='bbox 1488 1643 1598 1698; x_wconf 88' lang='lat' dir='ltr'><strong>sibi</strong></span> <span class='ocrx_word' id='word_1_53' title='bbox 1623 1642 1934 1713; x_wconf 82' lang='lat' dir='ltr'>proposuit.</span> <span class='ocrx_word' id='word_1_54' title='bbox 2005 1641 2153 1699; x_wconf 85' lang='lat' dir='ltr'><strong>Nam</strong></span> <span class='ocrx_word' id='word_1_55' title='bbox 2181 1644 2286 1698; x_wconf 91' lang='lat' dir='ltr'><strong>etsi</strong></span> <span class='ocrx_word' id='word_1_56' title='bbox 2312 1643 2372 1696; x_wconf 92' lang='lat' dir='ltr'><strong>in</strong></span> <span class='ocrx_word' id='word_1_57' title='bbox 2399 1659 2523 1697; x_wconf 90' lang='lat' dir='ltr'><strong>ora·</strong></span> 
     </span>
    </p>

    <p class='ocr_par' dir='ltr' id='par_1_7' title="bbox 459 1719 2522 1792">
     <span class='ocr_line' id='line_1_11' title="bbox 459 1719 2522 1792; baseline -0.002 -16"><span class='ocrx_word' id='word_1_58' title='bbox 459 1723 613 1776; x_wconf 90' lang='lat' dir='ltr'><strong>tione</strong></span> <span class='ocrx_word' id='word_1_59' title='bbox 647 1737 750 1792; x_wconf 86' lang='lat' dir='ltr'><strong>pro</strong></span> <span class='ocrx_word' id='word_1_60' title='bbox 777 1721 845 1774; x_wconf 81' lang='lat' dir='ltr'><strong>L.</strong></span> <span class='ocrx_word' id='word_1_61' title='bbox 873 1720 1114 1775; x_wconf 83' lang='lat' dir='ltr'><strong>Murena</strong></span> <span class='ocrx_word' id='word_1_62' title='bbox 1139 1720 1356 1776; x_wconf 82' lang='lat' dir='ltr'><strong>Catone</strong></span> <span class='ocrx_word' id='word_1_63' title='bbox 1395 1726 1699 1774; x_wconf 73' lang='lat' dir='ltr'><strong>accusante</strong></span> <span class='ocrx_word' id='word_1_64' title='bbox 1728 1719 2045 1774; x_wconf 79' lang='lat' dir='ltr'><strong>Stoicorum</strong></span> <span class='ocrx_word' id='word_1_65' title='bbox 2080 1719 2371 1790; x_wconf 79' lang='grc' dir='ltr'><strong><em>παράδοξα</em></strong></span> <span class='ocrx_word' id='word_1_66' title='bbox 2394 1735 2522 1789; x_wconf 86' lang='lat' dir='ltr'><strong>per·</strong></span> 
     </span>
    </p>

    <p class='ocr_par' dir='ltr' id='par_1_8' title="bbox 459 1795 2525 2097">
     <span class='ocr_line' id='line_1_12' title="bbox 459 1795 2525 1869; baseline -0.001 -17"><span class='ocrx_word' id='word_1_67' title='bbox 459 1797 686 1869; x_wconf 81' lang='lat' dir='ltr'><strong>stringit</strong></span> <span class='ocrx_word' id='word_1_68' title='bbox 709 1802 770 1852; x_wconf 90' lang='lat' dir='ltr'><strong>et</strong></span> <span class='ocrx_word' id='word_1_69' title='bbox 793 1796 858 1850; x_wconf 85' lang='lat' dir='ltr'><strong>in</strong></span> <span class='ocrx_word' id='word_1_70' title='bbox 881 1797 1151 1851; x_wconf 68' lang='lat' dir='ltr'><strong>librorum</strong></span> <span class='ocrx_word' id='word_1_71' title='bbox 1177 1796 1248 1852; x_wconf 91' lang='lat' dir='ltr'><strong>de</strong></span> <span class='ocrx_word' id='word_1_72' title='bbox 1275 1795 1514 1852; x_wconf 77' lang='lat' dir='ltr'><strong>Finibus</strong></span> <span class='ocrx_word' id='word_1_73' title='bbox 1529 1796 1642 1851; x_wconf 86' lang='lat'><strong>111.</strong></span> <span class='ocrx_word' id='word_1_74' title='bbox 1672 1801 1733 1852; x_wconf 87' lang='lat' dir='ltr'><strong>et</strong></span> <span class='ocrx_word' id='word_1_75' title='bbox 1749 1795 1852 1851; x_wconf 89' lang='lat' dir='ltr'><strong>IV.</strong></span> <span class='ocrx_word' id='word_1_76' title='bbox 1874 1795 2181 1851; x_wconf 81' lang='lat' dir='ltr'><strong>eorundem</strong></span> <span class='ocrx_word' id='word_1_77' title='bbox 2208 1796 2525 1850; x_wconf 71' lang='lat' dir='ltr'><strong>austeritati</strong></span> 
     </span>
     <span class='ocr_line' id='line_1_13' title="bbox 459 1871 2523 1943; baseline -0.001 -15"><span class='ocrx_word' id='word_1_78' title='bbox 459 1873 864 1930; x_wconf 84' lang='lat' dir='ltr'><strong>moderandum</strong></span> <span class='ocrx_word' id='word_1_79' title='bbox 891 1889 1016 1928; x_wconf 83' lang='lat' dir='ltr'><strong>esse</strong></span> <span class='ocrx_word' id='word_1_80' title='bbox 1042 1878 1262 1943; x_wconf 78' lang='lat' dir='ltr'><strong>censet,</strong></span> <span class='ocrx_word' id='word_1_81' title='bbox 1292 1878 1486 1928; x_wconf 83' lang='lat' dir='ltr'><strong>tamen</strong></span> <span class='ocrx_word' id='word_1_82' title='bbox 1511 1888 1628 1927; x_wconf 87' lang='lat' dir='ltr'><strong>non</strong></span> <span class='ocrx_word' id='word_1_83' title='bbox 1654 1877 1771 1928; x_wconf 80' lang='lat' dir='ltr'><strong>tam</strong></span> <span class='ocrx_word' id='word_1_84' title='bbox 1798 1872 2091 1929; x_wconf 72' lang='lat' dir='ltr'><strong>doetrinae</strong></span> <span class='ocrx_word' id='word_1_85' title='bbox 2106 1871 2383 1930; x_wconf 84' lang='lat' dir='ltr'><strong>rationem</strong></span> <span class='ocrx_word' id='word_1_86' title='bbox 2399 1872 2523 1927; x_wconf 86' lang='lat' dir='ltr'><strong>illo-</strong></span> 
     </span>
     <span class='ocr_line' id='line_1_14' title="bbox 459 1949 2523 2022; baseline -0.001 -16"><span class='ocrx_word' id='word_1_87' title='bbox 459 1968 584 2006; x_wconf 82' lang='lat' dir='ltr'><strong>rum</strong></span> <span class='ocrx_word' id='word_1_88' title='bbox 607 1949 890 2022; x_wconf 89' lang='lat' dir='ltr'><strong>improbat</strong></span> <span class='ocrx_word' id='word_1_89' title='bbox 915 1965 1084 2020; x_wconf 87' lang='lat' dir='ltr'><strong>quam</strong></span> <span class='ocrx_word' id='word_1_90' title='bbox 1113 1949 1384 2004; x_wconf 87' lang='lat' dir='ltr'><strong>sermonis</strong></span> <span class='ocrx_word' id='word_1_91' title='bbox 1403 1949 1781 2006; x_wconf 85' lang='lat' dir='ltr'><strong>insolentiam.</strong></span> <span class='ocrx_word' id='word_1_92' title='bbox 1852 1949 1939 2004; x_wconf 86' lang='lat' dir='ltr'><strong>Ae</strong></span> <span class='ocrx_word' id='word_1_93' title='bbox 1956 1950 2137 2020; x_wconf 87' lang='lat' dir='ltr'><strong>primo</strong></span> <span class='ocrx_word' id='word_1_94' title='bbox 2157 1949 2381 2020; x_wconf 87' lang='lat' dir='ltr'><strong>quidem</strong></span> <span class='ocrx_word' id='word_1_95' title='bbox 2398 1949 2523 2004; x_wconf 78' lang='lat' dir='ltr'><strong>loeo</strong></span> 
     </span>
     <span class='ocr_line' id='line_1_15' title="bbox 460 2025 2522 2097; baseline -0.001 -15"><span class='ocrx_word' id='word_1_96' title='bbox 460 2029 672 2082; x_wconf 89' lang='lat' dir='ltr'><strong>bonum</strong></span> <span class='ocrx_word' id='word_1_97' title='bbox 705 2025 828 2082; x_wconf 85' lang='lat' dir='ltr'><strong>sola</strong></span> <span class='ocrx_word' id='word_1_98' title='bbox 861 2027 1160 2082; x_wconf 90' lang='lat' dir='ltr'><strong>honestate</strong></span> <span class='ocrx_word' id='word_1_99' title='bbox 1195 2025 1498 2094; x_wconf 76' lang='lat' dir='ltr'><strong>contineri,</strong></span> <span class='ocrx_word' id='word_1_100' title='bbox 1538 2026 1743 2082; x_wconf 85' lang='lat' dir='ltr'><strong>deinde</strong></span> <span class='ocrx_word' id='word_1_101' title='bbox 1778 2027 2027 2082; x_wconf 86' lang='lat' dir='ltr'><strong>seeundo</strong></span> <span class='ocrx_word' id='word_1_102' title='bbox 2070 2032 2359 2097; x_wconf 85' lang='lat' dir='ltr'><strong>tamquam</strong></span> <span class='ocrx_word' id='word_1_103' title='bbox 2392 2042 2522 2081; x_wconf 84' lang='lat' dir='ltr'><strong>eon-</strong></span> 
     </span>
    </p>

    <p class='ocr_par' dir='ltr' id='par_1_9' title="bbox 437 2101 2605 2796">
     <span class='ocr_line' id='line_1_16' title="bbox 460 2101 2527 2174; baseline 0 -17"><span class='ocrx_word' id='word_1_104' title='bbox 460 2103 699 2160; x_wconf 82' lang='lat' dir='ltr'><strong>sectario</strong></span> <span class='ocrx_word' id='word_1_105' title='bbox 729 2101 976 2160; x_wconf 80' lang='lat' dir='ltr'><strong>ostendit</strong></span> <span class='ocrx_word' id='word_1_106' title='bbox 999 2102 1453 2158; x_wconf 88' lang='lat' dir='ltr'><strong>honestissimum</strong></span> <span class='ocrx_word' id='word_1_107' title='bbox 1483 2119 1761 2174; x_wconf 87' lang='lat' dir='ltr'><strong>quemque</strong></span> <span class='ocrx_word' id='word_1_108' title='bbox 1788 2103 1847 2157; x_wconf 90' lang='lat' dir='ltr'><strong>in</strong></span> <span class='ocrx_word' id='word_1_109' title='bbox 1872 2121 1933 2159; x_wconf 89' lang='lat' dir='ltr'><strong>se</strong></span> <span class='ocrx_word' id='word_1_110' title='bbox 1958 2120 2072 2158; x_wconf 88' lang='lat' dir='ltr'><strong>uno</strong></span> <span class='ocrx_word' id='word_1_111' title='bbox 2098 2103 2310 2159; x_wconf 86' lang='lat' dir='ltr'><strong>habere</strong></span> <span class='ocrx_word' id='word_1_112' title='bbox 2338 2103 2527 2158; x_wconf 87' lang='lat' dir='ltr'><strong>omnia</strong></span> 
     </span>
     <span class='ocr_line' id='line_1_17' title="bbox 459 2169 2525 2252; baseline 0 -16"><span class='ocrx_word' id='word_1_113' title='bbox 459 2182 606 2237; x_wconf 82' lang='lat' dir='ltr'><strong>bene</strong></span> <span class='ocrx_word' id='word_1_114' title='bbox 631 2181 912 2252; x_wconf 83' lang='lat' dir='ltr'><strong>beateque</strong></span> <span class='ocrx_word' id='word_1_115' title='bbox 937 2181 1164 2236; x_wconf 75' lang='lat' dir='ltr'><strong>vivendi</strong></span> <span class='ocrx_word' id='word_1_116' title='bbox 1178 2169 1484 2252; x_wconf 60' lang='lat' dir='ltr'><strong>praesidia.</strong></span> <span class='ocrx_word' id='word_1_117' title='bbox 1553 2180 1640 2235; x_wconf 85' lang='lat' dir='ltr'><strong>Ex</strong></span> <span class='ocrx_word' id='word_1_118' title='bbox 1656 2181 1745 2236; x_wconf 87' lang='lat' dir='ltr'><strong>his</strong></span> <span class='ocrx_word' id='word_1_119' title='bbox 1764 2187 1954 2237; x_wconf 85' lang='lat' dir='ltr'><strong>autem</strong></span> <span class='ocrx_word' id='word_1_120' title='bbox 1971 2180 2111 2236; x_wconf 86' lang='lat' dir='ltr'><strong>loeis</strong></span> <span class='ocrx_word' id='word_1_121' title='bbox 2130 2186 2321 2236; x_wconf 87' lang='lat' dir='ltr'><strong>eetera</strong></span> <span class='ocrx_word' id='word_1_122' title='bbox 2332 2221 2347 2251; x_wconf 91' lang='lat'>‚</span> <span class='ocrx_word' id='word_1_123' title='bbox 2378 2195 2525 2252; x_wconf 86' lang='lat' dir='ltr'><strong>quae</strong></span> 
     </span>
     <span class='ocr_line' id='line_1_18' title="bbox 459 2258 2526 2331; baseline -0.001 -17"><span class='ocrx_word' id='word_1_124' title='bbox 459 2258 728 2330; x_wconf 83' lang='lat' dir='ltr'><strong>deineeps</strong></span> <span class='ocrx_word' id='word_1_125' title='bbox 753 2259 1134 2330; x_wconf 73' lang='lat' dir='ltr'><strong>persequitur,</strong></span> <span class='ocrx_word' id='word_1_126' title='bbox 1172 2265 1310 2330; x_wconf 81' lang='lat' dir='ltr'><strong>apta</strong></span> <span class='ocrx_word' id='word_1_127' title='bbox 1327 2265 1468 2314; x_wconf 78' lang='lat' dir='ltr'><strong>sunt</strong></span> <span class='ocrx_word' id='word_1_128' title='bbox 1491 2265 1554 2316; x_wconf 88' lang='lat' dir='ltr'><strong>et</strong></span> <span class='ocrx_word' id='word_1_129' title='bbox 1566 2277 1861 2331; x_wconf 82' lang='lat' dir='ltr'><strong>suspensa.</strong></span> <span class='ocrx_word' id='word_1_130' title='bbox 1929 2259 2133 2330; x_wconf 78' lang='lat' dir='ltr'><strong>Itaque</strong></span> <span class='ocrx_word' id='word_1_131' title='bbox 2151 2260 2349 2316; x_wconf 85' lang='lat' dir='ltr'><strong>tertius</strong></span> <span class='ocrx_word' id='word_1_132' title='bbox 2368 2259 2526 2314; x_wconf 84' lang='lat' dir='ltr'><strong>loeus</strong></span> 
     </span>
     <span class='ocr_line' id='line_1_19' title="bbox 457 2337 2573 2408; baseline 0 -16"><span class='ocrx_word' id='word_1_133' title='bbox 457 2342 548 2392; x_wconf 91' lang='lat' dir='ltr'><strong>est</strong></span> <span class='ocrx_word' id='word_1_134' title='bbox 581 2337 652 2392; x_wconf 91' lang='lat' dir='ltr'><strong>de</strong></span> <span class='ocrx_word' id='word_1_135' title='bbox 686 2341 1048 2407; x_wconf 82' lang='lat' dir='ltr'><strong>peecatorum</strong></span> <span class='ocrx_word' id='word_1_136' title='bbox 1075 2337 1426 2408; x_wconf 71' lang='lat' dir='ltr'><strong>aequalitate</strong></span> <span class='ocrx_word' id='word_1_137' title='bbox 1452 2337 1717 2394; x_wconf 86' lang='lat' dir='ltr'><strong>omnium.</strong></span> <span class='ocrx_word' id='word_1_138' title='bbox 1790 2337 1993 2402; x_wconf 83' lang='lat' dir='ltr'><strong>Quarti</strong></span> <span class='ocrx_word' id='word_1_139' title='bbox 2021 2338 2091 2394; x_wconf 92' lang='lat' dir='ltr'><strong>de</strong></span> <span class='ocrx_word' id='word_1_140' title='bbox 2118 2338 2417 2394; x_wconf 83' lang='lat' dir='ltr'><strong>stultorum</strong></span> <span class='ocrx_word' id='word_1_141' title='bbox 2442 2338 2525 2392; x_wconf 88' lang='lat' dir='ltr'><strong>in-</strong></span> <span class='ocrx_word' id='word_1_142' title='bbox 2566 2385 2573 2392; x_wconf 84' lang='lat'><strong>.</strong></span> 
     </span>
     <span class='ocr_line' id='line_1_20' title="bbox 455 2413 2527 2486; baseline 0 -19"><span class='ocrx_word' id='word_1_143' title='bbox 455 2413 621 2468; x_wconf 87' lang='lat' dir='ltr'><strong>sania</strong></span> <span class='ocrx_word' id='word_1_144' title='bbox 645 2413 758 2470; x_wconf 85' lang='lat' dir='ltr'><strong>loei</strong></span> <span class='ocrx_word' id='word_1_145' title='bbox 783 2431 970 2485; x_wconf 75' lang='lat' dir='ltr'><strong>pauca</strong></span> <span class='ocrx_word' id='word_1_146' title='bbox 995 2420 1215 2470; x_wconf 91' lang='lat' dir='ltr'><strong>tantum</strong></span> <span class='ocrx_word' id='word_1_147' title='bbox 1251 2414 1426 2470; x_wconf 83' lang='lat' dir='ltr'><strong>verba</strong></span> <span class='ocrx_word' id='word_1_148' title='bbox 1453 2421 1784 2486; x_wconf 81' lang='lat' dir='ltr'><strong>supersunt3</strong></span> <span class='ocrx_word' id='word_1_149' title='bbox 1819 2421 2009 2472; x_wconf 87' lang='lat' dir='ltr'><strong>eetera</strong></span> <span class='ocrx_word' id='word_1_150' title='bbox 2045 2416 2373 2472; x_wconf 83' lang='lat' dir='ltr'><strong>exciderunt</strong></span> <span class='ocrx_word' id='word_1_151' title='bbox 2398 2432 2527 2470; x_wconf 86' lang='lat' dir='ltr'><strong>eum</strong></span> 
     </span>
     <span class='ocr_line' id='line_1_21' title="bbox 457 2491 2525 2574; baseline 0.001 -30"><span class='ocrx_word' id='word_1_152' title='bbox 457 2491 626 2545; x_wconf 82' lang='lat' dir='ltr'><strong>titulo</strong></span> <span class='ocrx_word' id='word_1_153' title='bbox 653 2497 711 2548; x_wconf 86' lang='lat' dir='ltr'><strong>et</strong></span> <span class='ocrx_word' id='word_1_154' title='bbox 736 2491 896 2547; x_wconf 90' lang='lat' dir='ltr'><strong>initio</strong></span> <span class='ocrx_word' id='word_1_155' title='bbox 933 2493 1078 2548; x_wconf 84' lang='lat' dir='ltr'><strong>alius</strong></span> <span class='ocrx_word' id='word_1_156' title='bbox 1102 2492 1376 2562; x_wconf 84' lang='lat' dir='ltr'><strong>paradoxi</strong></span> <span class='ocrx_word' id='word_1_157' title='bbox 1402 2493 1608 2564; x_wconf 87' lang='lat' dir='ltr'><strong>(solum</strong></span> <span class='ocrx_word' id='word_1_158' title='bbox 1627 2491 1940 2574; x_wconf 81' lang='lat' dir='ltr'><strong>sapientem</strong></span> <span class='ocrx_word' id='word_1_159' title='bbox 1959 2509 2082 2548; x_wconf 88' lang='lat' dir='ltr'><strong>esse</strong></span> <span class='ocrx_word' id='word_1_160' title='bbox 2101 2492 2303 2562; x_wconf 77' lang='lat' dir='ltr'><strong>civem,</strong></span> <span class='ocrx_word' id='word_1_161' title='bbox 2334 2507 2525 2546; x_wconf 90' lang='lat' dir='ltr'><strong>omnes</strong></span> 
     </span>
     <span class='ocr_line' id='line_1_22' title="bbox 457 2562 2605 2643; baseline 0 -19"><span class='ocrx_word' id='word_1_162' title='bbox 457 2574 649 2625; x_wconf 87' lang='lat' dir='ltr'><strong>autem</strong></span> <span class='ocrx_word' id='word_1_163' title='bbox 677 2569 878 2624; x_wconf 84' lang='lat' dir='ltr'><strong>stultos</strong></span> <span class='ocrx_word' id='word_1_164' title='bbox 907 2587 1030 2626; x_wconf 86' lang='lat' dir='ltr'><strong>esse</strong></span> <span class='ocrx_word' id='word_1_165' title='bbox 1058 2570 1298 2643; x_wconf 88' lang='lat' dir='ltr'><strong>exules),</strong></span> <span class='ocrx_word' id='word_1_166' title='bbox 1338 2586 1450 2642; x_wconf 91' lang='lat' dir='ltr'><strong>quo</strong></span> <span class='ocrx_word' id='word_1_167' title='bbox 1489 2571 1564 2626; x_wconf 85' lang='lat' dir='ltr'><strong>ad</strong></span> <span class='ocrx_word' id='word_1_168' title='bbox 1588 2562 2083 2642; x_wconf 77' lang='lat' dir='ltr'><strong>perstringendum</strong></span> <span class='ocrx_word' id='word_1_169' title='bbox 2110 2569 2369 2627; x_wconf 76' lang='lat' dir='ltr'><strong>Clodium</strong></span> <span class='ocrx_word' id='word_1_170' title='bbox 2392 2585 2525 2624; x_wconf 85' lang='lat' dir='ltr'><strong>usus</strong></span> <span class='ocrx_word' id='word_1_171' title='bbox 2600 2600 2605 2605; x_wconf 75' lang='lat'><em>=</em></span> 
     </span>
     <span class='ocr_line' id='line_1_23' title="bbox 437 2645 2526 2720; baseline -0.001 -19"><span class='ocrx_word' id='word_1_172' title='bbox 437 2652 572 2714; x_wconf 87' lang='lat' dir='ltr'><strong>-est,</strong></span> <span class='ocrx_word' id='word_1_173' title='bbox 601 2663 770 2717; x_wconf 85' lang='lat' dir='ltr'><strong>quem</strong></span> <span class='ocrx_word' id='word_1_174' title='bbox 793 2663 910 2701; x_wconf 90' lang='lat' dir='ltr'><strong>non</strong></span> <span class='ocrx_word' id='word_1_175' title='bbox 935 2645 1102 2702; x_wconf 82' lang='lat' dir='ltr'><strong>modo</strong></span> <span class='ocrx_word' id='word_1_176' title='bbox 1131 2647 1379 2719; x_wconf 84' lang='lat' dir='ltr'><strong>exulem,</strong></span> <span class='ocrx_word' id='word_1_177' title='bbox 1415 2647 1518 2704; x_wconf 82' lang='lat' dir='ltr'><strong>sed</strong></span> <span class='ocrx_word' id='word_1_178' title='bbox 1541 2648 1790 2718; x_wconf 85' lang='lat' dir='ltr'><strong>hostem,</strong></span> <span class='ocrx_word' id='word_1_179' title='bbox 1820 2665 1881 2704; x_wconf 88' lang='lat' dir='ltr'><strong>se</strong></span> <span class='ocrx_word' id='word_1_180' title='bbox 1908 2647 2095 2720; x_wconf 86' lang='lat' dir='ltr'><strong>ipsum</strong></span> <span class='ocrx_word' id='word_1_181' title='bbox 2110 2663 2331 2718; x_wconf 76' lang='lat' dir='ltr'><strong>semper</strong></span> <span class='ocrx_word' id='word_1_182' title='bbox 2348 2646 2526 2702; x_wconf 78' lang='lat' dir='ltr'><strong>civem</strong></span> 
     </span>
     <span class='ocr_line' id='line_1_24' title="bbox 457 2723 2525 2796; baseline -0.001 -18"><span class='ocrx_word' id='word_1_183' title='bbox 457 2724 636 2780; x_wconf 84' lang='lat' dir='ltr'><strong>fuisse</strong></span> <span class='ocrx_word' id='word_1_184' title='bbox 653 2725 1014 2780; x_wconf 84' lang='lat' dir='ltr'><strong>demonstrat.</strong></span> <span class='ocrx_word' id='word_1_185' title='bbox 1067 2723 1280 2790; x_wconf 84' lang='lat' dir='ltr'><strong>Quinto</strong></span> <span class='ocrx_word' id='word_1_186' title='bbox 1296 2725 1438 2795; x_wconf 84' lang='lat' dir='ltr'><strong>loeo,</strong></span> <span class='ocrx_word' id='word_1_187' title='bbox 1459 2741 1572 2796; x_wconf 81' lang='lat' dir='ltr'><strong>quo</strong></span> <span class='ocrx_word' id='word_1_188' title='bbox 1587 2724 1660 2780; x_wconf 89' lang='lat' dir='ltr'><strong>L.</strong></span> <span class='ocrx_word' id='word_1_189' title='bbox 1678 2725 1981 2780; x_wconf 73' lang='lat' dir='ltr'><strong>Lucullum</strong></span> <span class='ocrx_word' id='word_1_190' title='bbox 1988 2729 2172 2795; x_wconf 85' lang='lat' dir='ltr'><strong>atque</strong></span> <span class='ocrx_word' id='word_1_191' title='bbox 2191 2725 2363 2780; x_wconf 85' lang='lat' dir='ltr'><strong>etiam</strong></span> <span class='ocrx_word' id='word_1_192' title='bbox 2378 2723 2525 2780; x_wconf 84' lang='lat' dir='ltr'><strong>Hor-</strong></span> 
     </span>
    </p>

    <p class='ocr_par' dir='ltr' id='par_1_10' title="bbox 457 2800 2528 3028">
     <span class='ocr_line' id='line_1_25' title="bbox 459 2800 2527 2872; baseline -0 -17"><span class='ocrx_word' id='word_1_193' title='bbox 459 2801 703 2856; x_wconf 88' lang='lat' dir='ltr'><strong>tensium</strong></span> <span class='ocrx_word' id='word_1_194' title='bbox 735 2802 957 2856; x_wconf 80' lang='lat' dir='ltr'><strong>videtur</strong></span> <span class='ocrx_word' id='word_1_195' title='bbox 990 2818 1248 2872; x_wconf 78' lang='lat' dir='ltr'><strong>carpere,</strong></span> <span class='ocrx_word' id='word_1_196' title='bbox 1293 2802 1406 2856; x_wconf 90' lang='lat' dir='ltr'><strong>nisi</strong></span> <span class='ocrx_word' id='word_1_197' title='bbox 1447 2802 1761 2872; x_wconf 86' lang='lat' dir='ltr'><strong>sapientem</strong></span> <span class='ocrx_word' id='word_1_198' title='bbox 1804 2802 2067 2858; x_wconf 87' lang='lat' dir='ltr'><strong>libertate</strong></span> <span class='ocrx_word' id='word_1_199' title='bbox 2102 2800 2215 2856; x_wconf 86' lang='lat' dir='ltr'><strong>frui</strong></span> <span class='ocrx_word' id='word_1_200' title='bbox 2246 2800 2527 2857; x_wconf 88' lang='lat' dir='ltr'><strong>neminem</strong></span> 
     </span>
     <span class='ocr_line' id='line_1_26' title="bbox 457 2867 2528 2951; baseline 0 -20"><span class='ocrx_word' id='word_1_201' title='bbox 457 2879 656 2948; x_wconf 80' lang='lat' dir='ltr'><strong>docet,</strong></span> <span class='ocrx_word' id='word_1_202' title='bbox 693 2894 859 2949; x_wconf 89' lang='lat' dir='ltr'><strong>posse</strong></span> <span class='ocrx_word' id='word_1_203' title='bbox 886 2895 1018 2934; x_wconf 85' lang='lat' dir='ltr'><strong>vero</strong></span> <span class='ocrx_word' id='word_1_204' title='bbox 1044 2895 1220 2933; x_wconf 90' lang='lat' dir='ltr'><strong>unum</strong></span> <span class='ocrx_word' id='word_1_205' title='bbox 1251 2895 1529 2951; x_wconf 90' lang='lat' dir='ltr'><strong>quemque</strong></span> <span class='ocrx_word' id='word_1_206' title='bbox 1550 2879 1632 2933; x_wconf 89' lang='lat' dir='ltr'><strong>ita</strong></span> <span class='ocrx_word' id='word_1_207' title='bbox 1647 2879 1862 2948; x_wconf 84' lang='lat' dir='ltr'><strong>vivere,</strong></span> <span class='ocrx_word' id='word_1_208' title='bbox 1887 2885 1953 2934; x_wconf 90' lang='lat' dir='ltr'><strong>ut</strong></span> <span class='ocrx_word' id='word_1_209' title='bbox 1968 2878 2129 2950; x_wconf 83' lang='lat' dir='ltr'><strong>velit,</strong></span> <span class='ocrx_word' id='word_1_210' title='bbox 2158 2879 2197 2933; x_wconf 93' lang='lat' dir='ltr'><strong>i.</strong></span> <span class='ocrx_word' id='word_1_211' title='bbox 2217 2895 2267 2934; x_wconf 88' lang='lat' dir='ltr'><strong>e.</strong></span> <span class='ocrx_word' id='word_1_212' title='bbox 2286 2867 2528 2934; x_wconf 78' lang='lat' dir='ltr'><strong>liberum</strong></span> 
     </span>
     <span class='ocr_line' id='line_1_27' title="bbox 460 2955 2527 3028; baseline 0 -16"><span class='ocrx_word' id='word_1_213' title='bbox 460 2973 613 3024; x_wconf 85' lang='lat' dir='ltr'><strong>esse,</strong></span> <span class='ocrx_word' id='word_1_214' title='bbox 653 2957 702 3010; x_wconf 89' lang='lat' dir='ltr'><strong>si</strong></span> <span class='ocrx_word' id='word_1_215' title='bbox 727 2957 895 3012; x_wconf 90' lang='lat' dir='ltr'><strong>modo</strong></span> <span class='ocrx_word' id='word_1_216' title='bbox 923 2957 1277 3012; x_wconf 77' lang='lat' dir='ltr'><strong>honestatem</strong></span> <span class='ocrx_word' id='word_1_217' title='bbox 1303 2963 1590 3028; x_wconf 84' lang='lat' dir='ltr'><strong>sequatur.</strong></span> <span class='ocrx_word' id='word_1_218' title='bbox 1660 2957 1922 3027; x_wconf 91' lang='lat' dir='ltr'><strong>Denique</strong></span> <span class='ocrx_word' id='word_1_219' title='bbox 1950 2962 2105 3012; x_wconf 88' lang='lat' dir='ltr'><strong>sexto</strong></span> <span class='ocrx_word' id='word_1_220' title='bbox 2129 2955 2282 3026; x_wconf 82' lang='lat' dir='ltr'><strong>loeo,</strong></span> <span class='ocrx_word' id='word_1_221' title='bbox 2322 2973 2431 3027; x_wconf 91' lang='lat' dir='ltr'><strong>quo</strong></span> <span class='ocrx_word' id='word_1_222' title='bbox 2448 2955 2527 3012; x_wconf 94' lang='grc' dir='ltr'><strong>Μ.</strong></span> 
     </span>
    </p>

    <p class='ocr_par' dir='ltr' id='par_1_11' title="bbox 439 3033 2528 3262">
     <span class='ocr_line' id='line_1_28' title="bbox 461 3033 2528 3106; baseline -0.001 -16"><span class='ocrx_word' id='word_1_223' title='bbox 461 3035 728 3090; x_wconf 76' lang='lat' dir='ltr'><strong>Crassum</strong></span> <span class='ocrx_word' id='word_1_224' title='bbox 755 3034 986 3090; x_wconf 81' lang='lat' dir='ltr'><strong>divitem</strong></span> <span class='ocrx_word' id='word_1_225' title='bbox 1010 3035 1398 3105; x_wconf 85' lang='lat' dir='ltr'><strong>reprehendit,</strong></span> <span class='ocrx_word' id='word_1_226' title='bbox 1437 3033 1639 3090; x_wconf 85' lang='lat' dir='ltr'><strong>aerarii</strong></span> <span class='ocrx_word' id='word_1_227' title='bbox 1676 3035 1737 3088; x_wconf 93' lang='lat' dir='ltr'><strong>in</strong></span> <span class='ocrx_word' id='word_1_228' title='bbox 1766 3035 2063 3090; x_wconf 77' lang='lat' dir='ltr'><strong>consulatu</strong></span> <span class='ocrx_word' id='word_1_229' title='bbox 2089 3033 2338 3090; x_wconf 85' lang='lat' dir='ltr'><strong>seeundo</strong></span> <span class='ocrx_word' id='word_1_230' title='bbox 2368 3035 2443 3106; x_wconf 86' lang='lat' dir='ltr'><strong>(a.</strong></span> <span class='ocrx_word' id='word_1_231' title='bbox 2470 3051 2528 3088; x_wconf 90' lang='lat' dir='ltr'><strong>u.</strong></span> 
     </span>
     <span class='ocr_line' id='line_1_29' title="bbox 439 3111 2528 3186; baseline 0.002 -20"><span class='ocrx_word' id='word_1_232' title='bbox 439 3129 514 3168; x_wconf 63' lang='lat' dir='ltr'><strong>e.</strong></span> <span class='ocrx_word' id='word_1_233' title='bbox 533 3112 682 3186; x_wconf 87' lang='grc'><strong>699.)</strong></span> <span class='ocrx_word' id='word_1_234' title='bbox 707 3113 941 3185; x_wconf 85' lang='lat' dir='ltr'><strong>expilati</strong></span> <span class='ocrx_word' id='word_1_235' title='bbox 965 3111 1202 3168; x_wconf 81' lang='lat' dir='ltr'><strong>infamia</strong></span> <span class='ocrx_word' id='word_1_236' title='bbox 1226 3113 1563 3184; x_wconf 83' lang='lat' dir='ltr'><strong>notabilem,</strong></span> <span class='ocrx_word' id='word_1_237' title='bbox 1601 3113 1781 3168; x_wconf 82' lang='lat' dir='ltr'><strong>solum</strong></span> <span class='ocrx_word' id='word_1_238' title='bbox 1814 3113 2129 3184; x_wconf 80' lang='lat' dir='ltr'><strong>sapientem</strong></span> <span class='ocrx_word' id='word_1_239' title='bbox 2164 3114 2247 3169; x_wconf 83' lang='lat' dir='ltr'><strong>ait</strong></span> <span class='ocrx_word' id='word_1_240' title='bbox 2278 3113 2528 3186; x_wconf 82' lang='lat' dir='ltr'><strong>gaudere</strong></span> 
     </span>
     <span class='ocr_line' id='line_1_30' title="bbox 457 3189 2528 3262; baseline 0 -17"><span class='ocrx_word' id='word_1_241' title='bbox 457 3189 691 3260; x_wconf 79' lang='lat' dir='ltr'><strong>divitiis,</strong></span> <span class='ocrx_word' id='word_1_242' title='bbox 719 3195 784 3246; x_wconf 91' lang='lat' dir='ltr'><strong>ut</strong></span> <span class='ocrx_word' id='word_1_243' title='bbox 807 3207 956 3262; x_wconf 85' lang='lat' dir='ltr'><strong>quae</strong></span> <span class='ocrx_word' id='word_1_244' title='bbox 983 3207 1112 3246; x_wconf 85' lang='lat' dir='ltr'><strong>eum</strong></span> <span class='ocrx_word' id='word_1_245' title='bbox 1137 3190 1197 3246; x_wconf 89' lang='lat' dir='ltr'><strong>in</strong></span> <span class='ocrx_word' id='word_1_246' title='bbox 1223 3190 1426 3246; x_wconf 82' lang='lat' dir='ltr'><strong>esteris</strong></span> <span class='ocrx_word' id='word_1_247' title='bbox 1451 3189 1751 3246; x_wconf 79' lang='lat' dir='ltr'><strong>virtutibus</strong></span> <span class='ocrx_word' id='word_1_248' title='bbox 1768 3195 1887 3246; x_wconf 87' lang='lat' dir='ltr'><strong>tum</strong></span> <span class='ocrx_word' id='word_1_249' title='bbox 1905 3190 2145 3246; x_wconf 79' lang='lat' dir='ltr'><strong>maxime</strong></span> <span class='ocrx_word' id='word_1_250' title='bbox 2162 3191 2223 3246; x_wconf 88' lang='lat' dir='ltr'><strong>in</strong></span> <span class='ocrx_word' id='word_1_251' title='bbox 2238 3191 2528 3248; x_wconf 83' lang='lat' dir='ltr'><strong>eontinen-</strong></span> 
     </span>
    </p>

    <p class='ocr_par' dir='ltr' id='par_1_12' title="bbox 456 3267 2531 3792">
     <span class='ocr_line' id='line_1_31' title="bbox 459 3267 2527 3339; baseline 0 -16"><span class='ocrx_word' id='word_1_252' title='bbox 459 3267 548 3323; x_wconf 82' lang='lat' dir='ltr'><strong>tia</strong></span> <span class='ocrx_word' id='word_1_253' title='bbox 583 3268 698 3322; x_wconf 85' lang='lat' dir='ltr'><strong>sint</strong></span> <span class='ocrx_word' id='word_1_254' title='bbox 727 3269 966 3338; x_wconf 83' lang='lat' dir='ltr'><strong>positae.</strong></span> <span class='ocrx_word' id='word_1_255' title='bbox 1035 3267 1164 3324; x_wconf 81' lang='lat' dir='ltr'><strong>Hoc</strong></span> <span class='ocrx_word' id='word_1_256' title='bbox 1201 3272 1390 3324; x_wconf 87' lang='lat' dir='ltr'><strong>autem</strong></span> <span class='ocrx_word' id='word_1_257' title='bbox 1425 3267 1679 3324; x_wconf 86' lang='lat' dir='ltr'><strong>brevium</strong></span> <span class='ocrx_word' id='word_1_258' title='bbox 1715 3268 2132 3339; x_wconf 87' lang='lat' dir='ltr'><strong>quaestionum,</strong></span> <span class='ocrx_word' id='word_1_259' title='bbox 2171 3269 2323 3339; x_wconf 86' lang='lat' dir='ltr'><strong>quod</strong></span> <span class='ocrx_word' id='word_1_260' title='bbox 2349 3269 2425 3326; x_wconf 85' lang='lat' dir='ltr'><strong>ad</strong></span> <span class='ocrx_word' id='word_1_261' title='bbox 2448 3269 2527 3324; x_wconf 89' lang='lat' dir='ltr'><strong>M.</strong></span> 
     </span>
     <span class='ocr_line' id='line_1_32' title="bbox 459 3345 2529 3417; baseline -0.001 -15"><span class='ocrx_word' id='word_1_262' title='bbox 459 3345 703 3402; x_wconf 90' lang='lat' dir='ltr'><strong>Brutum</strong></span> <span class='ocrx_word' id='word_1_263' title='bbox 718 3347 915 3416; x_wconf 86' lang='lat' dir='ltr'><strong>mittit,</strong></span> <span class='ocrx_word' id='word_1_264' title='bbox 947 3345 1335 3402; x_wconf 80' lang='lat' dir='ltr'><strong>munusculum</strong></span> <span class='ocrx_word' id='word_1_265' title='bbox 1351 3346 1518 3401; x_wconf 86' lang='lat' dir='ltr'><strong>unius</strong></span> <span class='ocrx_word' id='word_1_266' title='bbox 1537 3347 1671 3401; x_wconf 83' lang='lat' dir='ltr'><strong>anni</strong></span> <span class='ocrx_word' id='word_1_267' title='bbox 1688 3353 1967 3417; x_wconf 86' lang='lat' dir='ltr'><strong>tempore,</strong></span> <span class='ocrx_word' id='word_1_268' title='bbox 1996 3351 2060 3400; x_wconf 91' lang='lat' dir='ltr'><strong>ut</strong></span> <span class='ocrx_word' id='word_1_269' title='bbox 2084 3346 2331 3416; x_wconf 79' lang='lat' dir='ltr'><strong>videtur,</strong></span> <span class='ocrx_word' id='word_1_270' title='bbox 2358 3361 2529 3401; x_wconf 85' lang='lat' dir='ltr'><strong>verno</strong></span> 
     </span>
     <span class='ocr_line' id='line_1_33' title="bbox 456 3421 2529 3494; baseline -0.001 -16"><span class='ocrx_word' id='word_1_271' title='bbox 456 3423 834 3494; x_wconf 76' lang='lat' dir='ltr'><strong>compositum</strong></span> <span class='ocrx_word' id='word_1_272' title='bbox 871 3427 993 3478; x_wconf 82' lang='lat' dir='ltr'><strong>esse</strong></span> <span class='ocrx_word' id='word_1_273' title='bbox 1022 3441 1054 3479; x_wconf 89' lang='lat' dir='ltr'><strong>e</strong></span> <span class='ocrx_word' id='word_1_274' title='bbox 1080 3422 1354 3494; x_wconf 86' lang='lat' dir='ltr'><strong>prooemii</strong></span> <span class='ocrx_word' id='word_1_275' title='bbox 1380 3423 1430 3494; x_wconf 74' lang='lat'><strong>§-</strong></span> <span class='ocrx_word' id='word_1_276' title='bbox 1459 3423 1510 3478; x_wconf 81' lang='lat'><strong>5.</strong></span> <span class='ocrx_word' id='word_1_277' title='bbox 1540 3427 1795 3493; x_wconf 85' lang='lat' dir='ltr'><strong>apparet.</strong></span> <span class='ocrx_word' id='word_1_278' title='bbox 1864 3421 1940 3476; x_wconf 89' lang='lat' dir='ltr'><strong>Et</strong></span> <span class='ocrx_word' id='word_1_279' title='bbox 1966 3438 2305 3493; x_wconf 86' lang='lat' dir='ltr'><strong>quamquam</strong></span> <span class='ocrx_word' id='word_1_280' title='bbox 2330 3421 2529 3478; x_wconf 76' lang='lat' dir='ltr'><strong>Cicero</strong></span> 
     </span>
     <span class='ocr_line' id='line_1_34' title="bbox 458 3498 2531 3570; baseline -0.001 -15"><span class='ocrx_word' id='word_1_281' title='bbox 458 3499 732 3556; x_wconf 82' lang='lat' dir='ltr'><strong>Crassum</strong></span> <span class='ocrx_word' id='word_1_282' title='bbox 759 3517 810 3555; x_wconf 84' lang='lat' dir='ltr'><strong>a.</strong></span> <span class='ocrx_word' id='word_1_283' title='bbox 829 3517 886 3554; x_wconf 91' lang='lat' dir='ltr'><strong>u.</strong></span> <span class='ocrx_word' id='word_1_284' title='bbox 905 3517 952 3555; x_wconf 81' lang='lat' dir='ltr'><strong>e.</strong></span> <span class='ocrx_word' id='word_1_285' title='bbox 975 3501 1092 3556; x_wconf 80' lang='grc'><strong>701.</strong></span> <span class='ocrx_word' id='word_1_286' title='bbox 1122 3505 1182 3556; x_wconf 86' lang='lat' dir='ltr'><strong>et</strong></span> <span class='ocrx_word' id='word_1_287' title='bbox 1197 3498 1456 3555; x_wconf 81' lang='lat' dir='ltr'><strong>Clodium</strong></span> <span class='ocrx_word' id='word_1_288' title='bbox 1486 3517 1538 3555; x_wconf 90' lang='lat' dir='ltr'><strong>a.</strong></span> <span class='ocrx_word' id='word_1_289' title='bbox 1557 3499 1678 3555; x_wconf 82' lang='grc'><strong>702.</strong></span> <span class='ocrx_word' id='word_1_290' title='bbox 1708 3499 2033 3556; x_wconf 76' lang='lat' dir='ltr'><strong>interfectos</strong></span> <span class='ocrx_word' id='word_1_291' title='bbox 2058 3499 2277 3570; x_wconf 84' lang='lat' dir='ltr'><strong>dialogi</strong></span> <span class='ocrx_word' id='word_1_292' title='bbox 2301 3498 2531 3554; x_wconf 82' lang='lat' dir='ltr'><strong>lieentia</strong></span> 
     </span>
     <span class='ocr_line' id='line_1_35' title="bbox 460 3575 2527 3650; baseline -0 -19"><span class='ocrx_word' id='word_1_293' title='bbox 460 3578 576 3633; x_wconf 87' lang='lat' dir='ltr'><strong>sibi</strong></span> <span class='ocrx_word' id='word_1_294' title='bbox 596 3578 792 3636; x_wconf 75' lang='lat' dir='ltr'><strong>adesse</strong></span> <span class='ocrx_word' id='word_1_295' title='bbox 809 3578 995 3649; x_wconf 79' lang='lat' dir='ltr'><strong>potuit</strong></span> <span class='ocrx_word' id='word_1_296' title='bbox 1009 3576 1246 3650; x_wconf 82' lang='lat' dir='ltr'><strong>fingere,</strong></span> <span class='ocrx_word' id='word_1_297' title='bbox 1257 3593 1371 3632; x_wconf 88' lang='lat' dir='ltr'><strong>non</strong></span> <span class='ocrx_word' id='word_1_298' title='bbox 1387 3583 1582 3634; x_wconf 87' lang='lat' dir='ltr'><strong>tamen</strong></span> <span class='ocrx_word' id='word_1_299' title='bbox 1597 3583 1729 3648; x_wconf 84' lang='lat' dir='ltr'><strong>post</strong></span> <span class='ocrx_word' id='word_1_300' title='bbox 1746 3593 1995 3634; x_wconf 82' lang='lat' dir='ltr'><strong>mensem</strong></span> <span class='ocrx_word' id='word_1_301' title='bbox 2015 3594 2149 3632; x_wconf 88' lang='lat' dir='ltr'><strong>anm</strong></span> <span class='ocrx_word' id='word_1_302' title='bbox 2131 3575 2527 3645; x_wconf 75' lang='lat' dir='ltr'><strong>’&#39;108.Iuniun1,</strong></span> 
     </span>
     <span class='ocr_line' id='line_1_36' title="bbox 460 3653 2529 3728; baseline -0.001 -17"><span class='ocrx_word' id='word_1_303' title='bbox 460 3673 580 3728; x_wconf 87' lang='lat' dir='ltr'><strong>quo</strong></span> <span class='ocrx_word' id='word_1_304' title='bbox 608 3656 750 3713; x_wconf 83' lang='lat' dir='ltr'><strong>Cato</strong></span> <span class='ocrx_word' id='word_1_305' title='bbox 783 3662 1019 3714; x_wconf 86' lang='lat' dir='ltr'><strong>mortem</strong></span> <span class='ocrx_word' id='word_1_306' title='bbox 1051 3657 1160 3713; x_wconf 88' lang='lat' dir='ltr'><strong>sibi</strong></span> <span class='ocrx_word' id='word_1_307' title='bbox 1185 3655 1388 3712; x_wconf 80' lang='lat' dir='ltr'><strong>Uticae</strong></span> <span class='ocrx_word' id='word_1_308' title='bbox 1415 3655 1712 3725; x_wconf 76' lang='lat' dir='ltr'><strong>conscivit,</strong></span> <span class='ocrx_word' id='word_1_309' title='bbox 1752 3655 2039 3710; x_wconf 80' lang='lat' dir='ltr'><strong>eonditum</strong></span> <span class='ocrx_word' id='word_1_310' title='bbox 2062 3655 2173 3710; x_wconf 82' lang='lat' dir='ltr'><strong>hoe</strong></span> <span class='ocrx_word' id='word_1_311' title='bbox 2200 3653 2529 3726; x_wconf 82' lang='lat' dir='ltr'><strong>opuseulum</strong></span> 
     </span>
     <span class='ocr_line' id='line_1_37' title="bbox 461 3737 843 3792; baseline 0 -2"><span class='ocrx_word' id='word_1_312' title='bbox 461 3753 593 3792; x_wconf 86' lang='lat' dir='ltr'><strong>esse</strong></span> <span class='ocrx_word' id='word_1_313' title='bbox 610 3737 843 3792; x_wconf 77' lang='lat' dir='ltr'><strong>videtur.</strong></span> 
     </span>
    </p>
   </div>
   <div class='ocr_carea' id='block_1_5' title="bbox 1285 3933 1713 3950">
    <p class='ocr_par' dir='ltr' id='par_1_13' title="bbox 1285 3933 1713 3950">
     <span class='ocr_line' id='line_1_38' title="bbox 1285 3933 1713 3950; baseline -0.009 -1"><span class='ocrx_word' id='word_1_314' title='bbox 1285 3933 1713 3950; x_wconf 63' lang='lat'>--———-—-——-——-</span> 
     </span>
    </p>
   </div>
  </div>
 </body>
</html>
