3292 4559
926 285 1031 340 DE
1065 282 1398 362 DEORUM
1429 240 1759 344 NATURA
1790 285 1897 340 111.
1923 283 2176 342 54—60.
2462 275 2589 342 109

527 403 874 499 Aegyptiis
936 410 1114 496 leges
1166 420 1233 477 et
1283 408 1528 476 litteras
1589 407 1949 475 tradidisse.
2050 405 2226 476 hu'nc
2279 411 2591 498 Aegyptii

527 509 786 575 Theuth
821 507 1168 594 appellant,
1205 507 1560 594 eodemque
1595 505 1855 572 nomine
1884 504 2037 570 anni
2070 505 2317 592 primus
2352 508 2589 572 mensis

528 603 702 691 apud
761 624 874 668 eos
933 613 1219 668 vocatur.
1335 601 1877 687 Aesculapiorum
1938 598 2185 687 primus
2244 600 2587 687 Apollinis,
2631 631 2683 673 5⁷

524 720 720 784 quem
743 696 1038 763 Arcades
1073 697 1310 774 colunt,
1344 696 1458 781 qui
1492 694 1881 783 specillum
1861 695 2184 761 mvenisse
2217 696 2589 782 primusque

527 793 755 857 volnus
807 791 1038 856 dicitur
1091 791 1476 878 obligavisse
1488 839 1507 870 ,
1575 791 1897 856 secundus
1964 789 2237 856 secundi
2280 789 2591 856 Mercurii

524 885 803 964 frater3
785 909 840 950 is
877 885 1141 950 fulmine
1177 905 1515 970 percussus
1553 885 1785 951 dicitur
1820 884 2121 950 humatus
2157 906 2299 951 esse
2337 881 2591 970 Cynos·
2648 921 2651 928 ·

528 981 688 1057 uris3
736 980 960 1045 tertius
1007 979 1276 1065 Arsippi
1321 990 1387 1045 et
1419 980 1769 1058 Arsinoae,
1808 981 1927 1064 qui
1968 979 2213 1066 primus
2258 979 2591 1066 purgatio·-

484 1087 488 1092 “
527 1095 678 1138 nem
713 1072 842 1137 alvi
886 1073 1220 1157 dentisque
1257 1074 1642 1139 evolsionem
1657 1121 1676 1152 ,
1712 1085 1786 1139 ut
1821 1075 2064 1152 ferunt,
2099 1073 2371 1152 invenit,
2408 1072 2588 1137 cuius

525 1169 594 1232 in
612 1167 904 1256 Arcadia>
931 1189 1062 1233 non
1096 1168 1289 1254 longe
1319 1191 1360 1232 a
1385 1169 1588 1234 Lusio
1617 1167 1877 1236 flumine
1906 1169 2271 1255 sepulcrum
2306 1179 2371 1234 et
2403 1168 2588 1233 lucus

529 1262 905 1328 ostenditur.
975 1263 1355 1348 Apollinum
1392 1263 1874 1348 antiquissimus
1907 1264 1983 1341 is,
2018 1285 2212 1347 quem
2248 1262 2441 1349 paulo
2476 1285 2591 1328 an-
2623 1286 2695 1342 23

526 1366 632 1421 tea
684 1379 719 1421 e
771 1355 1063 1422 Volcano
1117 1367 1342 1422 natum
1395 1379 1534 1423 esse
1589 1356 1725 1422 dixi
1778 1357 2109 1424 custodem
2161 1357 2589 1434 Athenarum,

526 1451 684 1516 alter
721 1445 1110 1536 Corybantis
1143 1451 1342 1530 filius,
1387 1462 1580 1517 natus
1614 1451 1685 1516 in
1720 1449 1945 1532 Creta,
1993 1452 2174 1518 cuius
2212 1452 2293 1518 de
2339 1451 2449 1517 illa
2491 1450 2593 1515 in·-

525 1545 666 1610 sula
700 1565 848 1610 cum
882 1545 1040 1611 Iove
1075 1547 1216 1632 ipso
1251 1558 1576 1612 certamen
1612 1546 1813 1613 fuisse
1848 1546 2141 1625 traditur,
2177 1546 2401 1614 tertius
2430 1545 2589 1611 Iove

524 1639 710 1704 tertio
753 1649 941 1705 natus
989 1651 1052 1708 et
1097 1640 1384 1719 Latona,
1440 1662 1634 1725 quem
1682 1664 1764 1707 ex
1809 1641 2249 1728 Hyperboreis
2295 1639 2589 1726 Delphos

523 1733 739 1799 ferunt
791 1735 1159 1811 advenisse,
1224 1745 1488 1820 quartus
1551 1735 1618 1798 in
1672 1735 1987 1814 Arcadia,
2050 1755 2245 1819 quem
2296 1734 2589 1801 Arcades

522 1827 780 1908 Νόμιον
813 1829 1168 1913 appellant,
1223 1828 1394 1912 quod
1431 1828 1515 1892 ab
1551 1850 1628 1894 eo
1666 1850 1735 1893 se
1769 1829 1948 1914 leges
1994 1829 2211 1893 ferunt
2244 1829 2590 1914 accepisse.

523 1920 778 1984 Dianae
821 1919 976 1984 item
1027 1921 1276 2006 plures:
1330 1921 1540 2006 prima
1581 1921 1758 1985 Iovis
1806 1932 1871 1986 et
1913 1920 2371 2006 Proserpinae,
2424 1941 2589 2004 quae
2634 1939 2689 1982 5s

524 2014 862 2102 pinnatum
917 2010 1307 2101 Cupidinem
1359 2013 1662 2100 genuisse
1715 2012 1974 2092 dicitur,
2028 2014 2311 2080 secunda
2361 2014 2589 2091 notior,

529 2131 724 2196 quam
778 2108 937 2174 Iove
989 2109 1178 2174 tertio
1231 2120 1293 2175 et
1340 2109 1597 2174 Latona
1645 2119 1867 2174 natam
1918 2107 2312 2195 accepimus3
2366 2107 2591 2173 tertiae

521 2215 705 2289 pater
747 2201 920 2290 Upis
973 2204 1273 2282 traditur,
1330 2203 1581 2271 Glauce
1633 2212 1867 2281 mater3
1926 2225 2069 2268 eam
2114 2224 2306 2288 saepe
2352 2200 2592 2270 Graeci

523 2297 725 2384 Upim
771 2309 1037 2386 paterno
1081 2299 1342 2364 nomine
1388 2299 1761 2385 appellant.'
1821 2297 2151 2384 Dionysos
2194 2297 2430 2362 multos
2474 2297 2591 2362 ha-

524 2393 780 2460 bemus:
833 2395 1115 2481 primum
1164 2394 1323 2460 Iove
1377 2405 1442 2460 et
1485 2393 1879 2479 Proserpina
1928 2404 2181 2471 natum,
2236 2393 2590 2458 secundum

525 2487 696 2566 Nilo,
733 2489 846 2572 qui
878 2489 1128 2576 Nysam
1164 2489 1398 2555 dicitur
1429 2489 1857 2566 interemisse,
1902 2489 2163 2554 tertium
2198 2483 2440 2554 Cabiro
2474 2508 2591 2573 pa·-

525 2595 643 2662 tre,
681 2580 959 2668 eumque
993 2607 1218 2670 regem
1251 2585 1453 2650 Asiae
1487 2583 1845 2670 praefuisse
1882 2583 2134 2661 dicunt,
2170 2583 2275 2648 cui
2312 2581 2591 2649 Sabazia

526 2688 677 2742 'sunt
709 2677 1021 2755 instituta,
1058 2688 1360 2762 quartum
1395 2679 1553 2744 Iove
1589 2689 1655 2743 et
1688 2678 1903 2755 Luna,
1942 2677 2045 2743 cui
2080 2697 2265 2742 sacra
2302 2674 2592 2762 Orphica

517 2782 838 2856 putantur
873 2773 1120 2849 confici,
1158 2773 1455 2857 quintum
1489 2772 1652 2838 Niso
1688 2782 1911 2838 natum
1946 2781 2012 2836 et
2044 2770 2316 2856 Thyone
2329 2817 2349 2847 ,
2387 2793 2428 2834 a
2460 2791 2589 2852 quo

529 2864 918 2930 Trieterides
973 2867 1356 2932 constitutae
1419 2877 1776 2953 putantur.‘
1849 2867 2077 2933 Venus
2130 2865 2337 2952 prima
2389 2861 2590 2930 Caelo
2634 2887 2687 2928 ⁵⁹

531 2969 594 3025 et
627 2960 758 3024 Die
804 2971 986 3038 nata,
1033 2961 1214 3026 cuius
1249 2961 1358 3026 Eli
1395 2961 1737 3026 delubrum
1770 2961 2079 3040 vidimus,
2132 2961 2331 3028 altera
2366 2983 2593 3047 spuma

530 3065 883 3140 procreata,
920 3077 1002 3120 ex
1038 3076 1168 3139 qua
1202 3065 1266 3122 et
1298 3055 1624 3121 Mercurio
1663 3052 2054 3142 Cupidinem
2090 3057 2443 3123 secundum
2476 3080 2593 3122 na—

529 3162 669 3214 tum
706 3148 1100 3234 accepimus,
1153 3149 1340 3215 tertia
1373 3149 1530 3214 Iove
1574 3160 1729 3215 nata
1776 3160 1841 3216 et
1872 3150 2120 3228 Diona,
2175 3172 2341 3236 quae
2376 3151 2593 3237 nupsit

529 3244 843 3321 VolcanO,
881 3243 996 3310 sed
1021 3265 1102 3309 ex
1130 3267 1207 3310 ea
1235 3253 1298 3309 et
1315 3243 1532 3310 Marte
1557 3255 1749 3310 natus
1766 3244 2048 3311 Anteros
2078 3244 2327 3323 dicitur,
2364 3255 2593 3330 quarta

534 3337 724 3424 Syria
760 3335 1108 3424 Cyproque
1145 3350 1482 3425 concepta,
1537 3360 1705 3423 quae
1742 3339 2005 3405 Astarte
2040 3351 2336 3416 vocatur,
2396 3359 2593 3422 quam

529 3433 818 3498 Adonidi
859 3432 1153 3520 nupsisse
1198 3433 1524 3521 proditum
1568 3443 1684 3500 est.
1772 3433 2074 3500 Minerva
2105 3434 2341 3519 prima,
2394 3454 2591 3515 quam

530 3527 854 3615 Apollinis
916 3537 1187 3594 matrem
1249 3551 1446 3614 supra
1507 3527 1818 3606 diximus,
1884 3529 2167 3594 secunda
2227 3537 2366 3591 orta
2418 3525 2590 3604 Nilo,

532 3644 726 3708 quam
763 3623 1076 3710 Aegyptii
1113 3621 1331 3691 Saitae
1381 3624 1624 3702 colunt,
1680 3623 1869 3688 tertia
1918 3623 2057 3701 illa,
2109 3643 2305 3707 quam
2353 3644 2394 3685 a
2434 3619 2591 3686 Iove

520 3729 903 3803 ‚generatam
937 3741 1132 3804 supra
1168 3717 1480 3795 diximus,
1520 3727 1751 3802 quarta
1785 3718 1943 3783 Iove
1978 3727 2130 3782 nata
2165 3727 2229 3781 et
2265 3712 2590 3800 Coryphe,

535 3809 783 3879 Oceani
817 3812 976 3890 filia,
1021 3835 1218 3898 quam
1251 3813 1546 3879 Arcades
1581 3817 1829 3898 Κορέαν
1864 3812 2197 3876 nominant
2233 3819 2297 3874 et
2332 3808 2593 3893 quadri-

533 3929 762 3992 garum
795 3908 1210 3976 inventricem
1245 3908 1480 3987 ferunt,
1516 3908 1741 3994 quinta
1773 3906 2107 3983 Pallantis,
2143 3926 2309 3990 quae
2342 3913 2591 3990 patrem

537 4001 768 4068 dicitur
809 4003 1205 4071 interemisse
1251 4005 1684 4092 virginitatem
1730 4025 1912 4070 suam
1956 4001 2193 4068 violare
2230 4011 2589 4077 conantem,

537 4097 640 4162 cui
673 4097 1012 4183 pinnarum
1045 4099 1272 4167 talaria
1306 4100 1616 4188 adfigunt.
1690 4095 1945 4184 Cupido
1981 4095 2227 4185 primus
2262 4095 2590 4164 Mercurio
2632 4112 2690 4154 ⁶0
