3292 4559
755 224 879 291 1οΒ
1367 232 1439 284 Μ..
1483 232 1756 288 TULLII
1792 228 2196 284 CIC-ERUHffl

755 370 892 426 erat
926 358 993 422 in
1026 355 1287 422 meliore
1323 376 1519 420 causa
1554 348 1753 437 quam
1788 354 1842 418 si
1877 346 2051 419 domi
2086 377 2282 419 senex
2317 353 2636 438 captivus,
2672 378 2810 440 per-

641 476 718 517 101
753 456 930 519 iurus
950 451 1299 516 consularis
1318 448 1748 514 remansisset.
1803 454 1900 513 ‘at
1924 450 2136 525 stulte,
2167 448 2436 532 quinon
2464 448 2663 513 modo
2689 472 2811 515 non

750 546 1066 615 censuerit
1100 546 1386 631 captivos
1421 543 1835 610 remittendos
1848 590 1868 620 ,
1903 567 2131 610 verum
2167 543 2358 608 etiam
2395 542 2804 608 dissuaserit?

750 664 877 726 quo
920 641 1110 706 modo
1155 639 1385 706 stulte?
1454 637 1763 716 etiamne,
1808 637 1866 703 si
1906 638 2000 703 rei
2042 637 2339 723 publicae
2375 637 2814 704 conducebat?

749 745 959 821 potest
991 746 1232 811 autem,
1276 733 1449 817 quod
1496 732 1722 798 inutile
1766 730 1858 797 rei
1901 731 2197 818 publicae
2241 731 2351 808 sit,
2397 731 2466 796 id
2513 733 2818 815 cuiquam

648 838 718 893 28
752 829 877 895 civi
911 829 1066 893 utile
1102 828 1282 894 esse?
1316 837 1689 914 pervertunt
1723 825 2012 893 homines
2048 849 2156 903 ea,
2193 848 2358 910 quae
2393 836 2548 891 sunt
2581 826 2818 891 funda-

751 933 967 988 menta
1009 934 1305 998 naturae,
1358 943 1507 986 cum
1550 921 1891 985 utilitatem
1944 920 2028 985 ab
2073 919 2404 987 honestate
2448 920 2818 1006 seiungunt.

753 1039 974 1082 omnes
1030 1016 1201 1080 enim
1255 1015 1611 1101 expetimus
1665 1014 2007 1079 utilitatem
2059 1014 2144 1079 ad
2197 1037 2468 1098 eamque
2530 1014 2819 1100 rapimur

752 1132 875 1176 nec
927 1110 1139 1175 facere
1192 1110 1375 1174 aliter
1426 1111 1558 1175 ullo
1611 1109 1803 1173 modo
1857 1130 2218 1193 possumus.
2316 1131 2469 1173 nam
2523 1110 2670 1193 quis
2724 1123 2818 1175 est

755 1205 868 1287 qui
909 1204 1093 1268 utilia
1136 1203 1383 1288 fugiat?
1454 1213 1566 1267 aut
1610 1202 1752 1287 quis
1799 1201 2012 1288 potius
2060 1203 2172 1287 qui
2209 1225 2286 1268 ea
2319 1223 2449 1266 non
2486 1203 2819 1268 studiosis-

756 1298 913 1363 sime
956 1297 1416 1381 persequatur?
1486 1297 1602 1361 sed
1645 1297 1800 1381 quia
1841 1318 2160 1380 nusquam
2203 1319 2547 1382 possumus
2592 1297 2720 1361 nisi
2754 1299 2819 1361 in

753 1390 975 1467 laude,
1029 1390 1258 1456 decore
1272 1437 1291 1466 ,
1346 1390 1683 1456 honestate
1736 1391 1920 1456 utilia
1953 1391 2260 1476 reperire,
2314 1401 2660 1478 propterea
2711 1392 2822 1456 illa

754 1484 961 1571 prima
1022 1495 1087 1548 et
1148 1507 1399 1549 summa
1461 1485 1773 1550 habemus
1788 1532 1808 1562 ,
1871 1486 2162 1551 utilitatis
2214 1506 2449 1550 nomen
2499 1507 2636 1550 non
2690 1498 2823 1551 tam

652 1610 729 1651 102
756 1578 1162 1665 splendidum
1214 1601 1408 1663 quam
1459 1578 1894 1644 necessarium
1949 1581 2262 1646 ducimus.
2351 1579 2508 1664 quid
2557 1590 2659 1644 est
2701 1581 2825 1665 igi-

755 1685 882 1751 tur,
918 1674 1148 1738 dixerit
1184 1674 1358 1758 quis,
1394 1673 1462 1738 in
1496 1674 1634 1739 iure
1669 1674 1984 1740 iurando?
2054 1698 2212 1739 num
2245 1673 2480 1739 iratum
2515 1675 2822 1740 timemus

754 1769 1016 1832 Iovem?
1086 1779 1153 1832 at
1204 1767 1327 1832 hoc
1370 1768 1631 1852 quidem
1675 1789 2014 1833 commune
2060 1780 2159 1833 est
2204 1768 2492 1832 omnium
2535 1768 2824 1853 philoso-

756 1861 1051 1947 phorum,
1086 1885 1218 1927 non
1254 1885 1476 1928 eorum
1510 1863 1726 1938 modo,
1764 1863 1876 1946 qui
1912 1863 2107 1927 deum
2140 1862 2302 1927 nihil
2334 1862 2577 1928 habere
2605 1863 2823 1948 ipsum

756 1956 999 2042 negotii
1059 1956 1310 2033 dieunt,
1354 1957 1514 2022 nihil
1561 1957 1863 2022 exhibere
1909 1957 2119 2034 alteri,
2175 1957 2290 2022 sed
2333 1978 2558 2022 eorum
2605 1957 2821 2032 etiam,

757 2051 870 2134 qui
915 2051 1108 2116 deum
1132 2075 1405 2138 semper
1448 2075 1642 2139 agere
1689 2052 1931 2136 aliquid
1977 2062 2041 2116 et
2086 2052 2296 2116 moliri
2331 2051 2588 2127 volunt,
2631 2074 2823 2115 num-

757 2168 953 2229 quam
1004 2168 1125 2212 nec
1176 2146 1366 2211 irasci
1412 2146 1603 2211 deum
1646 2168 1769 2212 nec
1813 2168 2063 2212 nocere.
2153 2146 2308 2230 quid
2354 2156 2571 2211 autem
2616 2145 2818 2210 iratus

755 2241 1046 2326 Iuppiter
1104 2240 1251 2325 plus
1315 2261 1549 2306 nocere
1610 2241 1924 2326 potuisset
1983 2263 2178 2325 quam
2231 2240 2450 2305 nocuit
2502 2240 2629 2304 sibi
2677 2239 2819 2325 ipse

756 2335 1089 2420 Regulus?
1158 2335 1337 2398 nulla
1388 2333 1587 2418 igitur
1631 2337 1730 2400 vis
1775 2336 1899 2402 fuit
1942 2335 2297 2421 religionis,
2349 2357 2516 2418 quae
2572 2344 2818 2398 tantam

756 2428 1094 2491 utilitatem
1136 2438 1545 2511 perverteret.
1635 2451 1720 2493 an
1765 2452 1848 2494 ne
1882 2429 2151 2514 turpiter
2185 2429 2464 2494 faceret?
2534 2429 2816 2514 primum

757 2520 1049 2584 ‘minima
1101 2520 1183 2585 de
1235 2520 1483 2585 malis.'·
1550 2544 1709 2585 num
1750 2524 1951 2609 igitur
1987 2526 2242 2589 'tantum
2284 2523 2437 2587 mali
2484 2523 2816 2608 turpitudo

754 2614 878 2678 ista
911 2613 1219 2692 habebat,
1255 2626 1568 2698 quantum
1601 2616 1710 2680 ille
1746 2618 2107 2683 cruciatus?
2162 2617 2390 2682 deinde
2427 2616 2587 2680 illud
2624 2617 2819 2682 etiam

757 2709 928 2794 apud
963 2709 1263 2787 Accium,

1543 2875 1633 2886 -—-
1665 2876 1754 2886 —-
1785 2876 1875 2886 —
1907 2838 2202 2926 fregistin
2235 2837 2472 2904 fidem?

842 2954 1050 3018 neque
1087 2932 1236 2998 dedi
1269 2954 1478 3018 neque
1515 2933 1596 2997 do
1631 2932 1873 2999 infideli
1910 2933 2206 3017 cuiquam

757 3105 1147 3168 quamquam
1188 3087 1271 3151 ab
1314 3087 1490 3172 inpio
1534 3110 1689 3174 rege
1732 3088 1964 3153 dicitur
1975 3135 1994 3165 ,
2043 3089 2366 3154 luculente
2401 3097 2622 3152 tamen
2659 3086 2817 3152 dici-

655 3204 731 3246 10³
757 3190 879 3242 tur.
950 3179 1196 3244 addunt
1229 3181 1442 3259 etiam,
1478 3203 1674 3266 quem
1710 3183 1794 3248 ad
1827 3183 2094 3248 modum
2129 3205 2248 3248 nos
2286 3184 2576 3248 dicamus
2613 3180 2818 3247 videri

756 3273 1073 3357 quaedam
1107 3275 1291 3341 utilia
1324 3297 1490 3360 quae
1525 3299 1656 3342 non
1691 3279 1846 3354 sint,
1895 3277 1987 3343 sic
2023 3302 2092 3344 se
2128 3279 2340 3344 dicere
2375 3277 2584 3342 videri
2618 3297 2818 3360 quae-

756 3368 906 3433 dam
948 3368 1217 3435 honesta
1261 3391 1428 3454 quae
1472 3392 1601 3436 non
1645 3372 1804 3449 sint,
1851 3378 1955 3436 ‘ut
1996 3371 2121 3438 hoc
2163 3373 2376 3458 ipsum
2409 3371 2665 3436 videtur
2698 3370 2817 3435 ho-

754 3474 1010 3530 nestum
1070 3465 1490 3530 conservandi
1550 3465 1709 3530 iuris
1760 3467 2015 3532 iurandi
2069 3489 2265 3532 causa
2321 3465 2404 3532 ad
2434 3465 2815 3531 cruciatum

754 3557 1122 3635 revertisse,
1185 3558 1300 3624 sed
1350 3558 1423 3623 fit
1473 3580 1603 3624 non
1657 3559 2028 3637 honestum,
2082 3561 2235 3643 quia
2287 3559 2463 3643 quod
2515 3579 2625 3645 per
2671 3556 2815 3621 vim

756 3652 1037 3718 hostium
1087 3663 1259 3718 esset
1308 3664 1522 3718 actum
1573 3664 1787 3719 ratum
1841 3676 1981 3721 esse
2033 3676 2165 3719 non
2217 3653 2480 3719 debuit.’
2568 3650 2818 3717 addunt

756 3748 980 3827 etiam,
1015 3747 1321 3832 quicquid
1366 3749 1553 3814 valde
1589 3749 1748 3815 utile
1783 3748 1892 3825 sit,
1928 3749 1998 3814 id
2032 3748 2172 3814 fieri
2205 3749 2577 3824 honestum,
2622 3747 2819 3814 etiam

756 3842 811 3906 si
846 3854 1032 3909 antea
1065 3864 1196 3907 non
1230 3843 1570 3910 videretur.
1661 3842 1822 3909 haec
1866 3844 2001 3909 fere
2037 3853 2260 3909 contra
2295 3842 2653 3928 Regulum:
2703 3841 2821 3908 sed

652 3928 721 3982 29
679 3936 963 4039 04prima
1006 3937 1357 4003 videamus.
1448 3942 1606 4002 ‘non
1648 3937 1773 4002 fuit
1806 3937 2099 4024 Iuppiter
2141 3937 2526 4003 metuendus
2569 3958 2655 4001 ne
2692 3937 2820 4000 ira-

679 4000 862 4094 ⁰⁴tus
911 4044 1197 4110 noceret,
1249 4033 1359 4118 qui
1411 4053 1623 4117 neque
1672 4033 1862 4099 irasci
1913 4033 2077 4100 solet
2127 4046 2249 4101 nec
2291 4053 2540 4098 nocere.
2545 4031 2560 4057 ’
2653 4029 2820 4095 haec
