3292 4559
661 246 788 313 258
1275 256 1351 311 Μ.
1390 255 1663 314 TULLII
1698 254 2099 321 CICERONIS

663 384 963 449 facillime
1000 382 1112 468 qui
1147 380 1519 459 construxit,
1555 379 1648 444 sic
1683 379 2005 447 hominem
2034 383 2260 449 eadem
2288 383 2526 470 optime
2554 408 2721 471 quae

655 477 1126 563 conglutinavit
1171 488 1400 543 natura
1444 475 1753 567 dissolvit.
1841 476 1969 542 iam
2005 478 2212 543 omnis
2260 479 2720 564 conglutinatio

664 592 886 637 recens
923 594 1142 657 aegre,
1196 572 1550 637 inveterata
1583 570 1773 635 facile
1810 571 2157 637 divellitur:
2210 572 2303 637 ita
2346 573 2419 637 fit
2452 585 2527 639 ut
2560 574 2722 640 illud

663 664 862 731 breve
898 666 1065 731 vitae
1101 664 1418 750 reliquum
1451 686 1573 730 nec
1607 665 1794 731 avide
1833 666 2265 752 adpetendum
2300 667 2561 733 senibus
2596 690 2720 735 nec

569 779 623 819 τε
667 759 803 824 sine
840 781 1034 823 causa
1069 759 1490 824 deserendum
1537 758 1647 835 sit3
1693 770 1995 843 vetatque
2027 759 2433 847 Pythagoras
2466 761 2719 827 iniussu

665 853 1085 939 imperatoris,
1121 854 1190 918 id
1225 863 1324 919 est
1358 853 1480 929 dei,
1518 853 1597 918 de
1633 853 1952 938 praesidio
1989 865 2053 919 et
2088 854 2357 921 statione
2400 856 2565 922 vitae
2602 856 2717 921 de-

663 946 907 1012 cedere.
999 946 1256 1013 Solonis
1302 946 1561 1031 quidem
1606 947 1911 1032 sapientis
1959 959 2056 1012 est
2109 949 2417 1036 elegium,
2471 970 2598 1035 quo
2643 972 2712 1014 se

661 1053 857 1127 negat
900 1040 1066 1108 velle
1115 1065 1300 1108 suam
1344 1052 1616 1107 mortem
1664 1042 1882 1108 dolore
1926 1044 2276 1109 amicorum
2313 1057 2378 1110 et
2422 1044 2715 1111 lamentis

661 1158 912 1202 vacare.
1001 1137 1164 1215 volt,
1210 1137 1401 1202 credo
1410 1184 1430 1214 ,
1479 1160 1546 1203 se
1583 1160 1722 1203 esse
1760 1159 1978 1203 carum
2016 1138 2178 1217 suis,
2226 1140 2342 1206 sed
2376 1138 2552 1205 haud
2586 1141 2717 1206 scio

662 1254 744 1295 an
779 1231 1006 1296 melius
1041 1230 1320 1295 Ennius:

833 1389 1021 1433 nemo
1057 1391 1161 1433 me
1195 1369 1496 1433 lacrumis
1533 1368 1819 1445 decoret,
1854 1390 2065 1453 neque
2099 1368 2327 1435 funera
2358 1370 2513 1435 fletu

834 1462 1014 1527 faxit.
1087 1462 1230 1528 cur?
1263 1466 1446 1529 volito
1483 1467 1646 1529 vivos
1672 1487 1791 1549 per
1827 1487 1939 1528 ora-
1971 1467 2186 1528 virum.

661 1630 792 1674 non
836 1619 1054 1675 censet
1103 1609 1451 1695 lugendam
1495 1631 1636 1674 esse
1689 1619 1991 1685 mortem,
2045 1631 2239 1692 quam
2290 1608 2712 1674 inmortalitas

567 1734 619 1775 u
664 1715 1110 1787 consequatur.
1205 1703 1336 1768 iam
1387 1725 1612 1768 sensus
1665 1704 1974 1769 moriendi
2027 1703 2255 1787 aliquis
2310 1725 2449 1769 esse
2502 1714 2715 1789 potest

660 1799 842 1884 isque
878 1799 963 1865 ad
998 1796 1304 1885 exiguum
1339 1808 1628 1884 tempuS,
1646 1799 2021 1884 praesertim
2056 1799 2221 1864 seni:
2265 1809 2411 1884 post
2445 1808 2717 1862 mortem

661 1891 922 1977 quidem
975 1914 1198 1959 sensus
1252 1903 1363 1957 aut
1415 1892 1733 1978 optandus
1786 1902 1898 1957 aut
1950 1893 2163 1957 nullus
2209 1903 2325 1958 est.
2427 1892 2541 1956 sed
2594 1889 2718 1956 hoc

661 1988 1039 2053 meditatum
1074 1986 1158 2052 ab
1193 1986 1627 2052 adulescentia
1664 1986 1855 2051 debet
1890 2009 2051 2063 esse,
2085 1996 2357 2052 mortem
2390 1996 2473 2049 ιιι·
2496 1986 2719 2071 negle-

661 2104 911 2169 gamus,
949 2082 1083 2147 sine
1120 2102 1249 2165 qua
1286 2080 1697 2146 meditatione
1732 2080 2072 2164 tranquillo
2109 2081 2322 2144 animo
2353 2102 2493 2145 esse
2526 2100 2717 2145 nemo

661 2186 899 2284 potest3
952 2176 1351 2241 moriendum
1397 2175 1568 2241 enim
1617 2186 1787 2241 certe
1833 2186 1961 2252 est,
2014 2186 2079 2239 et
2120 2176 2431 2240 incertum
2468 2198 2551 2239 an
2594 2174 2717 2238 hoc

661 2267 801 2355 ipso
864 2270 993 2335 die.
1063 2282 1335 2335 mortem
1395 2270 1593 2357 igitur
1654 2270 1951 2335 omnibus
2022 2270 2197 2335 horis
2264 2270 2717 2356 inpendentem

568 2391 620 2432 τε
666 2364 894 2429 timens
947 2364 1059 2447 qui
1119 2366 1351 2450 poterit
1413 2364 1624 2431 animo
1690 2365 2072 2430 consistere?
2134 2365 2215 2430 de
2267 2387 2397 2449 qua
2444 2387 2574 2429 non
2626 2363 2718 2428 ita

662 2457 859 2541 longa
893 2456 1319 2544 disputatione
1355 2481 1516 2545 opus
1561 2481 1704 2526 esse
1747 2459 2029 2536 videtur,
2076 2480 2224 2523 cum
2258 2459 2555 2524 recorder
2586 2479 2717 2521 non

663 2548 748 2617 L.
785 2551 1092 2630 Brutum,
1145 2552 1256 2636 qui
1290 2553 1358 2617 in
1392 2553 1725 2619 liberanda
1757 2553 1965 2639 patria
2000 2564 2097 2618 est
2130 2553 2533 2630 interfectus,
2585 2574 2718 2617 non

665 2644 826 2712 duos
861 2645 1131 2725 Decios,
1177 2646 1288 2731 qui
1333 2648 1416 2712 ad
1450 2648 1879 2712 voluntariam
1921 2658 2193 2713 mortem
2228 2670 2486 2713 cursum
2521 2667 2719 2730 equo-

663 2763 806 2805 rum
841 2740 1284 2817 incitaverunt,
1317 2764 1449 2806 non
1483 2741 1581 2806 M.
1603 2741 1899 2819 Atilium,
1934 2742 2046 2825 qui
2080 2742 2165 2806 ad
2199 2742 2582 2828 supplicium
2619 2750 2718 2805 est

665 2835 1019 2921 profectus,
1072 2847 1144 2900 ut
1187 2836 1383 2901 fidem
1425 2835 1595 2900 hosti
1639 2836 1855 2901 datam
1891 2847 2325 2913 conservaret,
2376 2858 2506 2900 non
2555 2835 2717 2899 duos

667 2928 1028 3013 Scipiones,
1075 2928 1185 3013 qui
1220 2931 1340 2995 iter
1373 2930 1612 2995 Poenis
1665 2930 1771 2995 vel
1807 2930 2177 3015 corporibus
2221 2929 2353 2994 suis
2388 2930 2718 2995 obstruere

666 3023 1033 3099 voluerunt,
1085 3045 1213 3087 non
1251 3046 1442 3088 avum
1478 3035 1661 3088 tuum
1695 3023 1777 3088 L.
1814 3024 2125 3101 Paulum,
2179 3024 2290 3107 qui
2324 3034 2527 3087 morte
2563 3023 2719 3088 eluit

668 3115 950 3201 collegae
1002 3117 1069 3182 in
1123 3114 1451 3182 Cannensi
1510 3117 1865 3203 ignominia
1924 3117 2373 3193 temeritatem,
2432 3138 2562 3179 non
2612 3115 2716 3178 M.

662 3208 1076 3289 Marcellum,
1147 3209 1329 3276 cuius
1389 3211 1719 3277 interitum
1779 3235 1863 3278 ne
1924 3209 2392 3277 crudelissimus
2452 3206 2717 3289 quidem

663 3302 865 3369 hostis
909 3305 1150 3371 honore
1194 3306 1559 3391 sepulturae
1605 3328 1822 3372 carere
1857 3328 2081 3393 passus
2118 3314 2242 3378 est,
2280 3301 2393 3367 sed
2426 3301 2715 3387 legiones

667 3410 946 3476 nostras,
983 3401 1158 3485 quod
1193 3399 1418 3486 scripsi
1451 3400 1519 3465 in
1557 3398 1958 3488 Originibus,
1992 3400 2057 3464 in
2092 3420 2240 3465 eum
2272 3398 2489 3462 locum
2525 3417 2716 3481 saepe

667 3493 986 3578 profectas
1023 3494 1218 3560 alacri
1253 3494 1464 3559 animo
1501 3504 1565 3559 et
1598 3505 1838 3572 erect0,
1874 3495 2045 3560 unde
2080 3516 2149 3560 se
2182 3490 2497 3558 redituras
2530 3512 2719 3555 num-

670 3609 866 3671 quam
902 3588 1378 3655 arbitrarentur.
1466 3587 1641 3672 quod
1684 3588 1881 3676 igitur
1916 3590 2355 3654 adulescentes
2391 3596 2455 3651 et
2496 3584 2540 3648 ii
2574 3582 2721 3666 qui·

668 3682 815 3748 dem
858 3705 987 3747 non
1030 3685 1237 3748 solum
1281 3682 1568 3760 indocti,·
1606 3684 1718 3748 sed
1762 3683 1953 3749 etiam
1990 3682 2239 3759 rustici,
2285 3687 2719 3755 contemnunt,

575 3796 630 3839 π
669 3774 738 3841 id
773 3776 946 3842 docti
979 3799 1162 3843 senes
1198 3774 1651 3843 extimescent?
1694 3777 1952 3842 omnino
1964 3824 1983 3855 ,
2028 3788 2101 3842 ut
2134 3775 2292 3840 mihi
2327 3773 2587 3859 quidem
2622 3770 2723 3835 vi-

671 3868 886 3949 detur,
955 3895 1169 3938 rerum
1229 3871 1517 3939 omnium
1577 3872 1836 3937 satietas
1894 3872 2066 3937 vitae
2128 3870 2284 3936 facit
2344 3869 2719 3933 satietatem.

669 3976 820 4029 sunt
874 3966 1184 4052 pueritiae
1243 3967 1456 4031 studia
1507 3976 1709 4031 certa:
1769 3988 1928 4030 num
1978 3965 2177 4052 igitur
2228 3987 2305 4030 ea
2357 3962 2722 4029 desiderant

669 4056 1145 4128 adulescentes?
1197 4072 1343 4127 sunt
1387 4060 1665 4127 ineuntis
1701 4059 2201 4127 adulescentiae:
2252 4079 2412 4123 num
2447 4080 2526 4122 ea
2570 4076 2725 4121 con-

2980 2342 3019 2668 me
2984 1976 3021 2331 fiad-*A*—

3004 3096 3015 3295 *AQ-
2997 3046 2998 3053 ⁴
