3292 4559
1024 206 1133 313 nn
1166 258 1267 313 RE
1302 256 1643 317 PUBLICA
1677 255 2079 317 1v.12-14.
2451 209 2584 311 229v
2645 226 2652 233 ’

650 369 811 440 Οῧτε
853 370 979 460 γὰρ
1032 366 1267 440 ἅπασα
1300 377 1540 461 τέρψις
1574 370 1882 457 μεμπτὸν
1919 368 2072 440 οὕτε
2105 378 2222 461 τῆς
2257 377 2576 459 μουσικῆς
2612 370 2682 427 12

511 462 683 553 αύτη
719 468 926 547 τέλος,
976 463 1114 533 ἀλλ’
1153 464 1193 553 ἦ
1230 467 1349 551 μὲν
1382 472 1782 554 ψυχαγωγία
1816 464 1987 535 κατὰ
2019 464 2099 535 τὸ
2139 467 2570 555 συμβεβηκός,

506 558 771 639 σκοπὸς
806 556 951 627 δὲ’
916 584 955 627 ο
992 566 1421 649 προκείμενος
1455 558 1494 649 ἡ
1532 561 1708 647 πρὸς
1745 557 1980 650 ἀρετὴν
2019 558 2332 649 ὠφέλεια·
2406 586 2574 647 οπερ

504 654 808 732 πολλούς
849 678 923 720 τε
960 652 1201 734 ἄλλους
1237 653 1444 723 ε’λαθε
1480 658 1591 721 καὶ
1624 653 1742 723 τὸν
1779 653 1843 722 ἒν
1877 667 2022 734 τοῖς
2055 661 2424 743 Κικέρωνος
2455 661 2576 723 τοῦ

496 746 838 865 (Ρωμαίου
892 751 1349 829 πολιτικοῖς
1401 746 1486 815 τὰ
1536 747 1707 815 κατὰ
1759 756 2079 837 μουσικῆς
2125 750 2576 833 διαλεχθέντα·

504 840 593 910 05
658 840 785 957 γὰρ
852 840 1033 958 ἔγωγ’
1093 870 1175 911 αν
1228 850 1434 958 φαίην
1488 842 1710 933 ἐκείνῳ
1764 843 1851 911 τὰ
1905 850 2184 917 τοιαῦτα
2240 844 2575 933 εἰρῆσθαν

482 930 667 1017 ’πῶς
699 935 825 1024 γὰρ
863 934 944 1006 ἀν
977 963 1080 1017 τις
1117 934 1315 1005 αὐτὸν
1354 936 1768 1057 ἰσχυρίσαιτο
1803 942 2122 1027 μουσικὴν
2151 939 2478 1027 λοιδορεῖν
2503 964 2576 1005 τε

504 1033 629 1097 καὶ
666 1056 758 1109 ως
794 1032 1050 1119 φαύλην
1087 1028 1390 1100 εὐθύνειν
1418 1037 1660 1119 τέχνην,
1702 1026 2048 1149 ἁρμονιῶν
2060 1058 2132 1100 τε
2158 1035 2270 1100 καὶ
2298 1033 2576 1129 ῥυθμων
2684 1118 2690 1127 .

512 1120 758 1213 ἀρετάς
783 1148 855 1191 τε
880 1128 993 1193 καὶ
1017 1134 1247 1204 κακίας
1274 1126 1712 1215 διορίζουσαν,
1753 1123 1980 1216 ἄνδρα,
2015 1126 2091 1207 ὃς
2117 1126 2192 1195 τὸ
2222 1132 2575 1217 τηνικαῦτα

510 1220 808 1307 ῥυθμοῖς
842 1219 1074 1303 μόνοις
1106 1222 1218 1286 καὶ
1249 1220 1513 1301 τούτοις
1548 1218 1810 1308 ἀγενέσι
1835 1225 1946 1289 καὶ
1974 1222 2257 1311 φαύλοις
2285 1220 2576 1289 ἐπιδεικ-

509 1313 783 1397 νύμενον
828 1309 1132 1383 Ῥώσκιον
1183 1311 1298 1381 τὸν
1316 1310 1676 1431 ὀρχηστὴν
1731 1312 1908 1383 οὕτω
1955 1316 2232 1405 σφόδρα
2263 1314 2578 1403 ἐξεπλήτ-

501 1432 685 1488 τετο,
735 1402 909 1475 ω’στε
944 1408 1222 1496 φάσκειν
1258 1405 1459 1477 αὐτὸν
1493 1414 1781 1526 προνοίᾳ
1814 1415 1998 1477 θεῶν
2035 1410 2131 1490 εἰς
2167 1408 2576 1529 ἀνθρώπους

506 1502 903 1590 παρελθεῖν.
991 1503 1105 1568 καὶ
1152 1527 1277 1589 γαρ
1334 1503 1402 1571 εἴ
1446 1530 1549 1583 τις
1596 1498 1796 1571 αὐτὸν
1840 1505 2092 1593 φάσκοι
2133 1502 2219 1571 τὰ
2260 1505 2378 1589 μὲν
2425 1501 2490 1570 εν
2531 1492 2576 1595 ᾖ

510 1600 925 1684 συγγέγραφε
960 1598 1337 1686 πολιτείᾳ
1371 1600 1579 1685 λέγειν
1606 1597 1944 1679 ἑκουσίως,
1983 1596 2069 1666 τὰ
2098 1600 2171 1665 δὲ
2198 1600 2356 1683 περὶ
2383 1594 2577 1665 Ρωσ-

508 1714 655 1758 κιον
692 1695 1141 1805 προκειμένης
1196 1690 1403 1759 ἕνεκεν
1455 1688 1884 1774 ὖποθέσεως,
1953 1690 2434 1807 ἀντιστρέφειν
2457 1691 2576 1775 μὲν

502 1784 626 1849 καὶ
675 1778 850 1898 ἡμᾶς
906 1780 1093 1851 οὐδὲν
1144 1784 1429 1853 κωλύσει
1479 1782 1594 1853 τὸν
1652 1782 1854 1854 αῧτὸν
1897 1786 2111 1875 λόγον.
2201 1782 2340 1853 ἀλλ’
2395 1780 2576 1870 ὅμως

500 1880 625 1944 καὶ
662 1870 873 1957 οὕτως
908 1878 1120 1947 λάθοι
1154 1905 1258 1959 τις
1295 1906 1375 1947 αν
1413 1876 1933 1966 ἀποδοκιμάζων
1965 1881 2234 1965 μᾶλλον,
2283 1904 2443 1947 οσον
2479 1877 2574 1959 εἷς

506 1969 629 2059 τὴν
670 1977 1015 2060 παροῦσαν
1062 1980 1317 2061 σκέψιν,
1366 1970 1410 2061 ἢ
1447 1973 1762 2055 συνιστὰς
1794 1972 1912 2043 τὸν
1947 1974 2217 2065 ῥήτορα·
2307 1970 2574 2055 ἀναξιό-

502 2090 755 2145 πιστος
803 2063 933 2152 γὰρ
988 2066 1160 2155 πρὸς
1214 2064 1543 2157 ἀληθείας
1590 2092 1850 2155 ευρεσιν
1891 2066 1935 2157 ἢ
1984 2070 2243 2136 δικαίαν
2285 2074 2498 2154 κρίσιν
2535 2064 2571 2135 5

506 2171 662 2239 ταῖς
702 2156 839 2226 κατ’
890 2156 1093 2247 αὐλὴν
1137 2158 1183 2251 ἢ
1217 2160 1387 2228 κατὰ
1422 2160 1537 2250 τὴν
1575 2158 1782 2231 αὕτοῦ
1818 2168 2228 2252 προαίρεσιν,
2278 2158 2446 2229 ἀλλὰ
2481 2157 2571 2247 μὴ

510 2266 667 2333 ταῖς
726 2248 862 2322 κατ’
924 2250 1155 2323 οὗσιαν
1210 2256 1539 2323 δουλεύων
1590 2252 2023 2325 ὖποθέσεσιν.
2117 2252 2305 2342 οἶμαι
2357 2256 2430 2323 δὲ
2483 2252 2574 2335 ὥς

506 2344 656 2414 οὐδ’
716 2373 798 2414 αν
852 2345 1053 2437 αὐτὴν
1106 2348 1305 2436 ἔψεγε
1352 2349 1702 2441 ῥητορικὴν
1748 2349 1862 2419 διὰ
1904 2350 2062 2431 τοὺς
2106 2352 2574 2436 δεκαζομένους

505 2446 645 2507 τῶν
696 2442 1007 2531 ῥητόρων.
1099 2440 1271 2511 οῧτω
1326 2443 1403 2533 δὴ
1452 2448 1563 2512 καὶ
1611 2446 1680 2513 εἴ
1716 2472 1889 2527 τινες
1932 2452 2064 2514 τῶν
2107 2450 2413 2529 τεχνιτῶν
2459 2444 2572 2512 διὰ

506 2533 589 2605 τὸ
635 2546 778 2615 τοῖς
821 2539 1099 2617 πολλοῖς
1145 2534 1444 2627 ἀρέσκειν
1487 2538 1574 2607 τὰ
1620 2538 1815 2629 ἀγενῆ
1851 2541 2293 2629 μελῳδοῦσιν,
2345 2535 2421 2608 05
2457 2542 2574 2627 τῆς

506 2634 735 2718 τέχνης
778 2628 856 2697 τὸ
907 2630 1206 2717 αἰτίαμα.
1298 2630 1468 2700 ἀλλὰ
1510 2635 1624 2701 καὶ
1668 2631 1708 2721 ἥ
1747 2638 1992 2722 πατρὶς
2028 2633 2234 2703 αὐτοῦ
2268 2633 2423 2714 τοὺς
2456 2635 2574 2720 μὲν

506 2722 631 2790 ἐπὶ
672 2731 870 2808 Νομᾶ
923 2728 1033 2793 καὶ
1078 2725 1232 2807 τοὺς
1278 2725 1479 2842 ὀλίγῳ
1526 2724 1666 2811 μετ’
1719 2725 1948 2809 αὐτόν,
2000 2728 2097 2795 ἔτι
2140 2728 2574 2814 τυγχάνοντας

504 2814 984 2933 ἀγριωτέρους,
1048 2829 1356 2911 μουσικῇ
1395 2823 1923 2907 παιδευομένους
1985 2820 2144 2905 εἶχε,
2216 2820 2403 2888 καθὰ
2461 2824 2576 2889 καὶ

511 2908 717 2991 αὐτός
772 2939 1001 3002 φησιν,
1054 2916 1196 3005 ιδίᾳ
1239 2942 1312 2985 τε
1359 2916 1425 2985 ἐν
1471 2914 1781 3000 εὐωχίαις
1825 2922 2008 3004 κοινῆ
2050 2941 2122 2983 τε
2169 2914 2235 2983 ἐν
2271 2912 2574 2997 ἀπάσαις

508 3008 808 3087 τελεταῖς
863 3016 1059 3097 σφίσι
1104 3011 1641 3100 συνοργιαζούσῃ.
1730 2960 2080 3097 (Aristiiies
2130 3009 2570 3094 Quintilianus

503 3104 587 3165 de
621 3106 852 3167 musica
885 3104 997 3169 lib.
1033 3105 1125 3170 ΙΙ.
1162 3129 1312 3193 pag.
1350 3106 1535 3171 69-
1546 3106 1624 3169 71
1665 3105 1766 3170 ed.
1808 3106 2154 3191 Meibom.)

644 3196 914 3263 Maiores
958 3213 1110 3265 natu
1142 3202 1210 3265 in
1246 3204 1534 3265 conviviis
1570 3202 1658 3264 ad
1693 3201 1880 3265 tibias
1915 3203 2158 3286 eyreyia
2191 3204 2572 3287 superiorum

502 3302 703 3365 opera
738 3287 1004 3350 carmine
1040 3286 1468 3371 comprehensa
1491 3286 1874 3371 panyebant‚
1915 3306 2032 3385 quo
2061 3288 2146 3349 ad
2171 3307 2243 3349 ea
2269 3288 2575 3350 imitanda

508 3369 879 3539 Ξαυξηιίιὸοἰη
922 3372 1283 3437 alacriorem
1324 3374 1660 3437 redderent.
1751 3369 2080 3454 (Valerius
2114 3369 2445 3434 Maximus
2479 3369 2571 3446 ΙΙ,

644 3538 781 3601 Fae
816 3542 1090 3607 dem'vaca
1123 3543 1202 3606 ab
1237 3565 1305 3609 eo
1342 3541 1460 3625 (so.
1498 3542 1724 3627 ama).
1814 3543 2194 3615 Amadum,
2233 3560 2576 3604 armamen-

506 3635 673 3697 tum,
720 3631 1286 3704 armamentarium,
1335 3626 1650 3704 armillae,
1699 3649 1854 3713 quae
1899 3648 2061 3690 nune
2097 3625 2438 3689 brachialia
2470 3646 2576 3691 υο-

508 3721 687 3785 οαηις
720 3712 809 3774 εἰσ
850 3712 1054 3779 Cicero
1089 3716 1157 3778 in
1194 3726 1409 3799 quarto
1448 3716 1519 3777 de
1554 3734 1619 3777 re
1701 3713 1920 3777 ubliea.
1983 3710 2385 3795 (Priscianus
2411 3732 2570 3797 par-

510 3800 635 3861 titt.
674 3797 831 3863 XII
854 3822 1007 3865 vers.
1041 3800 1197 3865 Aen.
1237 3800 1295 3875 1,
1334 3800 1383 3883 ξ.
1425 3796 1508 3862 14
1541 3819 1609 3883 p.
1689 3796 1773 3862 62
1809 3796 1912 3863 ed.
1950 3796 2159 3879 Keil.)

1362 4016 1522 4023 —-—--
1528 4016 1774 4024 -..η-φ...-
