3292 4559
739 253 870 321 186
1358 262 1437 316 Μ.
1473 259 1748 319 TULLII
1783 254 2187 321 CICERONIS
2267 273 2271 276 ·

739 391 951 458 ficatio
1003 400 1070 454 et
1130 386 1314 472 quasi
1376 382 1774 450 denuntiatio
1827 377 2301 447 calamitatum?
2373 376 2531 461 quid
2585 387 2797 442 autem

742 487 967 552 volunt
1000 481 1066 547 di
1099 480 1467 550 inmortales
1502 478 1783 565 primum
1819 498 1897 541 ea
1933 473 2365 560 significantes
2379 491 2418 547 ,’
2450 492 2618 555 quae
2665 473 2798 537 sine

740 577 1191 666 interpretibus
1224 597 1355 640 non
1389 573 1710 661 possimus
1744 571 2146 656 intellegere,
2200 566 2431 633 deinde
2469 589 2578 643 ea,
2635 588 2798 657 quae

642 704 646 709 ·
743 697 971 743 cavere
1015 669 1453 757 nequeamus?
1525 679 1593 733 at
1642 665 1767 732 hoc
1818 688 1902 731 ne
1953 663 2245 729 homines
2298 658 2560 746 quidem
2612 662 2796 747 probi

748 774 1014 844 fuciunt,
1076 777 1151 831 ut
1202 763 1420 830 amicis
1478 761 1885 849 inpendentis
1951 758 2344 825 calamitates
2407 757 2795 842 praedicant,

748 885 907 946 quas
939 863 1033 928 illi
1069 859 1355 946 effugere
1389 857 1566 922 nullo
1600 854 1793 921 modo
1828 854 2106 941 possint,
2160 861 2234 917 ut
2267 851 2531 928 medici,
2573 871 2798 935 quam-

748 980 940 1042 quam
979 955 1362 1040 intellegunt
1407 972 1631 1037 saepe,
1685 959 1902 1014 tamen
1934 967 2290 1030 numquam
2327 945 2542 1031 aegris
2577 944 2795 1010 dicunt

751 1054 855 1118 illu
896 1050 1121 1117 morbo
1166 1071 1277 1115 eos
1322 1068 1463 1113 esse
1514 1044 1876 1110 morituros.
1966 1042 2172 1106 omnis
2227 1045 2399 1106 enim
2447 1038 2796 1126 praedictio

748 1149 900 1214 mali
950 1157 1091 1212 tum
1139 1142 1478 1231 probatur,
1533 1162 1684 1205 cum
1739 1137 1821 1203 ad
1873 1134 2376 1224 praedictionem
2429 1134 2640 1200 cautio
2685 1133 2799 1198 ad-

652 1262 704 1302 55
748 1242 1055 1330 iungitur.
1143 1237 1299 1322 quid
1333 1235 1530 1322 igitur
1574 1243 1689 1298 aut
1722 1243 1974 1298 ostenta
2009 1241 2119 1295 aut
2153 1250 2378 1295 eorum
2420 1227 2797 1314 interpretes

748 1338 850 1402 vel
884 1329 1434 1400 Lacedaemonios
1478 1327 1631 1394 olim
1673 1327 1778 1392 vel
1823 1347 2030 1412 nuper
2073 1335 2326 1390 nostros
2378 1320 2798 1388 adiuverunt?

752 1453 915 1514 quae
941 1422 999 1496 si
1025 1429 1210 1513 signa
1238 1424 1507 1491 deorum
1532 1422 1823 1510 putanda
1849 1431 2017 1499 sunt,
2045 1443 2161 1487 cur
2187 1430 2322 1486 tam
2349 1419 2624 1485 obscura
2657 1417 2800 1484 fue-

748 1525 936 1590 runt?
988 1523 1043 1588 si
1079 1521 1279 1596 enim,
1332 1530 1406 1584 ut
1438 1519 1954 1604 intellegeremus
1989 1515 2148 1600 quid
2193 1523 2362 1582 esset
2398 1524 2796 1590 eventurum,

749 1630 968 1706 aperte
1006 1615 1317 1683 declarari
1352 1611 1719 1700 oportebat,
1755 1622 1871 1676 aut
1902 1632 1986 1676 ne
2021 1609 2272 1677 occulte
2306 1607 2596 1694 quidem,
2633 1607 2686 1672 si
2719 1630 2800 1673 ea

756 1716 896 1782 sciri
929 1712 1254 1780 nolebant.

644 1822 712 1874 ΕΜ
880 1809 1022 1874 Iam
1054 1826 1209 1874 vero
1254 1803 1620 1872 coniectura
1654 1801 1890 1879 omnis,
1936 1800 2005 1866 in
2039 1821 2173 1884 qua
2215 1798 2440 1866 nititur
2473 1797 2800 1872 divinatiO,

748 1905 1020 1990 ingeniis
1056 1899 1389 1967 hominum
1422 1898 1492 1962 in
1525 1898 1762 1962 multas
1799 1905 1913 1960 aut
1947 1894 2233 1961 diversas
2270 1904 2384 1959 aut
2417 1893 2611 1960 etiam
2648 1914 2803 1959 con-

748 1999 973 2066 trarias
1018 1995 1218 2084 partis
1262 2015 1455 2083 saepe
1508 1990 1853 2057 diducitur.
1940 2000 2015 2055 ut
2057 1988 2227 2054 enim
2272 1987 2342 2053 in
2379 1987 2589 2054 causis
2635 1987 2805 2052 iudi-

752 2093 1015 2162 cialibus
1064 2091 1189 2156 alia
1235 2088 1601 2156 coniectura
1635 2096 1735 2152 est
1778 2083 2201 2162 accusatoris,
2256 2083 2383 2151 alia
2428 2082 2802 2159 defensoris,

752 2206 808 2254 et
848 2202 1064 2254 tamen
1100 2185 1435 2267 utriusque
1471 2180 1791 2247 credibilis
1806 2225 1826 2256 ‚
1882 2179 1976 2244 sic
2017 2179 2086 2245 in
2121 2177 2420 2244 omnibus
2461 2177 2541 2242 iis
2586 2177 2803 2252 rebus,

752 2305 914 2366 quae
968 2279 1333 2346 coniectura
1381 2275 1757 2361 investigari
1806 2274 2135 2352 videntur,
2199 2296 2436 2359 anceps
2487 2272 2806 2359 reperitur

748 2378 931 2438 ratio.
1036 2393 1197 2456 quas
1249 2381 1465 2436 autem
1516 2391 1619 2434 res
1672 2380 1811 2433 tum
1861 2379 2091 2434 natura
2142 2379 2280 2433 tum
2334 2390 2520 2433 casus
2575 2367 2805 2442 adfert,

752 2490 880 2534 nun
929 2487 1283 2550 numquam
1336 2465 1528 2530 etiam
1578 2485 1858 2529 errorem
1911 2474 2085 2529 creat
2138 2462 2514 2541 similitudo,
2564 2485 2808 2549 magna

752 2561 1020 2627 stultitia
1055 2571 1153 2627 est
1196 2582 1417 2626 earum
1461 2581 1677 2625 rerum
1712 2559 1866 2624 deos
1909 2558 2122 2624 facere
2158 2557 2518 2636 effectores,
2576 2581 2804 2625 causas

656 2674 706 2710 ἐκ]
756 2655 1029 2746 [rerum]
1064 2678 1196 2722 non
1230 2677 1555 2739 quaerere.
1609 2666 1681 2719 tu
1726 2654 1889 2720 vatis
1907 2654 2211 2720 Boeotios
2245 2654 2452 2720 credis
2470 2653 2806 2720 Lebadiae

751 2758 986 2819 vidisse
1022 2777 1103 2819 ex
1147 2752 1465 2838 gallorum
1505 2751 2006 2838 gallinaceorum
2048 2762 2242 2817 cantu
2287 2751 2620 2817 victoriam
2664 2773 2806 2818 esse

752 2849 1239 2924 Thebanorum,
1285 2845 1437 2930 quia
1470 2847 1624 2932 galli
1668 2847 1822 2912 victi
1865 2847 2052 2912 silere
2087 2847 2392 2925 solerent,
2438 2869 2666 2913 canere
2709 2847 2810 2912 vi-

756 2958 979 3010 ctui-es.
1068 2941 1191 3007 hoc
1231 2941 1431 3027 igitur
1474 2964 1589 3027 per
1633 2942 1906 3028 gallinas
1947 2941 2243 3028 Iuppiter
2293 2954 2510 3009 tantae
2564 2943 2808 3008 civitati

756 3038 1012 3122 signum
1048 3034 1280 3099 dabat?
1332 3059 1417 3100 an
1449 3035 1596 3101 illae
1632 3059 1814 3113 aves,
1867 3035 1991 3100 nisi
2026 3058 2176 3102 cum
2209 3037 2530 3114 vicerunt,
2575 3058 2808 3103 canere

756 3154 885 3194 nnn
920 3129 1160 3195 solent?
1196 3136 1293 3194 ‘at
1326 3140 1464 3195 tum
1500 3130 1836 3207 canebant,
1871 3152 1994 3197 nec
2019 3131 2332 3208 vicerant3
2367 3131 2436 3196 id
2472 3131 2642 3197 enim
2679 3131 2809 3199 est’

752 3224 1000 3310 inquies
1055 3225 1443 3290 ‘ostentum’
1548 3248 1859 3312 magnum
1910 3247 2095 3305 vero,
2147 3226 2332 3310 quasi
2383 3227 2622 3312 pisces,
2674 3248 2811 3292 non

752 3320 905 3406 galli
956 3318 1317 3386 cecinerint.
1406 3321 1581 3405 quod
1625 3331 1844 3386 autem
1890 3331 1988 3386 est
2032 3332 2314 3407 tempus,
2368 3342 2499 3406 quo
2538 3322 2633 3387 illi
2675 3342 2812 3387 non

752 3424 1034 3492 arantem,
1087 3415 1192 3480 vel
1243 3427 1626 3480 nocturnum
1668 3416 1771 3480 vel
1816 3415 2156 3480 diurnum?
2208 3416 2383 3501 quod
2427 3415 2485 3481 si
2529 3418 2814 3483 victores

752 3509 1074 3576 alacritate
1121 3519 1187 3576 et
1230 3509 1413 3592 quasi
1454 3510 1698 3574 laetitia
1740 3510 1824 3574 ad
1858 3510 2219 3575 canendum
2255 3511 2643 3589 excitantur,
2689 3534 2816 3598 po-

752 3606 872 3670 tuit
906 3603 1216 3671 accidisse
1251 3604 1378 3668 alia
1412 3624 1669 3687 quoque
1702 3603 1974 3681 laetitia,
2010 3625 2140 3689 qua
2174 3604 2258 3670 ad
2294 3615 2555 3672 cantum
2587 3629 2819 3672 move·-

656 3710 704 3746 Ξῖ
754 3710 991 3765 rentur.
1078 3697 1492 3763 Democritus
1527 3698 1791 3781 quidem
1833 3699 2112 3785 optumis
2149 3699 2362 3765 verbis
2400 3721 2662 3765 causam
2695 3723 2822 3765 ex·-

751 3794 948 3878 plicat
1000 3814 1117 3857 cur
1168 3802 1318 3857 ante
1378 3792 1590 3857 lucem
1642 3793 1799 3878 galli
1852 3802 2115 3858 canant:
2179 3794 2447 3879 depulso
2500 3794 2672 3859 enim
2729 3794 2823 3860 de

748 3898 1006 3970 pectore
1042 3898 1107 3953 et
1149 3886 1219 3952 in
1255 3909 1441 3954 omne
1479 3909 1710 3972 corpus
1755 3886 1961 3953 diviso
1998 3898 2064 3954 et
2107 3889 2438 3954 mitificato
2475 3889 2620 3955 cibo
2655 3911 2825 3954 can-

752 3994 852 4046 tus
900 3981 1089 4047 edere
1143 3982 1357 4066 quiete
1401 3982 1693 4060 satiatos3
1747 3981 1861 4066 qui
1914 3982 2174 4067 quidem
2228 3990 2247 4019 ‘
2261 3983 2511 4054 silentio
2557 3984 2825 4062 noctis?

755 4090 819 4134 ut
864 4072 952 4138 ait
984 4073 1267 4154 Ennius,
1321 4076 1573 4142 ‘favent
1604 4075 1902 4142 faucibus
1954 4075 2153 4143 russis
2206 4089 2399 4144 cantu
2447 4077 2827 4165 plausuque
