3292 4559
955 265 1062 320 DE
1095 263 1427 320 osonum
1459 263 1787 320 NATURA
1818 215 1927 318 m.
1962 262 2201 321 εις-40.
2484 254 2614 321 103

549 389 730 456 vobis
774 387 984 474 placet
1027 409 1282 452 omnem
1325 386 1544 472 ignem
1585 397 1809 473 pastus
1853 387 2143 474 indigere
2192 410 2313 455 nec
2357 412 2613 476 permaffi

551 503 701 551 nere
727 484 858 548 ullo
877 483 1068 548 modo
1097 505 1308 570 posse,
1335 482 1460 547 nisi
1488 483 1717 559 alatur,
1754 481 1839 546 ali
1867 493 2083 548 autem
2112 486 2332 562 solem,
2367 485 2611 562 lunam,

553 579 797 664 reliqua
829 589 1000 645 astra
1033 579 1218 663 aquis
1231 626 1251 656 ,
1297 578 1424 644 alia
1459 577 1788 656 dulcibus,
1824 577 1955 643 alia
1984 579 2285 646 marinis?
2336 602 2609 664 eamque

553 693 811 740 causam
848 670 1198 739 Cleanthes
1242 673 1454 739 adfert
1497 694 1612 738 cur
1658 693 1729 737 se
1775 672 1871 738 sol
1918 673 2154 770 referat
2187 695 2308 740 nec
2351 675 2607 762 longius

547 768 993 855 progrediatur
1026 768 1344 834 solstitiali
1379 767 1520 832 orbi
1552 767 1839 850 itemque
1874 767 2182 846 brumali,
2235 791 2318 835 ne
2352 769 2609 856 longius
2685 798 2691 804 ·

549 862 838 928 discedat
873 886 914 927 a
947 863 1110 927 cibo.
1199 861 1322 928 hoc
1357 871 1564 926 totum
1599 861 1791 947 quale
1826 862 1909 926 sit
1942 885 2123 940 mox3
2176 885 2350 929 nunc
2394 875 2611 932 autem

553 956 975 1021 concludatur
1009 956 1200 1034 illud,
1237 956 1412 1040 quod
1442 956 1702 1021 interire
1736 955 1968 1042 possit,
2011 956 2081 1020 id
2116 967 2445 1023 aeternum
2479 979 2611 1022 non

553 1071 696 1116 esse
729 1061 987 1128 natura3
1039 1051 1257 1136 ignem
1294 1061 1510 1116 autem
1551 1051 1957 1116 interiturum
1992 1073 2164 1130 esse,
2214 1051 2340 1117 nisi
2374 1053 2608 1117 alatur:

551 1165 684 1209 non
720 1165 861 1210 esse
894 1145 1091 1231 igitur
1124 1154 1354 1211 natura
1387 1145 1606 1232 ignem
1641 1145 2120 1232 sempiternum.

681 1235 959 1320 Qualem
994 1250 1209 1305 autem
1255 1239 1448 1305 deum
1489 1239 1862 1326 intellegere
1904 1263 2022 1306 nos
2055 1263 2397 1328 possumus
2431 1240 2611 1305 nulla
2644 1239 2713 1292 15

549 1333 784 1403 virtute
816 1334 1218 1420 praeditum?
1250 1334 1409 1420 quid
1443 1335 1655 1401 enim?
1690 1335 2177 1422 prudentiamne
2214 1336 2335 1402 deo
2370 1334 2612 1401 tribue-

547 1453 719 1508 mus,
763 1453 930 1516 quae
974 1441 1223 1498 constat
1267 1453 1350 1498 ex
1395 1432 1663 1498 scientia
1696 1455 1912 1498 rerum
1958 1432 2274 1499 bonarum
2310 1441 2377 1498 et
2407 1431 2609 1496 mala-

545 1547 692 1590 rum
735 1536 798 1590 et
849 1547 970 1591 nec
1015 1525 1328 1592 bonarum
1370 1549 1493 1594 nec
1536 1527 1893 1592 malarum?
1938 1527 2049 1592 *cui
2097 1527 2252 1592 mali
2302 1525 2461 1592 nihil
2514 1535 2609 1590 est

543 1640 667 1685 nec
701 1641 840 1686 esse
873 1630 1121 1705 potest,
1175 1620 1333 1705 quid
1375 1619 1530 1686 huic
1571 1642 1735 1706 opus
1772 1630 1870 1686 est
1914 1621 2151 1687 dilectu
2190 1620 2511 1685 bonorum
2546 1631 2609 1684 et

547 1714 900 1780 malorum?
936 1715 1092 1799 quid
1119 1725 1337 1780 autem
1365 1716 1653 1780 ratione?
1687 1715 1843 1798 quid
1868 1715 2341 1800 intellegentia?
2374 1713 2609 1798 quibus

545 1806 786 1872 utimur
819 1808 904 1871 ad
939 1830 1083 1873 eam
1115 1829 1285 1884 rem,
1330 1818 1406 1871 ut
1439 1807 1676 1893 apertis
1714 1807 1989 1873 obscura
2034 1809 2489 1892 adsequamur:
2546 1819 2611 1872 at

548 1899 892 1964 obscurum
927 1899 1050 1964 deo
1082 1899 1242 1963 nihil
1275 1911 1488 1984 potest
1523 1921 1683 1965 esse.
1736 1923 1887 1964 nam
1921 1900 2181 1976 iustitia,
2218 1922 2385 1984 quae
2422 1923 2606 1965 suum

549 1991 780 2074 cuique
816 1992 1058 2069 tribuit,
1096 1991 1253 2074 quid
1285 1993 1560 2079 pertinet
1589 1993 1674 2057 ad
1708 1992 1900 2058 deos?
1935 1993 2267 2057 hominum
2302 1993 2472 2058 enim
2508 2015 2606 2058 so-

549 2081 745 2152 cietas
782 2096 848 2152 et
882 2087 1324 2164 communitae,
1361 2097 1434 2152 ut
1467 2109 1585 2152 vos
1623 2083 1852 2164 dicitis,
1887 2085 2196 2152 iustitiam
2230 2087 2608 2174 procreavit.

547 2180 968 2268 temperantia
1003 2191 1220 2246 autem
1256 2192 1502 2248 constat
1537 2205 1618 2248 ex
1653 2181 2231 2268 praetermittendis
2268 2181 2607 2267 voluptati-

546 2277 670 2342 bus
706 2275 1008 2362 corporis,
1046 2275 1152 2340 cui
1185 2275 1240 2340 si
1274 2276 1452 2342 locus
1486 2276 1555 2342 in
1583 2278 1763 2343 caelo
1800 2289 1916 2354 est,
1954 2287 2053 2342 est
2087 2276 2281 2342 etiam
2314 2277 2610 2362 volupta-

544 2371 738 2440 tibus.
823 2395 978 2436 nam
1012 2369 1196 2437 fortis
1238 2370 1398 2438 deus
1432 2371 1721 2458 intellegi
1766 2371 1879 2456 qui
1912 2381 2127 2458 potest
2168 2372 2237 2436 in
2274 2371 2490 2436 dolore
2524 2395 2609 2436 an

543 2467 612 2532 in
653 2465 873 2532 labore
917 2489 1002 2531 an
1053 2466 1122 2530 in
1173 2465 1488 2553 periculo,
1544 2487 1818 2551 quorum
1862 2466 2057 2532 deum
2101 2466 2259 2532 nihil
2314 2465 2609 2553 attingit?

543 2582 664 2628 nec
713 2561 959 2627 ratione
1010 2560 1209 2648 igitur
1259 2571 1546 2628 utentem
1596 2583 1720 2628 nec
1772 2561 2007 2627 virtute
2060 2561 2195 2628 ulla
2246 2561 2605 2647 praeditum

546 2657 739 2722 deum
772 2656 1142 2742 intellegere
1177 2655 1290 2740 qui
1321 2656 1707 2742 possumus?
1740 2678 1860 2722 nec
1894 2677 2047 2722 vero
2075 2656 2249 2742 volgi
2284 2668 2477 2740 atque
2511 2657 2609 2720 in·-

545 2751 892 2836 peritorum
926 2751 1246 2816 inscitiam
1281 2751 1606 2837 despicere
1641 2772 1925 2837 possum,
1964 2773 2112 2817 cum
2148 2773 2226 2816 ea
2254 2748 2607 2827 considero,

546 2865 715 2926 quae
779 2845 1075 2909 dicuntur
1138 2867 1178 2909 a
1231 2843 1494 2922 Stoicis3
1567 2856 1719 2909 sunt
1769 2845 1941 2910 enim
1992 2843 2105 2911 illa
2161 2844 2607 2931 inperitorum:

549 2938 792 3023 piscem
829 2937 980 3022 Syri
1013 2948 1418 3017 venerantur,
1457 2961 1644 3004 omne
1678 2939 1815 3006 fere
1850 2963 2055 3026 genus
2092 2939 2439 3009 bestiarum
2474 2937 2611 3004 Ae-

551 3031 759 3120 gyptii
803 3044 1355 3098 consecraverunt.
1443 3034 1575 3099 iam
1610 3055 1763 3098 vero
1808 3034 1879 3099 in
1916 3033 2193 3102 Graecia
2224 3034 2459 3099 multos
2494 3031 2611 3097 ha-

549 3130 706 3196 bent
741 3149 822 3194 ex
855 3126 1220 3194 hominibus
1257 3129 1441 3193 deos:
1479 3127 1897 3194 Alabandum
1922 3129 2302 3207 Alabandis,
2339 3125 2609 3192 Tenedii

551 3225 840 3301 Tenum,
867 3222 1328 3301 Leucotheam,
1365 3243 1534 3308 quae
1567 3222 1693 3289 fuit
1716 3223 1857 3302 InO,
1894 3234 1957 3290 et
1986 3225 2123 3291 eius
2152 3223 2609 3292 Palaemonem

551 3319 753 3384 filium
788 3328 1020 3384 cuncta
1057 3315 1359 3394 Graecia,
1397 3319 1780 3398 Herculem,
1816 3318 2309 3404 Aesculapium,
2344 3313 2607 3398 Tynda-

549 3411 753 3480 ridas:
807 3413 1156 3480 Romulum
1209 3414 1408 3479 nostri
1463 3414 1751 3499 aliosque
1806 3412 2154 3499 conpluris,
2209 3431 2369 3494 quos
2422 3405 2610 3490 quasi

2652 1309 2705 1351 ³8

551 3531 753 3576 novos
801 3521 866 3577 et
908 3509 1344 3597 adscripticios
1388 3509 1545 3576 civis
1595 3510 1665 3574 in
1718 3509 1966 3576 caelum
2016 3515 2306 3589 receptos
2357 3510 2607 3586 putant.
2724 3567 2729 3570 .

551 3606 712 3672 haec
764 3605 961 3692 igitur
1010 3605 1280 3672 indocti:
1333 3604 1491 3690 quid
1541 3625 1659 3670 vos
1702 3599 2108 3690 philosophi?
2152 3597 2265 3683 qui
2308 3594 2609 3662 meliora?
2644 3587 2717 3699 {f}

555 3701 776 3767 omitto
811 3701 940 3779 illa,
979 3712 1129 3766 sunt
1163 3700 1334 3766 enim
1368 3700 1723 3786 praeclara:
1761 3697 1845 3763 sit
1878 3718 2033 3762 sane
2058 3693 2218 3758 deus
2252 3691 2391 3777 ipse
2423 3711 2611 3754 mun-

557 3796 696 3863 dus.
785 3797 907 3862 hoc
941 3796 1134 3862 credo
1167 3795 1330 3862 illud
1364 3817 1504 3862 esse

639 3967 724 3983 —-—
762 3931 1083 4002 sublimffl
1116 3935 1416 4012 candens,
1449 3953 1646 4018 quem
1678 3931 1984 3998 invocant
2018 3947 2239 3994 omnes
2272 3923 2518 3992 Iovem.

557 4097 690 4164 qua
721 4103 791 4147 re
825 4081 1022 4170 igitur
1064 4083 1263 4171 pluris
1299 4080 1710 4167 adiungimus
1746 4077 1941 4145 deos?
1991 4087 2233 4162 quanta
2266 4083 2482 4143 autem
2516 4084 2616 4141 est
