3292 4559
725 180 855 248 302
1344 191 1421 247 M„
1458 190 1736 249 TULLII
1769 189 2174 249 CICERONIS

728 316 889 385 scuit
900 340 919 396 3
974 337 1123 382 cum
1176 313 1524 381 adflixisset
1565 312 1930 401 principum
1971 314 2382 401 gravitatem,
2425 328 2794 398 numquam

644 436 699 477 πο
727 423 941 479 tamen
986 407 1367 493 conquievit.
1455 430 1734 491 namque
1778 420 1850 475 ut
1897 406 1976 475 O.
2011 407 2402 473 Flaminium
2445 420 2645 492 atque
2693 431 2793 487 ea,

688 580 695 589 ‚
728 528 894 592 quae
926 504 1058 569 iam
1090 502 1303 590 prisca
1336 502 1635 569 videntur
1667 513 1930 590 propter
1963 514 2368 580 vetustatem,
2403 504 2792 587 relinquam,

728 599 882 685 quid
914 598 1071 665 iuris
1102 596 1291 663 bonis
1325 596 1479 663 viris
1509 597 1754 663 Tiberii
1788 596 2068 663 Gracchi
2102 598 2466 667 tribunatus
2491 597 2796 681 reliquit?

728 694 848 759 etsi
882 691 1319 778 quinquennio
1356 702 1503 760 ante
1538 690 1886 759 Decimum
1913 691 2191 761 Brutum
2225 702 2292 757 et
2313 691 2395 757 P.
2415 689 2798 778 Scipionem

729 789 1021 855 consules
1054 824 1142 834 —
1175 809 1337 873 quos
1373 797 1439 853 et
1472 798 1745 871 quantos
1779 786 1978 851 virosi
2015 823 2103 835 --
2136 786 2330 853 homo
2366 786 2659 851 omnium
2695 784 2796 873 in-

729 883 917 948 fimus
954 892 1019 948 et
1052 882 1552 958 sordidissimus,
1598 881 1894 948 tribunus
1940 880 2030 966 pl.
2066 876 2147 947 C.
2183 878 2512 947 Curiatius
2545 880 2620 945 in
2653 880 2794 945 vin-

730 977 877 1043 cula
910 974 1197 1052 coniecit,
1234 976 1406 1060 quod
1442 985 1589 1043 ante
1623 974 1869 1041 factum
1903 996 2035 1041 non
2067 985 2226 1041 erat.
2289 970 2369 1041 C.
2398 995 2554 1039 vero
2585 970 2797 1041 Grac-

730 1070 889 1136 chus
930 1068 1133 1135 ruinis
1179 1079 1245 1134 et
1276 1068 1357 1137 iis
1392 1068 1539 1135 sicis
1552 1115 1573 1145 ,
1618 1090 1780 1151 quas
1814 1068 1954 1153 ipse
1989 1090 2058 1133 se
2092 1067 2438 1154 proiecisse
2471 1066 2540 1132 in
2575 1067 2796 1133 forum

730 1164 911 1241 dixit,
948 1163 1181 1248 quibus
1218 1162 1724 1248 digladiarentur
1757 1162 1924 1227 inter
1959 1184 2028 1229 se
2053 1161 2248 1239 cives,
2289 1183 2504 1227 nonne
2532 1183 2797 1227 omnem

728 1258 822 1323 rei
880 1257 1177 1343 publicae
1238 1266 1478 1323 statum
1527 1256 1969 1342 perturbavit?
2037 1255 2196 1341 quid
2244 1256 2375 1321 iam
2427 1255 2510 1321 de
2563 1253 2797 1321 Satur-

727 1355 901 1429 nino,
940 1349 1249 1437 Sulpicio,
1284 1350 1546 1435 reliquis
1578 1350 1830 1417 dicam?
1881 1372 2044 1435 quos
2069 1372 2154 1417 ne
2180 1350 2502 1437 depellere
2525 1350 2794 1433 quidem

644 1472 697 1511 ει
728 1468 770 1509 a
803 1467 873 1509 se
908 1444 1046 1509 sine
1078 1444 1249 1529 ferro
1284 1444 1493 1531 potuit
1527 1467 1631 1511 res
1665 1444 1944 1531 publica.
2025 1466 2139 1512 our
2173 1456 2392 1511 autem
2424 1456 2538 1527 aut
2575 1454 2794 1510 vetera

728 1548 840 1603 aut
886 1538 1095 1605 aliena
1137 1538 1463 1625 proferam
1505 1538 1718 1624 potius
1763 1560 1960 1622 quam
2005 1550 2070 1604 et
2111 1550 2329 1607 nostra
2373 1548 2438 1605 et
2471 1536 2793 1607 recentia?

726 1632 871 1717 quis
906 1654 1215 1717 umquam
1250 1642 1384 1700 tam
1418 1632 1664 1709 audax,
1709 1642 1842 1697 tam
1876 1632 2062 1699 nobis
2096 1632 2392 1699 inimicus
2424 1632 2685 1709 fuisset,
2721 1642 2794 1695 ut

728 1728 1039 1815 cogitaret
1098 1748 1405 1811 umquam
1469 1726 1550 1793 de
1608 1736 1786 1795 statu
1843 1738 2065 1793 nostro
2114 1725 2596 1803 labefactando,
2667 1725 2795 1791 nisi

726 1842 1101 1889 mucronem
1136 1821 1416 1907 aliquem
1452 1820 1868 1888 tribunicium
1901 1821 2261 1890 exacuisset
2293 1821 2363 1884 in
2395 1821 2554 1887 nos?
2596 1842 2793 1903 quem

726 1937 876 1982 cum
909 1914 1199 1983 homines
1232 1915 1525 1984 scelerati
1558 1938 1637 1983 ac
1669 1915 1903 2002 perditi
1936 1937 2071 1984 non
2099 1915 2294 1981 modo
2319 1916 2452 1981 ulla
2477 1915 2547 1979 in
2575 1915 2792 1991 domo,

726 2007 842 2074 sed
884 2010 1065 2075 nulla
1105 2009 1174 2075 in
1217 2021 1414 2097 gente
1448 2009 1828 2097 reperirent,
1871 2009 2084 2095 gentis
2119 2008 2243 2075 sibi
2275 2009 2344 2073 in
2380 2008 2664 2075 tenebris
2697 2007 2793 2075 rei

725 2103 1022 2188 publicae
1073 2104 1541 2190 perturbandas
1566 2100 1992 2190 putaverunt.
2079 2102 2255 2187 quod
2295 2102 2482 2169 nobis
2523 2102 2794 2186 quidem

726 2197 1059 2285 egregium
1095 2208 1161 2265 et
1194 2198 1280 2265 ad
1312 2198 1833 2263 inmortalitatem
1867 2197 2214 2265 memoriae
2247 2196 2632 2283 gloriosum,
2677 2218 2792 2263 ne-

724 2292 963 2357 minem
1012 2292 1081 2355 in
1121 2313 1241 2359 nos
1284 2292 1581 2360 mercede
1627 2292 1760 2357 ulla
1803 2291 2134 2357 tribunum
2176 2292 2459 2377 potuisse
2502 2290 2791 2377 reperiri,

648 2406 700 2446 22
726 2384 849 2447 nisi
893 2384 1001 2449 cui
1042 2405 1125 2449 ne
1171 2407 1311 2453 esse
1356 2386 1618 2469 quidem
1652 2386 1936 2453 licuisset
1971 2386 2246 2453 tribuno.
2333 2384 2449 2454 sed
2481 2384 2590 2453 ille
2627 2406 2790 2469 quas

726 2489 971 2561 strages
1026 2477 1251 2542 edidit!
1307 2501 1416 2545 eas
1468 2479 1797 2559 videlicet,
1852 2479 2012 2565 quas
2056 2480 2192 2547 sine
2234 2481 2480 2547 ratione
2525 2501 2606 2545 ac
2651 2478 2786 2544 sine

724 2570 856 2635 ulla
898 2591 1013 2659 spe
1059 2570 1229 2635 bona
1270 2571 1453 2639 furor
1497 2572 1690 2639 edere
1731 2576 1942 2660 potuit
1985 2575 2252 2661 inpurae
2287 2576 2518 2641 beluae
2555 2575 2788 2641 multo-

724 2688 871 2731 rum
911 2664 1340 2733 inflammatus
1387 2666 1734 2735 furoribus.
1825 2690 2024 2753 quam
2063 2669 2149 2735 ob
2191 2692 2330 2735 rem
2373 2669 2442 2733 in
2484 2668 2614 2735 ista
2647 2667 2784 2755 qui-

727 2758 874 2825 dem
918 2782 987 2828 re
1030 2760 1439 2828 vehementer
1485 2761 1737 2829 Sullam
1780 2763 2012 2849 probo,
2058 2763 2172 2847 qui
2211 2764 2482 2829 tribunis
2534 2764 2626 2850 pl.
2675 2784 2790 2827 sua

725 2854 869 2939 lege
920 2851 1191 2923 iniuriae
1235 2857 1571 2925 faciendae
1615 2868 2000 2943 potestatem
2045 2858 2381 2938 ademerit,
2428 2857 2651 2926 auxilii
2697 2857 2792 2922 fe-

726 2948 908 3013 rendi
966 2948 1322 3035 reliquerit,
1382 2951 1904 3037 Pompeiumque
1967 2963 2258 3020 nostrum
2315 2952 2546 3019 ceteris
2593 2952 2790 3017 rebus

726 3042 1023 3107 omnibus
1058 3066 1311 3131 semper
1344 3046 1753 3132 amplissimis
1789 3047 2183 3131 summisque
2219 3048 2432 3113 ecfero
2464 3046 2790 3123 laudibus,

726 3133 807 3198 de
869 3134 1210 3203 tribunicia
1271 3150 1587 3226 potestate
1641 3151 1824 3207 taceo
1835 3164 1854 3218 3
1923 3162 2046 3209 nec
2099 3141 2270 3208 enim
2319 3140 2790 3229 reprehendere

631 3215 701 3329 ἒξ
725 3227 883 3306 libet
924 3251 1047 3295 nec
1088 3230 1355 3301 laudare
1387 3256 1674 3321 possum.
1762 3235 1856 3301 M.
1916 3234 2098 3302 Vitia
2130 3236 2391 3321 quidem
2426 3236 2792 3303 tribunatus

724 3323 1082 3409 praeclare,
1128 3323 1403 3409 Quinte,
1447 3329 1787 3415 perspicis,
1842 3329 1958 3397 sed
2002 3340 2099 3397 est
2143 3330 2364 3415 iniqua
2405 3330 2474 3396 in
2508 3330 2690 3395 omni
2723 3352 2792 3393 re

614 3474 635 3481 ,
726 3419 1087 3485 accusanda
1121 3422 1585 3507 praetermissis
1620 3423 1806 3490 bonis
1841 3426 2156 3491 malorum
2183 3424 2580 3493 enumeratio
2606 3424 2792 3489 vitio-

724 3534 997 3598 rumque
1042 3514 1328 3581 selectio:
1382 3539 1535 3583 nam
1578 3517 1704 3583 isto
1750 3519 2012 3603 quidem
2053 3520 2245 3585 modo
2282 3518 2385 3585 vel
2419 3519 2790 3587 consulatus

724 3606 1073 3693 vituperari
1122 3619 1363 3695 potest,
1430 3612 1483 3677 si
1536 3613 1904 3691 consulum,
1967 3634 2129 3697 quos
2191 3636 2570 3681 enumerare
2619 3615 2788 3691 nolo,

726 3711 993 3783 peccata
1036 3704 1419 3789 conlegeris3
1473 3726 1597 3792 ego
1642 3707 1817 3774 enim
1869 3708 2076 3774 fateor
2126 3708 2195 3775 in
2245 3708 2373 3775 ista
2417 3709 2561 3794 ipsa
2609 3719 2793 3793 pote-

726 3803 889 3857 state
923 3794 1133 3861 inesse
1167 3797 1476 3881 quiddam
1509 3800 1693 3878 mali,
1727 3802 1843 3867 sed
1877 3801 2118 3869 bonum
2129 3850 2149 3881 ,
2195 3802 2372 3887 quod
2405 3813 2503 3868 est
2534 3803 2792 3886 quaesi-

727 3898 865 3951 tum
898 3887 967 3953 in
1001 3912 1109 3967 ea,
1153 3892 1290 3957 sine
1325 3893 1449 3958 isto
1485 3894 1659 3959 malo
1693 3916 1824 3961 non
1859 3895 2260 3963 haberemus.
2348 3896 2576 3963 ‘nimia
2610 3907 2794 3981 pote-

728 3992 857 4045 stas
912 3993 1008 4047 est
1058 3983 1460 4051 tribunorum
1511 3986 1621 4072 p1.’
1727 3989 1874 4073 quis
1935 3991 2169 4076 negat?
2239 3990 2353 4057 sed
2411 3989 2509 4055 vis
2565 3989 2796 4076 populi
