3292 4559
1302 289 1409 347 DE
1443 288 1656 347 mro
1693 292 1863 369 ι-ε.
1943 348 1950 353 ,
2479 281 2611 349 219

534 412 667 480 frui
700 410 891 476 malis
927 410 1101 497 optio
1136 411 1219 477 sit
1253 412 1406 477 tua?
1494 424 1634 481 tum
1669 414 1922 481 Hirtius
1960 416 2477 503 ‘gratissumum'
2511 418 2611 485 in-

536 506 677 592 quit
715 512 813 571 ‘et
845 516 1106 571 tuorum
1142 508 1428 573 omnium
1464 508 1710 587 simile3
1753 509 1914 576 nihil
1947 511 2119 578 enim
2152 534 2461 599 umquam
2495 516 2611 579 ab-

538 602 680 667 nuit
720 621 869 666 meo
926 600 1141 666 studio
1185 602 1483 669 voluntas
1530 615 1668 670 tua.
1771 603 1888 671 sed
1938 606 2242 691 quoniam
2291 606 2607 673 rhetorica
2647 628 2678 669 ι

540 696 695 761 mihi
731 706 950 761 vestra
984 705 1135 761 sunt
1175 706 1329 763 nota
1363 707 1557 783 teque
1589 698 1660 763 in
1704 698 1784 763 iis
1819 711 1883 769 et
1917 700 2279 767 audivimus
2316 724 2508 811 saepe
2542 714 2608 767 et

538 789 908 866 audiemus,
945 799 1140 875 atque
1173 788 1341 857 hanc
1374 791 1920 858 Academicorum
1955 804 2176 860 contra
2193 796 2605 904 ‘propositum

536 883 910 971 disputandi
946 885 1477 951 consuetudinem
1521 886 1809 953 indicant
1851 898 1917 953 te
1961 889 2316 975 suscepisse
2349 889 2606 957 Tuscu-

534 978 730 1044 lanae
762 978 1263 1067 disputationes,
1296 1002 1539 1067 ponere
1573 981 1846 1067 aliquid,
1881 982 1968 1047 ad
2003 983 2180 1068 quod
2213 983 2501 1062 audiam,
2549 986 2605 1049 'si

541 1073 667 1139 tibi
699 1095 829 1141 non
862 1083 964 1140 est
995 1074 1362 1155 molestum,
1397 1076 1586 1142 volo!
1677 1083 1793 1141 ‘an
1828 1076 2015 1143 mihi’
2059 1078 2324 1164 inquam
2367 1083 2606 1164 ‘potest

540 1169 907 1254 quicquam
923 1192 1067 1237 esse
1099 1171 1464 1249 molestum,
1500 1170 1680 1255 quod
1717 1170 1836 1236 tibi
1869 1182 2128 1258 gratum
2161 1171 2452 1239 futurum
2487 1173 2606 1237 sit?

536 1264 654 1329 sed
704 1264 799 1329 ita
852 1263 1107 1343 audies,
1157 1274 1233 1328 ut
1282 1262 1652 1331 Romanum
1702 1264 2056 1344 hominem,
2109 1276 2182 1330 ut
2235 1264 2456 1331 timide
2505 1265 2606 1331 in-

534 1358 941 1443 gredientem
975 1356 1061 1423 ad
1093 1359 1219 1423 hoc
1250 1380 1457 1445 genus
1493 1359 1893 1446 disputandi,
1929 1370 2004 1426 ut
2036 1361 2232 1447 longo
2265 1360 2600 1427 intervallo

538 1452 699 1518 haec
732 1452 953 1518 studia
994 1452 1433 1541 repetentem!
1524 1454 1670 1519 ‘ita’
1705 1452 1914 1540 inquit
1959 1456 2246 1521 ‘audiam
2280 1466 2346 1522 te
2381 1454 2603 1543 dispu-

540 1557 803 1625 tantem,
830 1557 906 1612 ut
932 1569 1013 1613 ea
1034 1548 1205 1635 lego,
1230 1567 1401 1632 quae
1430 1547 1757 1634 scripsisti.
1807 1548 2076 1635 proinde
2095 1550 2321 1615 ordire.
2325 1550 2342 1578 '
2395 1553 2602 1632 †con-

536 1640 825 1707 sidamus
860 1640 969 1707 hic
1002 1657 1041 1695 ὓ
1058 1656 1097 1695 ³⁶
1114 1657 1153 1695 ὓ

664 1751 705 1789 ³*
741 1756 1021 1819 quorum
1043 1735 1113 1801 in
1140 1737 1301 1814 aliis,
1328 1746 1403 1802 ut
1428 1736 1499 1801 in
1516 1736 1860 1823 Antipatro
1888 1742 2099 1823 poe’ta,
2133 1748 2208 1802 ut
2231 1737 2299 1801 in
2329 1736 2602 1803 brumali
2637 1740 2674 1793 3

540 1829 642 1896 die
676 1829 869 1907 natis,
905 1840 980 1898 ut
1003 1830 1073 1895 in
1098 1830 1291 1897 simul
1326 1831 1808 1919 aegrotantibus
1841 1830 2170 1908 fratribus,
2203 1841 2278 1896 ut
2302 1830 2370 1895 in
2395 1831 2602 1909 urina,

536 1934 610 1989 ut
642 1923 713 1989 in
746 1924 1107 2011 unguibus,
1152 1936 1227 1991 ut
1259 1926 1328 1992 in
1361 1925 1625 2009 reliquis
1661 1924 1798 1991 eius
1830 1924 2039 2003 modi,
2083 1934 2351 1991 naturae
2385 1936 2605 1991 conta-

536 2018 649 2106 gio
692 2018 887 2098 valet,
940 2040 1137 2105 quam
1180 2043 1303 2107 ego
1337 2042 1469 2085 non
1504 2020 1694 2097 tollo,
1745 2019 1846 2085 vis
1893 2030 1991 2087 est
2021 2020 2200 2085 nulla
2239 2019 2486 2129 fatalis3
2535 2020 2605 2084 in

538 2113 683 2178 aliis
734 2125 953 2180 autem
1004 2113 1269 2183 fortuita
1326 2114 1647 2201 quaedam
1699 2136 1840 2181 esse
1891 2124 2190 2200 possunt,
2249 2124 2326 2179 ut
2373 2112 2444 2181 in
2493 2114 2603 2179 illo

536 2208 857 2295 naufrago
870 2256 890 2287 ,
944 2219 1018 2274 ut
1061 2210 1131 2275 in
1164 2210 1418 2288 Icadio,
1470 2220 1543 2276 ιιι
1575 2208 1645 2275 in
1681 2208 2000 2296 Daphita3
2053 2208 2370 2294 quaedam
2413 2208 2606 2276 etiam

537 2302 929 2369 Posidonius
962 2339 1054 2352 —
1085 2326 1247 2391 pace
1299 2305 1591 2391 magistri
1643 2304 1914 2370 dixerim
1946 2338 2036 2350 --
2068 2302 2462 2370 comminisci
2508 2304 2605 2369 vi-

538 2396 739 2463 detur
746 2421 766 2474 3
816 2409 964 2465 sunt
1014 2399 1278 2484 quidem
1330 2398 1629 2465 absurda.
1718 2398 1876 2484 quid
1918 2396 2129 2464 enim?
2180 2398 2236 2463 si
2276 2397 2604 2485 Daphitae

537 2491 749 2560 fatum
796 2491 924 2557 fuit
975 2516 1057 2560 ex
1110 2515 1277 2579 equo
1330 2494 1558 2561 cadere
1611 2504 1806 2577 atque
1848 2492 1942 2558 ita
1983 2492 2223 2579 perire,
2277 2516 2358 2561 ex
2398 2493 2604 2559 hocne

540 2606 731 2671 equo,
767 2586 900 2672 qui,
930 2608 1081 2653 cum
1106 2609 1311 2673 equus
1340 2608 1471 2653 non
1500 2597 1689 2665 esset,
1723 2608 1957 2653 nomen
1979 2586 2262 2653 habebat
2289 2588 2604 2653 alienum?

540 2691 656 2745 aut
689 2678 1031 2769 Philippus
1076 2681 1279 2747 hasne
1313 2682 1383 2747 in
1416 2682 1647 2767 capulo
1687 2680 2106 2768 quadrigulas
2141 2681 2343 2746 vitare
2384 2684 2636 2746 mone-'

537 2778 768 2843 batur?
810 2778 999 2862 quasi
1044 2800 1197 2844 vero
1243 2778 1473 2865 capulo
1510 2778 1596 2843 sit
1642 2776 1912 2842 occisus.
1952 2776 2170 2861 quid
2210 2784 2428 2841 autem
2470 2798 2608 2839 ma-

536 2894 773 2958 gnum,
828 2869 1005 2959 [aut]
1041 2872 1430 2959 naufragum
1476 2872 1662 2939 illum
1705 2870 1844 2936 sine
1883 2846 2144 2935 nomine
2187 2869 2258 2935 in
2290 2869 2430 2934 rivo
2467 2890 2608 2935 esse

530 2967 834 3053 lapsum?
879 2988 1270 3052 quamquam
1315 2966 1467 3033 huic
1503 2964 1768 3050 quidem
1810 2963 1918 3031 hic
1953 2964 2174 3030 scribit
2207 2963 2607 3051 praedictum

534 3061 609 3126 in
642 3082 817 3145 aqua
850 3082 990 3127 esse
1025 3061 1443 3148 pereundum.
1497 3082 1581 3126 ne
1616 3058 1876 3127 hercule
1894 3058 2100 3124 Icadii
2127 3058 2386 3169 quidem
2421 3081 2607 3146 prae·-

540 3154 729 3221 donis
758 3154 947 3221 video
966 3154 1173 3221 fatum
1201 3157 1435 3233 ullum3
1468 3154 1629 3219 nihil
1657 3154 1827 3221 enim
1857 3153 2076 3221 scribit
2105 3154 2164 3220 ei
2190 3154 2607 3241 praedictum.

541 3248 703 3333 quid
736 3249 972 3315 mirum
1004 3250 1201 3336 igitur
1234 3273 1315 3316 ex
1352 3249 1659 3335 spelunca
1691 3272 1922 3315 saxum
1955 3248 2024 3313 in
2059 3271 2246 3315 crura
2280 3248 2418 3313 eius
2451 3247 2610 3311 inci-
2652 3264 2680 3304 6

548 3343 756 3407 disse?
799 3355 959 3429 puto
995 3344 1195 3422 enim,
1241 3344 1435 3409 etiam
1470 3343 1525 3409 si
1558 3343 1818 3410 Icadius
1854 3353 1993 3409 ιιιιιι
2034 3343 2105 3407 in
2139 3342 2446 3427 spelunca
2480 3361 2611 3404 non

548 3437 796 3516 fuisset,
831 3462 1063 3505 saxum
1097 3449 1313 3505 tamen
1336 3438 1499 3505 illud
1527 3461 1828 3505 casurum
1861 3437 2092 3514 fuisse3
2127 3458 2280 3500 nam
2307 3442 2420 3499 aut
2451 3433 2611 3497 nihil

545 3532 808 3599 omnino
844 3546 942 3601 est
976 3534 1347 3610 fortuitum,
1386 3545 1498 3599 aut
1531 3534 1707 3601 hoc
1688 3554 1906 3619 ipsum
1939 3531 2146 3617 potuit
2183 3529 2439 3596 evenire
2482 3527 2614 3593 for-

548 3641 723 3693 tuna.
812 3650 1055 3714 quaero
1089 3630 1289 3716 igitur
1314 3664 1403 3677 -—-
1434 3640 1625 3713 atque
1661 3627 1785 3693 hoc
1817 3627 1946 3692 late
1981 3624 2228 3712 patebit
2261 3658 2368 3701 -,
2384 3622 2460 3687 si
2495 3620 2614 3686 fati

550 3724 809 3788 omnino
842 3723 1094 3789 nullum
1128 3745 1364 3790 nomen
1375 3770 1394 3801 ‚
1438 3722 1619 3801 nulla
1650 3733 1912 3798 natura,
1955 3720 2137 3785 nulla
2167 3716 2268 3783 vis
2303 3725 2504 3793 esset,
2548 3727 2614 3780 et

552 3817 732 3896 forte,
771 3829 1045 3895 temere,
1082 3841 1235 3886 casu
1270 3829 1384 3883 aut
1416 3818 1724 3904 pleraque
1758 3815 1986 3883 fierent
2020 3824 2131 3881 aut
2165 3812 2412 3888 omnia,
2455 3833 2613 3875 num

554 3911 733 3978 aliter
766 3935 847 3979 ac
890 3934 1067 3978 nunc
1112 3912 1417 3979 eveniunt
1452 3911 1820 3978 evenirent?
1862 3908 2023 3994 quid
2065 3929 2222 3993 ergo
2257 3905 2484 3973 attinet
2515 3904 2614 3970 in-

548 4007 803 4074 culcare
838 4006 1067 4085 fatum,
1106 4030 1252 4073 cum
1290 4006 1426 4073 sine
1462 4004 1597 4074 fato
1624 4005 1798 4079 ⁴ratio
1825 4002 2113 4071 omnium
2139 4024 2354 4069 rerum
2381 4000 2465 4069 ad
2499 4024 2614 4067 na-

546 4112 763 4167 turam
795 4101 1201 4168 fortunamve
1236 4101 1586 4169 referatur?
