3292 4559
845 312 953 368 DE
983 309 1312 371 DEORUM
1345 310 1673 370 NATURA
1704 309 1788 401 ΙΙ..
1819 309 2059 366 92-97.
2392 300 2481 384 69

415 449 634 506 antur.
721 435 1044 522 praeclare
1089 457 1244 520 ergo
1277 433 1661 500 Aristoteles
1706 433 1791 498 ‘si
1824 433 2064 500 essent’
2098 434 2362 520 inquit‘
2371 436 2483 522 qui
2524 457 2578 499 95

429 533 550 598 sub
584 542 752 601 terra
785 551 1036 614 semper
1069 528 1530 594 habitavissent
1566 527 1750 597 bonis
1778 539 1843 596 et
1874 527 2250 598 inlustribus
2278 529 2484 616 domig-

429 624 608 702 ciliis,
643 645 806 708 quae
843 634 1056 694 essent.
1123 625 1347 688 ornata
1381 623 1582 707 signis
1617 634 1811 713 atque
1845 622 2111 707 picturis
2144 623 2483 708 instructa·-
2552 702 2561 708 ,

419 741 554 803 ‘que
606 719 797 786 rebus
848 717 926 785 iis
979 716 1306 792 omnibus,
1360 717 1594 801 quibus
1650 716 2040 801 abundant
2022 716 2101 800 11,
2155 718 2267 803 qui
2315 719 2484 804 beata

424 823 760 898 putantur,
795 833 916 882 neo
951 821 1166 876 tamen
1201 811 1482 894 exissent
1513 831 1821 894 umquam
1855 833 2053 897 supra
2088 822 2358 894 terram,
2376 834 2484 900 ac-

425 907 742 992 cepissent
777 915 993 970 autem
1035 905 1208 968 fama
1243 915 1307 969 et
1351 890 1677 972 auditione
1710 927 1849 971 esse
1884 905 2211 989 quoddam
2244 929 2485 974 numen

419 1011 492 1064 et
525 1000 659 1064 vim
693 997 988 1074 deorum,
1043 997 1274 1068 deinde
1317 983 1530 1082 aliquo
1573 1009 1860 1084 tempore
1894 997 2231 1109 patefactis
2276 1009 2481 1067 terrae
2568 1086 2570 1088 q

425 1091 721 1158 faucibus
776 1115 856 1157 ex
907 1091 1032 1157 illis
1086 1091 1316 1157 abditis
1369 1092 1626 1158 sedibus
1675 1092 2009 1159 evadere’
1989 1118 2058 1158 ιιι
2108 1093 2268 1161 haec
2318 1094 2479 1168 loca,
2518 1089 2529 1096 ’

426 1207 594 1270 quae
628 1209 746 1252 nos
778 1185 1147 1263 incolimus,
1184 1197 1374 1270 atque
1409 1185 1583 1253 exire
1617 1174 2003 1272 potuissent,
2040 1209 2187 1256 cum
2199 1198 2481 1278 repente

429 1297 664 1347 terram
708 1290 771 1346 et
813 1279 1016 1346 maria
1059 1281 1432 1366 caelumque
1468 1265 1803 1359 vidissent,
1848 1280 2121 1349 nubium
2162 1273 2484 1376 magnitu7

425 1373 642 1440 dinem
674 1383 1136 1468 ventorumque
1173 1375 1304 1440 vim
1341 1375 1785 1462 cognovissent
1822 1371 2344 1465 aspexissentque
2380 1396 2481 1468 so-

422 1470 572 1546 lem,
609 1469 876 1554 eiusque
910 1491 1056 1536 cum
1082 1471 1588 1580 magnitudinem
1621 1471 2307 1557 pulchritudinemque,
2344 1459 2483 1536 tum

421 1564 616 1633 etiam
659 1564 1066 1631 efficientiam
1120 1565 1598 1651 cognovissent,
1652 1566 1897 1652 quod-⁸
1877 1588 1933 1632 is
1976 1565 2147 1632 diem
2201 1565 2483 1653 efficeret

426 1669 560 1724 toto
595 1659 770 1724 caelo
805 1659 950 1724 luce
986 1658 1248 1739 diffusa,
1285 1681 1435 1723 cum
1473 1669 1688 1724 autem
1724 1670 1925 1724 terras
1961 1681 2092 1726 nox
2126 1669 2480 1746 opacasset,

425 1765 560 1818 tum
607 1753 857 1820 caelum
900 1764 1106 1819 totum
1151 1765 1482 1820 cernerent
1526 1753 1712 1818 astris
1768 1754 2137 1820 distinctum
2180 1765 2245 1820 et
2297 1775 2482 1843 orna*-

425 1860 564 1913 tum
606 1847 926 1932 lunaeque
968 1848 1283 1912 luminum
1325 1847 1699 1913 varietatem
1747 1841 1886 1912 tum
1930 1847 2299 1923 crescentis,
2344 1859 2483 1936 tum
2548 1927 2551 1930 ἦ

420 1941 831 2018 senescentis,
867 1961 1216 2022 eorumque
1253 1940 1540 2004 omnium
1575 1950 1751 2004 ortus
1788 1951 1853 2005 et
1889 1960 2151 2020 occasus
2188 1950 2382 2024 atque
2415 1939 2483 2012 in

428 2034 603 2100 omni
640 2033 1012 2098 aeternitate
1045 2043 1218 2096 ratos
1253 2032 1771 2116 inmutabilisque
1807 2054 2031 2098 cursus
2068 2015 2326 2120 [quae]
2334 2053 2482 2096 cum

425 2129 745 2206 viderent,
791 2126 1080 2213 profecto
1117 2137 1180 2192 et
1227 2149 1366 2193 esse
1390 2127 1560 2192 deos
1595 2137 1661 2195 et
1693 2127 1853 2192 haec
1888 2136 2067 2211 tanta
2102 2147 2297 2213 opera
2332 2113 2483 2192 deo-

425 2245 568 2288 rum
613 2243 753 2288 esse
797 2221 1298 2287 arbitrarentur?
1404 2231 1600 2305 atque
1652 2220 1815 2286 haec
1867 2206 2127 2306 quidem
2175 2220 2315 2304 111ος
2366 2242 2481 2285 nos
2517 2223 2587 2278 38

389 2327 644 2382 ‚autem
677 2315 972 2382 tenebras
1007 2314 1360 2424 cogitemus
1397 2325 1628 2392 tantas,
1666 2324 1943 2401 quantae
1980 2313 2305 2401 quondam
2340 2337 2483 2380 eru·
2524 2295 2578 2336 ⁹⁶

420 2411 641 2496 ptione
682 2408 1125 2474 Aetnaeorum
1173 2409 1422 2495 ignium
1473 2408 1777 2474 finitimas
1828 2408 2123 2493 regiones
2177 2408 2483 2473 obscura-

421 2506 590 2570 visse
643 2503 972 2582 dicuntur,
1032 2515 1106 2568 ut
1165 2525 1282 2589 per
1343 2503 1611 2569 biduum
1660 2525 1851 2569 nemo
1915 2499 2241 2568 hominem
2291 2503 2483 2566 homo

419 2609 827 2685 agnosceret,
884 2620 1034 2663 cum
1075 2608 1294 2663 autem
1340 2596 1524 2662 tertio
1563 2597 1665 2678 die
1702 2598 1800 2661 sol
1832 2596 2197 2684 inluxisset,
2240 2583 2378 2662 tum
2414 2607 2487 2682 ut

419 2693 730 2759 revixisse
775 2692 900 2772 sibi
943 2692 1341 2758 viderenturz·
1389 2691 1566 2776 quod
1610 2691 1667 2755 si
1710 2691 1833 2757 hoc
1878 2691 2051 2777 idem
2094 2712 2176 2755 ex
2204 2689 2483 2766 ,aeternis

418 2787 704 2854 tenebris
739 2785 1153 2872 contingeret,
1188 2797 1261 2852 ut
1295 2786 1508 2868 subito
1543 2786 1753 2852 lucem
1789 2785 2249 2872 aspiceremus,
2286 2805 2483 2869 quae-

385 2942 389 2946 .
417 2904 577 2948 nam
611 2881 876 2966 species.
892 2879 1054 2946 caeli
1087 2881 1450 2946 videretur?
1494 2880 1607 2948 sed
1644 2881 2032 2946 adsiduitate
2066 2880 2385 2965 cotidiana
2420 2889 2485 2944 et

417 2974 883 3041 consuetudine
911 2975 1242 3040 oculorum
1279 2975 1668 3042 adsuescunt
1692 2976 1887 3042 animi
1921 2998 2131 3060 neque
2166 2975 2485 3062 admiran-

419 3081 534 3133 tur
567 3088 778 3151 neque
811 3067 1143 3150 requirunt
1177 3067 1454 3134 rationes
1492 3091 1715 3134 earum
1748 3091 1993 3152 rerum,
2040 3091 2201 3156 quas
2237 3090 2487 3156 semper

420 3161 668 3240 vident,
703 3161 972 3246 proinde
997 3161 1182 3246 quasi
1215 3163 1469 3228 novitas
1503 3185 1624 3230 nos
1650 3164 1855 3250 magis
1884 3185 2081 3247 quam
2108 3163 2485 3274 magnitudo

417 3280 642 3328 rerum
677 3257 910 3324 debeat
941 3256 1027 3322 ad
1061 3257 1486 3341 exquirendas
1520 3281 1751 3328 causas
1774 3259 2076 3324 excitare.
2136 3260 2277 3343 quis
2316 3259 2486 3342 enim
2528 3280 2580 3320 97

419 3354 602 3419 hunc
635 3351 960 3422 hominem
995 3351 1250 3432 dixerit,
1287 3351 1427 3436 qui,
1463 3359 1612 3418 cum
1648 3363 1781 3420 tam
1816 3365 2023 3421 certos
2060 3353 2220 3420 caeli
2252 3363 2485 3428 motus,
2534 3433 2545 3439 ί

417 3458 563 3512 tam
597 3457 768 3510 ratos
805 3457 1118 3514 astrorum
1137 3446 1392 3512 ordines
1419 3458 1679 3531 tamque
1712 3448 1878 3513 inter
1904 3471 1975 3514 se
2002 3447 2216 3512 omnia
2242 3433 2489 3512 conexa

418 3550 495 3608 et
529 3550 682 3626 apta
717 3541 965 3618 viderit,
1001 3552 1198 3627 neget
1228 3542 1298 3608 in
1333 3542 1437 3607 his
1467 3543 1718 3609 ullam
1699 3567 1907 3610 messe
1942 3543 2252 3608 rationem
2280 3562 2484 3626 eaque

418 3659 587 3703 casu
622 3635 759 3703 fieri
793 3637 1002 3714 dicat,
1021 3657 1186 3721 quae
1214 3651 1463 3721 quanto
1494 3638 1756 3704 consilio
1790 3648 2095 3724 gerantur
2127 3637 2303 3702 nullo
2336 3655 2486 3716 con-

423 3730 572 3798 silio
617 3731 906 3818 adsequi‘
925 3732 1304 3816 possumus?
1365 3755 1448 3808 an
1494 3754 1643 3812 cum
1684 3732 2153 3801 machinatione
2206 3730 2486 3816 quadam

385 3894 390 3898 .
430 3824 674 3891 moveri
719 3825 960 3908 aliquid
1005 3825 1326 3904 videmus,
1362 3837 1434 3890 ut
1477 3826 1844 3911 sphaeram,
1886 3838 1961 3893 ut
1994 3825 2210 3907 horas,
2253 3835 2325 3906 ut
2358 3822 2486 3909 alia

375 3973 386 3981 .
422 3919 776 4003 permulta,
827 3941 957 3993 non
1010 3920 1376 3987 dubitamus
1421 3921 1576 4005 quin
1627 3921 1739 3986 illa
1780 3943 1975 4006 opera
2022 3921 2152 4001 sint
2200 3917 2483 4006 rationis,
2516 3963 2523 4010 3

371 4055 381 4063 η
431 4032 584 4074 cum
619 4025 834 4078 autem
871 4013 1178 4100 impetum
1213 4017 1374 4082 caeli
1408 4038 1555 4082 cum
1591 4013 1951 4080 admirabili
1994 4014 2313 4085 celeritate
2346 4006 2498 4102 1129ss

365 4159 377 4168 .
432 4104 571 4178 veri
586 4108 891 4192 *vertique
925 4109 1216 4176 videmus
1263 4110 1769 4190 constantissime
1802 4109 2253 4196 ,conficientem
2266 4152 2281 4162 κ
2297 4109 2487 4198 vicis-
