3292 4559
1106 271 1211 325 DE
1246 270 1583 331 LEGIBUS
1620 272 1698 327 11
1728 262 2563 333 17—21.277

636 396 729 475 In
788 396 1101 461 urbibus
1164 392 1487 461 delubra
1547 395 1908 463 habento:
1981 397 2197 463 lucos
2250 399 2325 463 in
2362 399 2568 485 agris

503 490 848 555 habento
885 499 958 554 et
993 488 1281 553 Larum
1317 490 1557 555 sedes.

634 583 859 649 Ritus
894 582 1241 648 familiae
1274 595 1735 669 patrumque
1772 596 2154 655 servantO.

632 675 882 741 Divos
916 687 993 741 et
1025 696 1182 753 eos,
1219 676 1351 760 q'ui
1387 679 1764 745 caelestes
1801 701 2098 764 semper
2132 679 2406 758 habiti,
2441 702 2568 747 co-

497 774 725 838 lunto
788 782 863 836 et
922 771 1117 837 ollos
1178 791 1370 856 quos
1404 774 1599 838 endo
1663 776 1879 839 caelo
1933 776 2208 840 merita
2258 775 2567 841 locave-

500 866 691 943 rint,
736 865 1184 942 Herculem,
1232 865 1630 944 Liberum,
1667 868 2254 955 Aesculapium,
2293 865 2576 935 Casto-

500 982 692 1038 rem,
760 958 1192 1037 Pollucem,
1266 958 1711 1041 Quirinum,
1791 974 1910 1028 ast
1988 963 2172 1040 olla,
2251 974 2570 1049 propter

503 1075 703 1138 quae
765 1053 989 1119 datur
1021 1052 1310 1119 homini
1360 1054 1782 1121 adscensus
1835 1057 1912 1121 in
1967 1052 2290 1134 caelum,
2349 1056 2567 1121 Men-

502 1162 687 1225 tem,
721 1146 1136 1223 Virtutem,
1171 1146 1586 1228 Pietatem,
1624 1150 1920 1228 Fidem
1959 1170 2373 1235 earumque
2407 1150 2566 1215 lau-

498 1241 685 1307 dum
722 1241 1052 1307 delubra⁴
1084 1252 1309 1322 sunto
1345 1265 1534 1309 neve
1570 1244 1734 1311 ulla
1767 1244 2152 1310 vitiorum.

640 1334 877 1401 Sacra
910 1336 1313 1401 sollemnia
1350 1336 1707 1403 obeunte.

637 1429 891 1495 Feriis
940 1429 1205 1515 iurgia·
1248 1452 1331 1495 ne
1382 1442 1741 1499 movento
1795 1452 2082 1515 easque
2133 1432 2212 1496 in
2255 1430 2565 1495 famulis

499 1523 873 1609 operibus
915 1523 1249 1609 patratis
1282 1523 1646 1604 habent03
1701 1526 1935 1609 idque
1970 1536 2054 1589 ut
2087 1526 2198 1590 ita
2233 1525 2456 1589 cadat
2490 1524 2566 1589 in

504 1617 783 1683 annuis
827 1616 1317 1682 anfractibus
1362 1618 1836 1704 descriptum
1882 1636 2066 1684 esto.
2166 1630 2564 1702 certasque

502 1712 770 1797 fruges
852 1721 1263 1795 certasque
1342 1711 1573 1777 bacas
1654 1712 2136 1799 [sacerdotes
2215 1710 2560 1797 publice]

499 1806 801 1869 libante
871 1805 1103 1870 certis
1176 1805 1593 1872 sacrificiis
1667 1830 1752 1873 ac
1833 1807 2125 1873 diebus.
2230 1807 2566 1891 itemque

502 1899 701 1964 alios
764 1900 855 1964 ad
909 1899 1073 1965 dies
1126 1900 1561 1967 ubertatem
1611 1901 1844 1967 lactis
1896 1901 2354 1985 feturaeque
2409 1924 2567 1967 ser-

502 2004 765 2071 vante,
819 1993 1052 2077 idque
1105 2016 1197 2059 ne
1250 1995 1503 2060 omitti
1555 1995 1836 2081 possit,
1891 1995 1984 2059 ad
2035 2018 2196 2061 eam
2246 2018 2402 2063 rem
2445 2018 2564 2060 ra-

501 2088 714 2153 tione
762 2110 1027 2154 cursus
1074 2111 1366 2157 annuos
1412 2090 1853 2157 sacerdotes
1888 2088 2258 2167 finiunt0.
2331 2110 2565 2173 quae-

498 2202 651 2265 que
686 2182 1016 2267 quoique
1053 2183 1231 2249 divo
1264 2183 1589 2250 decorae
1623 2194 2050 2270 grataeque
2086 2184 2240 2249 sint
2264 2183 2563 2249 hostiae

500 2276 988 2359 providente.

636 2368 1017 2453 Divisque
1066 2374 1102 2452 †
1154 2371 1335 2437 aliis
1397 2370 1844 2439 sacerdotes
1906 2372 2257 2437 omnibus
2310 2370 2567 2456 ponti-

502 2463 700 2529 fices
753 2464 1083 2553 singulis
1135 2464 1495 2535 flamines
1540 2477 1786 2531 sunto.
1877 2466 2372 2552 virginesque
2414 2465 2566 2531 Ve-

504 2557 741 2622 stales
801 2558 879 2621 in
940 2559 1128 2624 urbe
1190 2561 1686 2625 custodiunto
1747 2559 2002 2645 ignem
2063 2560 2220 2625 foci
2269 2558 2566 2645 publici

506 2652 1074 2735 sempiternum.

637 2744 959 2825 Quoque
1004 2745 1192 2809 haec
1234 2746 1595 2829 privatim
1655 2745 1756 2832 [et
1799 2744 2148 2830 publice]
2201 2744 2420 2809 modo
2463 2742 2568 2805 ri-

504 2851 743 2921 tuque
786 2835 985 2901 fiant
1020 2836 1374 2909 discunto
1408 2838 1664 2923 ignari
1698 2862 1737 2902 a
1769 2838 2106 2923 publicis
2143 2836 2567 2903 sacerdoti-

505 2933 668 2996 bus.
766 2952 1023 2995 eorum
1093 2942 1343 2995 autem
1410 2954 1699 3017 genera
1767 2942 1991 2995 sunto
2061 2931 2237 2994 tria:
2308 2951 2564 3006 unum,

503 3024 709 3110 quod
785 3024 1077 3111 praesit
1153 3024 1638 3090 caerimoniis
1711 3036 1785 3089 et
1853 3024 2132 3101 sacris,
2211 3023 2564 3099 alterum,

507 3119 710 3204 quod
752 3119 1311 3205 interpretetur
1352 3118 1848 3184 fatidicorum
1884 3129 1956 3184 et
1991 3118 2279 3183 vatium
2315 3116 2568 3183 ecfata

506 3214 934 3299 incognita,
988 3235 1181 3297 quae
1236 3234 1493 3279 eorum
1551 3224 1866 3279 senatus
1912 3213 2393 3299 populusque
2438 3211 2567 3277 ad-

508 3308 844 3373 sciverit.
950 3308 1413 3393 interpretes
1476 3316 1728 3371 autem
1790 3307 2002 3372 Iovis
2065 3306 2358 3392 optumi
2416 3328 2568 3368 ma-

505 3402 743 3477 xumi,
779 3401 1073 3487 publici
1100 3422 1461 3487 augures,
1496 3401 1742 3486 signis
1770 3412 1844 3467 et
1870 3398 2240 3487 auspiciis
2269 3406 2565 3465 ostenta

508 3496 852 3571 vident0,
907 3494 1397 3581 disciplinam
1450 3505 1789 3573 tenente,
1853 3494 2449 3576 sacerdotesque
2503 3504 2567 3556 et

507 3590 770 3655 vineta
816 3589 1275 3675 virgetaque
1318 3601 1393 3655 et
1438 3590 1768 3655 salutem
1802 3589 2071 3675 populi
2101 3597 2564 3675 augurantO,

506 3684 792 3767 quique
838 3694 1069 3769 agent
1099 3706 1255 3751 rem
1290 3683 1533 3751 duelli
1569 3684 1853 3769 quique
1887 3706 2024 3770 pro
2055 3684 2346 3769 populo
2380 3702 2564 3757 rem,

512 3775 943 3861 auspicium
1004 3789 1555 3863 praemonente
1617 3779 1912 3863 ollique
1966 3777 2566 3862 obtemperanto.

510 3871 1016 3955 divorumque
1077 3872 1233 3937 iras
1287 3872 1746 3958 providento
1799 3872 2061 3956 sisque
2114 3871 2564 3955 adparentO,

510 3965 865 4047 caelique
927 3965 1240 4052 fulgura
1299 3966 1748 4053 regionibus
1810 3967 2004 4031 ratis
2057 3974 2566 4050 temperante,

512 4061 927 4145 urbemque
973 4073 1044 4126 et
1089 4083 1311 4147 agros
1356 4062 1639 4145 templa
1673 4061 2004 4126 liberata
2039 4070 2111 4125 et
2147 4059 2398 4127 ecfata
2434 4058 2570 4122 ha·-

2609 1832 2661 1873 20

2611 3519 2660 3559 21
