3292 4559
678 3818 713 3871 2

686 3890 713 3929 2

749 220 877 289 236
1098 176 1115 193 ·
1369 223 1446 282 Μ.
1484 228 1760 286 TULLII
1793 226 2198 285 CICERONIS

743 380 904 425 reres
938 356 1117 422 illum
1148 355 1369 428 virum,
1408 354 1516 439 qui
1546 356 1614 417 in
1648 364 1816 417 sexto
1854 352 2010 417 libro
2045 350 2416 437 informatus
2464 362 2570 415 est.
2661 351 2822 437 quid

744 455 909 519 enim
962 451 1077 515 tibi
1112 449 1389 536 faciam,
1444 450 1552 533 qui
1601 448 1744 512 illos
1799 446 1990 512 libros
2043 442 2384 511 devorasti?
2453 447 2605 532 quin
2651 468 2820 509 nunc

744 551 947 635 ipsum
989 566 1114 611 non
1156 543 1449 609 dubitabo
1482 564 1612 607 rem
1646 554 1884 606 tantam
1917 542 2177 617 abicere,
2222 543 2281 605 si
2322 543 2394 605 id
2423 542 2538 607 en’t
2571 541 2819 605 rectius.

746 653 1069 725 utrumque
1101 660 1241 703 vero
1274 637 1462 701 simul
1493 639 1601 722 aqi
1634 658 1761 701 non
1785 646 2018 721 potest,
2069 647 2130 700 et
2163 636 2238 701 de
2270 633 2582 719 tviumplto
2617 632 2824 697 ambi-

750 738 896 800 tiose
928 744 988 799 et
1018 735 1095 797 de
1126 754 1193 798 re
1216 731 1473 817 publiea
1510 730 1712 795 libere.
1781 726 2044 811 (Cicero
2079 732 2168 795 ad
2203 731 2330 793 Att.
2365 726 2525 804 VII,
2561 727 2626 804 3,
2663 725 2764 815 2.)

876 827 970 891 Μ.
1032 826 1269 891 Tullius
1330 827 1404 889 de
1465 846 1533 889 re
1573 824 1755 910 publ.
1812 824 1916 888 lib.
1965 824 2091 889 VI.
2157 822 2396 889 Totam
2451 820 2656 909 igitur
2705 843 2822 887 ex-

752 931 1002 1006 spectas
1052 917 1459 1004 prudentiam
1508 916 1704 983 huius
1753 918 2050 994 rectoris,
2102 938 2272 1003 quae
2319 917 2536 1003 ipsum
2579 938 2818 983 nomen

752 1015 875 1079 hoc
934 1024 1127 1078 nacta
1187 1022 1285 1079 est
1345 1033 1425 1076 ex
1489 1010 1909 1098 providendo·
2015 1008 2112 1097 (N
2111 1011 2296 1077 onius
2357 1034 2419 1077 v.
2471 1013 2818 1097 prudentia

798 1130 837 1171 a
883 1154 901 1171 .
935 1105 1075 1192 42.)

752 1128 797 1194 P
836 1129 965 1266 gIn
996 1199 1231 1265 Politia
1272 1221 1387 1263 sua
1431 1200 1581 1264 dicit
1621 1200 1861 1264 Tullius
1893 1202 1986 1265 rei
2007 1199 2298 1285 publicae
2329 1208 2618 1263 rectorem
2650 1221 2818 1261 sum-

754 1318 920 1359 mum
962 1297 1160 1358 virum
1203 1305 1262 1358 et
1304 1295 1719 1357 doctissimum
1763 1315 1890 1359 esse
1931 1294 2169 1368 debere,
2215 1295 2310 1358 ita
2349 1303 2422 1355 ut
2453 1294 2703 1377 sapiens
2739 1294 2818 1354 sit

754 1399 811 1452 et
853 1388 1048 1451 iustus
1082 1397 1141 1451 et
1176 1397 1515 1472 temperans
1548 1399 1607 1453 et
1640 1388 1954 1474 eloquens,
1995 1399 2068 1451 ut
2095 1389 2294 1473 possit
2311 1386 2510 1472 facile
2543 1397 2817 1449 cmv-ente

753 1482 1095 1566 eloquentia
1144 1483 1340 1545 animi
1391 1494 1619 1548 secreta
1671 1486 1757 1549 ad
1804 1485 2132 1569 reyendam
2175 1481 2420 1567 plebem
2461 1483 2814 1567 expo-snm.

752 1576 905 1639 seire
936 1576 1123 1639 etiam
1154 1575 1327 1640 debet
1360 1577 1484 1651 ius,
1540 1574 1808 1642 Graecas
1843 1598 2020 1641 nosse
2053 1576 2313 1650 litteras,
2359 1576 2528 1659 quod
2567 1573 2818 1639 Catonis

739 1669 919 1756 sacto
975 1669 1303 1754 probatur,
1366 1672 1478 1756 qui
1536 1672 1607 1733 in
1657 1692 1898 1735 summa
1947 1681 2240 1734 senectute
2294 1666 2546 1738 Graecis
2603 1669 2816 1732 littam

758 1783 1005 1848 operam
1038 1764 1197 1827 dans
1228 1764 1523 1828 indicavit
1557 1773 1855 1849 quantum
1889 1764 2172 1829 utilitatis
2209 1762 2514 1827 haberent.
2586 1758 2815 1845 (Com-

755 1855 1102 1921 mentarius
1136 1878 1254 1921 ms.
1290 1856 1359 1921 in
1386 1852 1524 1922 Cic.
1556 1856 1639 1923 de
1674 1856 1916 1923 invent.
1953 1855 2126 1943 apud
2159 1852 2504 1921 Osannum
2537 1878 2605 1942 p.
2635 1856 2814 1941 349.)

883 1950 976 2015 M.
1030 1952 1269 2015 Tullius
1320 1953 1395 2015 de
1442 1973 1509 2015 re
1548 1952 1730 2037 publ.
1779 1952 1885 2016 lib.
1945 1952 2068 2015 V1.·
2138 1948 2356 2035 Quam
2411 1948 2500 2013 ob
2552 1972 2698 2017 rem
2747 1972 2814 2015 se

736 2041 1082 2129 'comparet
1113 2042 1220 2109 hic
1252 2043 1410 2109 civis
1444 2044 1535 2109 ita
1565 2055 1919 2122 necessest,
1955 2044 2028 2109 u't
2061 2044 2144 2110 sit
2177 2055 2400 2109 contra
2429 2042 2615 2119 haec,
2649 2065 2814 2127 quae

757 2148 992 2202 statum
1028 2137 1300 2203 civitatis
1335 2150 1733 2226 permovent,
1770 2160 2027 2226 semper
2059 2149 2360 2205 armatus.
2432 2136 2720 2221 (Nonius
2753 2159 2810 2202 v.

756 2254 1109 2319 comparare
1142 2255 1205 2319 p.
1242 2232 1423 2318 256.)

886 2324 1217 2391 seditionis
1257 2329 1612 2411 proprietas
1665 2348 1706 2391 a
1757 2328 1852 2393 Μ.
1907 2328 2110 2392 Tullio
2159 2326 2558 2412 manifestata
2609 2338 2698 2391 est
2747 2328 2810 2391 in

760 2418 865 2483 lib.
902 2420 975 2481 de
1006 2438 1073 2480 re
1096 2420 1354 2503 publica
1386 2420 1509 2484 VI.-
1553 2440 1760 2504 eaque
1795 2420 2104 2485 dissensio
2139 2419 2395 2495 civium,
2431 2418 2612 2502 quod
2645 2440 2809 2485 seor-

758 2530 901 2575 sum
936 2520 1091 2574 eunt
1124 2511 1232 2575 alii
1266 2512 1351 2576 ad
1386 2512 1573 2592 alios,
1609 2513 1839 2579 seditio
1876 2514 2123 2579 dicitur.
2211 2512 2494 2598 (Nonius
2529 2536 2592 2635 p.
2629 2511 2714 2577 25
2747 2523 2810 2577 et

761 2600 1025 2669 Servius
1060 2606 1147 2669 ad
1178 2606 1335 2671 Aen.
1372 2606 1428 2685 Ι,
1470 2606 1647 2693 149.)

888 2696 982 2762 M
1035 2698 1277 2765 Tullius
1326 2704 1399 2767 de
1440 2725 1505 2766 re
1538 2688 1718 2788 publ.
1771 2702 1875 2768 lib.
1935 2702 2058 2766 VI:
2125 2698 2217 2766 Et
2258 2722 2410 2765 vero
2457 2700 2530 2766 in
2571 2700 2810 2765 dissen-

760 2792 939 2858 sione
983 2791 1184 2872 civili,
1229 2817 1377 2863 cum
1421 2795 1577 2863 boni
1617 2796 1764 2882 plus
1811 2818 2009 2881 quam
2059 2795 2246 2861 multi
2288 2795 2536 2873 valent,
2577 2817 2811 2881 expen-

762 2886 1005 2952 dendos
1074 2886 1262 2967 civis,
1332 2912 1464 2955 non
1532 2890 1962 2956 numerandos
2032 2901 2211 2976 pute.
2315 2889 2410 2973 (N
2411 2891 2598 2955 onius
2650 2889 2810 2967 XII,

759 3003 909 3067 pag.
946 2980 1127 3063 519.)

887 3077 981 3139 Μ.
1016 3078 1255 3142 Tullius
1292 3080 1364 3143 de
1395 3102 1461 3143 re
1488 3079 1665 3165 publ.
1705 3079 1808 3143 lib.
1855 3078 1957 3144 VI
1956 3103 1979 3143 ι
2026 3076 2279 3145 Graves
2313 3079 2482 3143 enim
2515 3078 2814 3142 dominae

762 3166 1219 3252 cogitationum
1282 3170 1601 3238 lubidines
1662 3172 1912 3238 infinita
1963 3172 2282 3257 quaedam
2331 3182 2563 3259 cogunt
2611 3181 2815 3254 atque

758 3261 1105 3348 imperant,
1149 3286 1317 3349 quac
1362 3266 1515 3351 quia
1556 3288 1678 3333 nec
1721 3266 1964 3354 expleri
2017 3288 2138 3334 nec
2189 3267 2406 3333 satiari
2444 3265 2571 3331 ullo
2613 3265 2814 3331 modo

761 3369 1061 3443 possunt,
1107 3360 1193 3424 ad
1226 3382 1415 3427 omne
1450 3361 1703 3427 facinus
1737 3362 2056 3448 inpellunt
2089 3384 2200 3427 eos
2217 3409 2235 3439 ‚
2281 3384 2444 3447 quos
2477 3361 2808 3427 inlecebris

764 3453 895 3519 suis
929 3454 1366 3523 incenderunt.
1454 3456 1734 3541 (Nonius
1769 3480 1831 3522 v.
1869 3458 2100 3545 expleri
2131 3480 2194 3544 p.
2230 3457 2413 3542 424.)

896 3550 1212 3614 ‘Ferooia'
1251 3574 1376 3637 pro
1405 3551 1749 3638 ferocitate.
1837 3551 1929 3617 Μ.
1985 3552 2221 3616 Tullius
2265 3554 2337 3615 de
2381 3572 2446 3617 re
2479 3550 2660 3637 publ.
2707 3548 2806 3613 lib.

778 3645 899 3710 VI.-
934 3642 1048 3726 qui
1081 3644 1405 3730 conpescit
1438 3644 1575 3711 eius
1610 3645 1744 3710 vim
1771 3655 1836 3711 et
1863 3644 2254 3711 ecfrenatam
2279 3640 2460 3709 illam
2485 3642 2806 3709 ferociam.

764 3737 1043 3822 (Nonius
1078 3760 1143 3823 p.
1177 3738 1359 3825 492.)

900 3831 1103 3898 Cicero
1147 3834 1215 3895 in
1260 3833 1415 3897 libro
1462 3845 1628 3898 sea-to
1675 3836 1748 3899 de
1788 3856 1855 3899 re
1887 3834 2141 3920 publica
2174 3836 2264 3898 ita
2295 3834 2575 3919 sen‘psit:
2645 3830 2815 3920 quod

767 3925 1028 4009 quidem
1061 3946 1138 3991 eo
1172 3924 1296 3991 fuit
1330 3925 1557 4004 maius,
1592 3927 1766 4011 quia,
1805 3948 1952 3993 cum
1988 3948 2184 3993 causa
2216 3926 2359 4013 pari
2392 3926 2682 4011 collegae
2718 3948 2816 3990 es-

765 4028 925 4096 sent,
958 4041 1089 4085 non
1124 4018 1315 4084 modo
1349 4019 1589 4086 invidia
1621 4020 1764 4107 pari
1797 4041 1928 4085 non
1955 4031 2154 4099 erant,
2192 4021 2305 4087 sed
2332 4019 2524 4086 etiam
2553 4017 2820 4085 Claudii
