3292 4559
818 255 925 311 DE
963 253 1305 312 ochns-
1329 251 1559 310 nte-1.
1595 255 1896 311 159-161.
1930 254 2010 312 11.
2063 256 2238 313 1—2.
2455 237 2552 311 '49

1012 791 1112 858 M.
1149 789 1480 858 TULLII
1518 787 2021 859 CICERONIS

1230 901 1361 966 DE
1410 899 1817 968 OFFIOIIS

884 1021 1039 1088 AD
1110 1019 1643 1086 MARCUM
1712 1021 2173 1122 FILIUM

1194 1136 1429 1191 LIBER
1462 1137 1885 1196 SECUNDUS.

1232 1329 1809 1392 ARGmOENTUM.

578 1439 719 1494 Hoc
752 1437 899 1492 libro
927 1435 1123 1492 Cicero
1158 1437 1331 1490 totius
1360 1436 1756 1508 disputationis
1783 1437 2088 1493 secundum
2109 1438 2296 1493 locum
2323 1436 2394 1493 de
2419 1435 2548 1491 utili

474 1515 773 1588 explicare
797 1513 1057 1568 instituit.
1127 1513 1287 1569 Utile
1316 1518 1504 1569 autem
1532 1514 1585 1570 ei
1612 1519 1699 1570 est
1723 1515 2158 1590 vel-opinatum,
2188 1514 2339 1585 quod
2357 1514 2432 1569 ab
2447 1515 2546 1568 ho-

472 1599 647 1649 nesto
678 1593 991 1662 discrepat,
1028 1590 1128 1645 vel.
1145 1607 1364 1660 verum,
1400 1591 1551 1661 quod
1579 1607 1708 1646 cum
1732 1592 1968 1647 honesto
1997 1596 2084 1646 est
2109 1591 2464 1646 coniunctum
2491 1597 2549 1646 et

474 1676 693 1726 natura
710 1667 1005 1724 confusum
1025 1674 1083 1724 et
1097 1673 1275 1722 totum
1296 1667 1355 1722 in
1371 1668 1575 1734 virtute
1593 1670 1852 1739 positum.
1925 1666 2040 1726 Sed
2057 1669 2346 1740 quoniam,
2375 1683 2545 1738 quae-

478 1762 728 1816 cumque
759 1745 833 1799 ad
850 1744 1021 1798 vitam
1038 1743 1322 1798 hominum
1339 1745 1608 1800 tuendam
1626 1750 1684 1800 et
1703 1746 1777 1800 ad
1793 1745 2094 1800 utilitatem
2111 1749 2358 1798 nostram
2376 1739 2546 1813 perti-

478 1828 641 1892 nent,
675 1828 775 1876 aut
793 1828 923 1875 sunt
939 1822 1226 1876 hominum
1244 1838 1418 1892 opera
1434 1823 1691 1892 perfecta
1711 1828 1810 1876 aut
1827 1823 1945 1877 sine
1966 1839 2157 1876 eorum
2176 1820 2380 1876 auxilio
2400 1835 2546 1874 com·

476 1900 681 1972 parari
713 1915 827 1954 non
861 1905 1121 1969 possunt,
1169 1899 1534 1969 hominesque
1570 1899 1887 1954 hominibus
1925 1899 2223 1970 plurimum
2259 1899 2456 1954 obesse
2491 1903 2549 1954 et

476 1978 761 2049 prodesse
793 1981 1052 2046 possunt,
1088 1975 1302 2030 relictis
1336 1977 1595 2032 omnibus
1619 1977 1907 2032 hominum
1935 1977 2151 2031 animos
2176 1976 2338 2031 nobis
2363 1975 2548 2030 eonci-

477 2055 713 2110 liandos
742 2058 801 2108 et
826 2053 900 2110 ad
916 2071 1050 2108 usus
1068 2058 1285 2108 nostros
1306 2053 1697 2125 adiungendos
1715 2070 1838 2110 esse
1855 2053 2048 2122 docet3
2084 2053 2235 2122 quod
2253 2069 2363 2122 quo
2381 2051 2547 2108 modo

476 2132 611 2188 fieri
638 2131 845 2202 possit,
872 2146 987 2184 non
1008 2129 1069 2183 in
1096 2129 1333 2202 singulis
1360 2131 1525 2185 modo
1544 2129 1888 2200 hominibus,
1917 2131 2018 2186 sed
2037 2130 2208 2184 etiam
2223 2128 2284 2184 in
2298 2129 2546 2182 multitu-

481 2210 617 2264 dine
660 2212 717 2262 et
750 2207 960 2278 populo
994 2205 1281 2276 univers0,
1322 2207 1545 2278 copiose
1573 2207 1945 2278 demonstrat,
1975 2207 2074 2262 sed
2101 2205 2208 2276 ita,
2238 2211 2302 2260 ut
2327 2201 2548 2260 omnem
2641 2221 2646 2227 ·

483 2301 743 2342 amorem
761 2290 928 2354 atque
946 2283 1395 2340 benevolentiam
1412 2283 1700 2340 hominum
1719 2301 1755 2339 a
1769 2285 1972 2339 virtute
1991 2289 2050 2339 et
2073 2283 2546 2353 honestaterepe-

482 2367 683 2432 tat,»ut
704 2379 739 2417 a
756 2362 986 2430 iustitia,
1008 2360 1304 2432 sapientia,
1324 2360 1687 2431 liberalitate,
1707 2359 1840 2432 fide,
1860 2360 2228 2429 humanitate,
2256 2358 2546 2430 hospitali-

480 2445 613 2496 tate
638 2439 713 2510 (c.
732 2437 963 2509 3—24).
1032 2438 1129 2492 Ad
1152 2435 1455 2494 utilitatem
1479 2454 1613 2494 vero
1638 2438 1904 2508 quoniam
1931 2437 2178 2510 pertinet
2201 2437 2372 2492 etiam
2395 2437 2545 2491 vale-

482 2517 629 2571 tudo
647 2514 1032 2586 pecuniaeque
1053 2513 1287 2583 curatio,
1300 2531 1411 2586 quo
1428 2515 1592 2570 modo
1612 2515 1877 2572 valetudo
1893 2519 2236 2571 sustentetur
2243 2514 2548 2584 etpecunia

482 2595 726 2648 honeste
755 2597 1079 2662 quaeratur,
1110 2592 1359 2646 ostendit
1382 2591 1452 2664 (c.
1473 2593 1543 2646 24
1568 2594 1744 2664 extu).
1817 2591 1886 2646 In
1914 2592 2331 2662 comparatione
2359 2597 2546 2646 autem

485 2671 801 2726 utilitatum
836 2686 962 2724 cum
997 2667 1091 2724 vel
1124 2669 1371 2740 corporis
1399 2671 1692 2724 commoda
1717 2686 1843 2724 cum
1873 2669 2114 2724 externis
2140 2668 2231 2723 vel
2253 2667 2548 2723 ‘commoda

484 2745 743 2817 eorporis
760 2745 907 2801 inter
926 2763 985 2800 se
1002 2745 1094 2800 vel
1112 2752 1342 2800 externa
1360 2763 1487 2800 cum
1506 2747 1751 2802 externis
1769 2745 2146 2814 conferantur,
2177 2743 2406 2798 dubium
2424 2759 2546 2798 esse

484 2829 669 2896 negat
690 2823 830 2894 quin
854 2822 1033 2878 maior
1054 2821 1271 2876 utilitas
1296 2822 1498 2877 minori
1526 2823 1599 2878 sit
1616 2823 2037 2892 anteponenda,
2065 2822 2174 2877 hac
2189 2826 2380 2874 tamen
2396 2819 2544 2889 lege,

488 2909 556 2958 ut
568 2919 645 2958 ne
664 2902 739 2958 ab
754 2902 991 2957 honesto
1010 2900 1340 2958 deflectatur
1356 2902 1430 2972 (e.
1448 2901 1561 2971 25).

623 3185 840 3268 Quem
904 3185 987 3250 ad
1036 3185 1301 3250 modum
1354 3186 1567 3251 officia
1620 3186 2004 3252 ducerentur
2056 3184 2142 3249 ab
2192 3183 2542 3257 honestate,

488 3281 721 3346 Marce
763 3280 884 3356 fili,
934 3290 1125 3363 atque
1162 3281 1247 3344 ab
1282 3282 1456 3345 omni
1491 3303 1727 3367 genere
1761 3280 2034 3357 virtutis,
2080 3279 2232 3343 satis
2267 3278 2547 3364 explica-

488 3386 639 3438 tmn
674 3373 941 3438 arbitror
974 3373 1138 3438 libro
1174 3375 1519 3460 superiore.
1590 3375 1880 3458 sequitur
1905 3383 1979 3438 ut
2005 3372 2164 3437 haec
2191 3369 2548 3435 officiorum

488 3488 736 3554 genera
774 3487 1177 3553 persequar,·
1198 3489 1365 3551 quae
1408 3468 1730 3552 pertinent
1763 3466 1850 3530 ad
1881 3465 2054 3530 vitae
2087 3464 2331 3528 cultum
2365 3472 2430 3527 et
2465 3461 2548 3526 ad

492 3575 727 3628 earum
764 3583 1010 3636 rerum,
1062 3561 1298 3646 quibus
1344 3571 1612 3625 utuntur
1654 3559 1974 3635 homines,
2019 3556 2419 3631 facultatem,
2466 3555 2550 3619 ad

494 3676 647 3739 opes
660 3702 680 3731 ,
730 3654 821 3719 ad
874 3655 1113 3740 copias.
1204 3653 1303 3741 [in
1352 3675 1482 3738 quo
1534 3665 1675 3718 tum
1723 3652 1946 3736 quaeri
1992 3649 2126 3714 dixi
2169 3648 2328 3732 quid
2367 3647 2547 3724 utile,

494 3749 651 3831 quid
716 3748 974 3826 inutile,
1044 3760 1187 3814 tum
1255 3771 1337 3813 ex
1395 3747 1658 3812 utilibus
1722 3744 1882 3830 quid·
1939 3743 2158 3810 utilius
2219 3753 2333 3806 aut
2392 3740 2550 3823 quid

492 3843 773 3908 maxime
824 3840 1035 3930 utile]
1121 3843 1207 3909 de
1262 3842 1496 3926 quibus
1551 3841 1762 3906 dicere
1815 3839 2181 3926 adgrediar,
2237 3837 2290 3900 si
2341 3853 2549 3921 pauca

2597 3173 2630 3284 t-*t-t

494 3936 673 4021 prius
719 3937 799 4002 de
833 3936 1123 4002 instituto
1156 3959 1235 4003 ac
1270 3937 1350 4002 de
1384 3935 1618 4001 iudicio
1655 3955 1799 4000 meo
1835 3933 2075 4000 dixero.
2121 3930 2127 3936 ⁴
2153 3949 2546 4015 quamquam
2595 3947 2620 3985 2

491 4031 663 4102 enim
718 4030 866 4096 libri
914 4031 1115 4098 nostri
1166 4031 1503 4117 conplures
1553 4051 1684 4097 non
1726 4028 1918 4095 modo
1963 4027 2046 4093 ad
2091 4023 2377 4112 legendi,
2435 4021 2549 4087 sed

600 4130 819 4175 Ciceronis
838 4133 918 4176 vol.
941 4131 1049 4178 vm.
2181 4125 2221 4180 4
