3292 4559
1057 291 1164 346 DE
1197 289 1723 349 DIVINATIONE
1756 292 1803 346 Ι.
1839 292 2078 348 30-34.
2464 283 2604 350 ,135

551 415 856 502 scriptum
890 413 1211 492 videmus,
1247 414 1510 480 invenit.
1582 435 1716 500 qua
1746 437 1817 480 re
1854 415 2192 496 celebrata,
2227 438 2376 486 cum
2410 419 2604 486 vicini

548 532 766 577 omnes
811 508 893 574 ad
938 532 1086 576 eum
1130 510 1213 576 de
1257 509 1450 576 rebus
1499 509 1631 574 suis
1683 510 2022 586 referrent,
2078 522 2214 576 erat
2254 513 2326 577 in
2366 534 2604 600 magno

546 603 802 670 nomine
839 617 902 670 et
945 604 1170 692 gloria.
1259 626 1341 670 ex
1383 624 1514 689 quo
1547 604 1795 670 factum
1839 615 1935 671 est
1967 616 2041 670 ut
2084 629 2233 672 eum
2268 607 2353 672 ad
2387 629 2457 674 se
2488 630 2603 674 rex
2646 629 2697 669 32

543 698 806 765 Priscus
843 708 1216 777 arcesseret3
1254 699 1436 765 cuius
1473 720 1622 764 cum
1658 708 1998 784 temptaret
2032 699 2364 766 scientiam
2400 723 2604 788 augu-

540 805 738 872 ratus,
775 793 936 859 dixit
970 794 1031 860 ei
1067 793 1350 880 cogitare
1377 816 1446 859 se
1474 793 1781 878 quiddam
1792 817 1812 871 3
1846 793 1916 858 id
1948 806 2246 879 possetne
2278 795 2419 861 fieri
2454 817 2605 861 con-

541 888 768 954 suluitt
831 888 940 953 ille
995 887 1266 972 augurio
1319 897 1460 952 acto
1521 892 1709 973 pos‘se
1761 889 2108 973 respondit.
2214 889 2603 974 Tarquinius

541 991 760 1047 autem
797 980 957 1046 dixit
1001 1003 1068 1046 se
1103 980 1417 1066 cogitasse
1461 991 1668 1047 cotem
1704 983 2021 1048 novacula
2060 1003 2249 1067 posse
2292 982 2602 1068 praecidi3

543 1085 682 1139 tum
715 1074 950 1140 Attum
991 1074 1253 1140 iussisse
1299 1075 1599 1162 experiri:
1645 1077 1737 1141 ita
1772 1087 1980 1142 cotem
2023 1076 2091 1141 in
2128 1077 2457 1142 comitium
2492 1076 2603 1141 ad-

543 1168 743 1234 latam
777 1167 1175 1254 inspectante
1213 1181 1278 1236 et
1309 1192 1464 1256 rege
1501 1181 1565 1236 et
1596 1173 1838 1257 populo
1873 1171 2190 1237 novacula
2216 1193 2355 1238 esse
2383 1171 2605 1237 discis-

546 1285 704 1328 sam.
797 1285 878 1328 ex
915 1285 990 1329 eo
1027 1264 1243 1330 evenit
1277 1273 1350 1329 ut
1385 1275 1449 1330 et
1484 1264 1875 1349 Tarquinius
1921 1289 2165 1353 augure
2200 1266 2358 1330 Atto
2393 1263 2604 1330 Navio

547 1367 833 1423 uteretur
867 1368 932 1424 et
964 1358 1240 1445 populus
1270 1357 1351 1424 de
1379 1359 1512 1424 suis
1539 1359 1731 1426 rebus
1758 1360 1843 1424 ad
1879 1382 2027 1426 eum
2060 1360 2343 1426 referret,
2399 1369 2605 1426 cotem
2647 1377 2699 1418 ³³

546 1460 760 1518 autem
793 1452 970 1518 illam
1005 1464 1070 1518 et
1115 1454 1516 1520 novaculam·
1534 1455 1859 1521 defossam
1890 1455 1959 1520 in
1995 1454 2251 1521 comitio
2286 1475 2604 1541 supraque

543 1545 890 1633 inpositum
933 1549 1156 1634 puteal
1200 1550 1584 1635 accepimus.
1675 1571 1985 1635 negemus
2021 1551 2257 1626 omnia,
2294 1549 2606 1614 conbura-

539 1661 687 1707 mus
742 1641 1018 1718 annalis,
1071 1643 1220 1708 ficta
1263 1642 1424 1709 haec
1469 1665 1608 1709 esse
1655 1643 1969 1720 dicamus,
2023 1644 2277 1727 quidvis
2331 1643 2605 1725 denique

541 1735 756 1819 potius
798 1756 994 1819 quam
1039 1737 1192 1801 deos
1236 1758 1338 1801 res
1384 1736 1699 1801 humanas
1745 1756 1968 1801 curare
2011 1736 2355 1802 fateamur:
2409 1733 2605 1822 quid?

544 1826 717 1910 quod
751 1828 1058 1912 scriptum
1093 1828 1268 1913 apud
1303 1838 1366 1894 te
1403 1839 1501 1895 est
1535 1829 1614 1893 de
1652 1828 1754 1892 Ti.
1789 1827 2107 1904 Gracch0‚
2144 1851 2355 1894 nonne
2392 1840 2458 1894 et
2491 1850 2605 1892 au-

525 1964 532 1972 ·
541 1939 780 2004 gurum
833 1930 897 1984 et
949 1919 1362 2005 haruspicum
1414 1920 1767 2006 conprobat
1810 1920 2249 2005 disciplinam?
2300 1922 2411 2003 qui
2456 1943 2605 1984 cum

541 2011 1030 2078 tabernaculum
1065 2012 1221 2076 vitio
1257 2013 1529 2098 cepisset
1561 2013 1941 2098 inprudens,
1994 2013 2167 2096 quod
2207 2013 2604 2099 inauspicato

541 2105 905 2193 pomerium
938 2116 1375 2191 transgressus
1411 2117 1606 2184 esset,
1657 2105 1915 2172 comitia
1960 2105 2329 2172 consulibus
2373 2128 2605 2193 rogan-

544 2198 924 2266 dis‘habuit.
985 2210 1139 2265 nota
1172 2223 1276 2266 res
1313 2210 1411 2266 est
1445 2210 1510 2266 et
1545 2224 1585 2266 a
1619 2211 1684 2266 te
1719 2200 1859 2285 ipso
1894 2199 2209 2265 mandata·
2228 2203 2606 2265 monumen-

543 2293 646 2358 tis.
733 2293 850 2360 sed
884 2305 948 2358 et
980 2293 1118 2379 ipse
1155 2316 1364 2380 augur
1396 2293 1498 2358 Ti.
1539 2292 1875 2361 Gracchus
1918 2292 2352 2379 auspiciorum
2386 2304 2607 2360 aucto-

540 2386 794 2454 ritatem
829 2387 1227 2454 confessione
1263 2387 1454 2453 errati
1490 2389 1589 2453 sui
1625 2387 2062 2472 conprobavit,
2099 2396 2163 2452 et
2194 2386 2606 2474 haruspicum

543 2480 916 2566 disciplinae
953 2503 1192 2568 magna
1227 2482 1492 2546 accessit
1529 2481 1873 2547 auctoritas
1884 2526 1903 2558 ,
1952 2481 2065 2565 qui
2098 2480 2463 2546 recentibus
2498 2501 2607 2547 co-

543 2574 738 2640 mitiis
771 2574 841 2642 in
883 2586 1176 2642 senatum
1209 2575 1554 2641 introducti
1598 2585 1999 2661 negaverunt
2040 2574 2282 2640 iustum
2317 2575 2605 2640 comitio·
2667 2598 2673 2636 t

542 2691 688 2734 rum
721 2679 1084 2756 rogatorem
1118 2669 1336 2734 fuisse.
1397 2707 1405 2715 ·

673 2761 764 2826 Iis
797 2763 995 2847 igitur
1029 2763 1373 2841 adsentior,
1405 2762 1518 2847 qui
1555 2762 1685 2827 duo
1711 2784 1951 2848 genera
1978 2761 2439 2827 divinationum
2466 2784 2605 2828 esse
2641 2752 2709 2864 ἐξ

547 2855 873 2919 dixerunt:
911 2877 1114 2920 unum
1149 2856 1323 2939 quod
1357 2856 1676 2941 particeps
1712 2866 1880 2920 esset
1914 2855 2087 2932 artis,
2124 2855 2395 2921 alterum
2429 2855 2605 2939 quod

548 2956 684 3013 arte
713 2958 972 3012 careret.
1027 2959 1123 3014 est
1150 2949 1320 3014 enim
1346 2973 1448 3014 ars
1484 2949 1553 3014 in
1585 2948 1686 3025 iis,
1722 2949 1833 3033 qui
1866 2971 2069 3014 novas
2102 2972 2205 3015 res
2241 2949 2607 3015 coniectura

546 3051 1051 3126 persequuntur,
1114 3053 1360 3108 veteres
1422 3041 1865 3107 observatione
1930 3043 2315 3120 didicerunt3
2387 3054 2606 3108 carent

549 3144 765 3201 autem
800 3145 936 3201 arte
966 3134 1044 3212 ii,
1087 3135 1200 3218 qui
1241 3157 1373 3200 non
1405 3135 1664 3200 ratione
1698 3147 1810 3200 aut
1855 3136 2219 3203 coniectura
2252 3136 2604 3204 observatis

549 3251 626 3295 ac
659 3229 894 3296 notatis
930 3228 1158 3315 signis,
1206 3229 1320 3294 sed
1355 3229 1777 3295 concitatione
1812 3231 2091 3315 quadam
2126 3231 2323 3296 animi
2358 3241 2471 3296 aut
2505 3253 2606 3295 so-

547 3324 684 3389 luto
728 3323 1056 3408 liberoque
1106 3335 1286 3389 motu
1335 3323 1556 3390 futura
1597 3325 2059 3408 praesentiunt,
2112 3325 2287 3409 quod
2328 3335 2394 3390 et
2438 3345 2606 3388 som—

549 3417 873 3496 niantibus
909 3439 1103 3503 saepe
1139 3418 1407 3504 contigit
1451 3427 1514 3483 et
1557 3438 1689 3482 non
1722 3419 2075 3503 numquam
2110 3416 2606 3483 vaticinantibus

548 3533 667 3598 per
699 3512 1012 3590 furorem,
1049 3523 1122 3578 ut
1154 3511 1348 3578 Bacis
1383 3511 1711 3589 Boeotius,
1746 3522 1819 3580 ut
1851 3511 2268 3596 Epimenides
2308 3507 2497 3586 Cres,
2531 3521 2606 3574 ut

552 3605 804 3673 Sibulla
835 3606 1215 3692 Erythraea.
1287 3607 1467 3672 cuius
1501 3607 1755 3692 generis
1789 3606 2047 3672 oracula
2082 3604 2274 3670 etiam
2309 3603 2607 3669 habenda

553 3711 720 3779 sunt,
755 3723 888 3766 non
921 3723 1027 3779 ea,
1084 3724 1250 3787 quae
1289 3702 1575 3786 aequatis
1611 3701 1889 3768 sortibus
1922 3701 2271 3777 ducuntur,
2318 3699 2432 3765 sed
2472 3699 2603 3776 illa,

553 3815 718 3878 quae
768 3795 1072 3862 instinctu
1135 3795 1352 3863 divino
1406 3795 1775 3880 adflatuque
1839 3795 2223 3862 fundunturz
2294 3793 2413 3858 etsi
2462 3792 2607 3878 ipsa

553 3909 688 3954 sors
724 3890 1190 3957 contemnenda
1223 3913 1353 3957 non
1389 3901 1506 3968 est,
1542 3890 1594 3956 si
1631 3901 1697 3956 et
1730 3890 2173 3956 auctoritatem
2205 3886 2402 3952 habet
2424 3896 2607 3953 vetu-

557 3983 754 4061 statis,
790 3995 862 4048 ut
897 4007 1012 4050 eae
1047 3997 1198 4050 sunt
1235 3997 1466 4063 sortes,
1503 4007 1665 4071 quas
1703 4007 1738 4050 e
1772 3993 1941 4050 terra
1974 3982 2177 4048 editas
2214 3981 2603 4068 accepimus3

553 4093 720 4158 quae
772 4088 988 4144 tamen
1039 4079 1271 4146 ductae
1321 4091 1394 4145 ut
1446 4080 1516 4147 in
1565 4101 1703 4146 rem
1756 4087 1903 4163 apte
1956 4076 2188 4143 cadant
2237 4079 2378 4148 fieri
2417 4074 2604 4142 credo
