3292 4559
679 259 1115 317 PARADOXA
1149 257 1596 317 s'rmcomm
1611 259 1721 330 111,
1739 258 1825 313 25.
1844 258 1929 315 26.
1966 258 2333 330 1v,2·1-30.
2415 248 2541 315 123

484 397 582 453 est
623 385 795 451 enim
839 383 1104 449 civitas?
1169 384 1459 451 omnisne
1505 394 1855 453 conventus
1911 383 2103 449 etiam
2147 384 2430 452 ferorum
2476 396 2541 453 et

481 480 874 546 inmanium?
909 477 1200 543 omnisne
1233 477 1428 544 etiam
1463 477 1887 563 fugitivorum
1925 499 2002 543 ac
2034 478 2355 543 latronum
2390 500 2541 545 con-

481 586 752 662 gregata
785 596 986 639 unum
1020 573 1089 637 in
1122 574 1338 637 locum
1371 572 1759 637 multitudo?
1828 582 1998 640 certe
2034 574 2323 660 negabis.
2410 596 2541 639 11011

479 670 676 756 igitur
723 678 860 734 erat
901 658 1012 733 illa
1055 678 1194 733 tum
1237 668 1490 744 civitas,
1537 688 1687 733 cum
1730 667 1907 753 leges
1950 669 2019 733 in
2064 690 2143 734 ea
2176 668 2333 734 nihil
2368 670 2548 735 vale·-

480 764 664 842 bant,
711 784 861 829 cum
903 762 1142 827 iudicia
1183 762 1508 839 iacebant,
1555 784 1703 829 cum
1746 785 1887 827 mos
1920 763 2165 849 patrius
2200 764 2539 843 occiderat,

479 880 628 924 cum
671 857 842 924 ferro
891 856 1094 943 pulsis
1132 856 1614 942 magistratibus
1651 867 1909 922 senatus
1944 877 2179 923 nomen
2212 859 2282 923 in
2316 880 2385 925 re
2415 882 2539 944 pu-

477 954 650 1019 blica
698 974 832 1018 non
884 960 1048 1029 erat3
1153 950 1506 1017 raedonum
1577 951 1685 1017 ille
1748 972 2095 1017 concursus
2148 962 2213 1017 et
2262 962 2325 1017 te
2379 953 2541 1018 duce

476 1046 886 1113 latrocinium
917 1046 988 1110 in
1021 973 1162 1110 sog
1199 1045 1614 1110 constitutum
1647 1055 1714 1109 et
1747 1044 2053 1129 reliquiae
2086 1044 2541 1113 coniurationis

480 1165 522 1205 a
557 1138 878 1207 Catilinae
921 1139 1104 1205 furiis
1149 1138 1234 1205 ad
1277 1149 1464 1205 tuum
1503 1138 1711 1204 scelus
1746 1139 2159 1225 furoremque
2192 1162 2541 1206 conversae

478 1257 612 1300 non
664 1234 888 1301 civitas
940 1245 1097 1300 erat.
1183 1233 1402 1319 itaque
1455 1234 1681 1320 pulsus
1728 1256 1851 1320 ego
1896 1234 2155 1301 civitate
2198 1257 2329 1300 11011
2373 1258 2535 1312 sum,

481 1350 650 1416 quae
691 1330 873 1395 nulla
905 1339 1070 1395 erat:
1125 1328 1471 1395 accersitus
1505 1328 1574 1393 in
1610 1328 1932 1394 civitatem
1968 1352 2140 1407 sum,
2188 1350 2336 1395 cum
2372 1340 2541 1396 esset

481 1426 552 1490 in
592 1447 664 1490 re
707 1424 968 1511 publica
1001 1423 1254 1500 consul,
1299 1423 1412 1507 qui
1432 1432 1584 1488 -tum
1617 1424 1833 1487 nullus
1868 1422 2108 1503 fuerat,
2152 1436 2323 1491 esset
2356 1446 2541 1491 sena·

479 1534 616 1599 tus,
679 1521 792 1605 qui
854 1528 1022 1584 tum¹
1053 1518 1401 1596 occiderat,
1465 1528 1634 1585 esset
1688 1540 2035 1585 consensus
2084 1520 2307 1606 populi
2356 1521 2544 1597 liber,

481 1627 649 1682 esset
681 1614 838 1680 iuris
875 1625 940 1681 et
973 1612 1312 1698 aequitatis
1325 1660 1346 1691 ,
1380 1634 1548 1697 quae
1583 1611 1799 1677 vincla
1832 1623 1985 1677 sunt
2018 1613 2319 1690 civitatis,
2356 1618 2541 1700 re'pe-

479 1711 599 1776 tita
637 1708 966 1775 memoria.
1055 1730 1132 1773 ac
1177 1707 1328 1773 vide
1361 1728 1556 1791 quam
1592 1707 1717 1772 ista
1748 1706 1845 1771 tui
1877 1707 2191 1773 latrocinii
2225 1708 2355 1774 tela
2388 1730 2540 1773 con-

481 1802 877 1890 tempserimz
939 1802 1172 1867 iactam
1236 1811 1300 1867 et
1357 1801 1690 1865 inmissam
1742 1824 1785 1865 a
1837 1813 1901 1867 te
1950 1802 2263 1867 nefariam
2315 1802 2383 1868 in
2433 1822 2539 1867 me

480 1896 780 1965 iniuriam
823 1918 1074 1981 semper
1113 1895 1302 1973 duxi,
1353 1894 1723 1981 pervenisse
1768 1895 1853 1961 ad
1896 1918 1999 1962 me
2034 1918 2386 1982 numquam
2420 1920 2541 1983 pu-

477 1994 643 2073 tavi,
687 1994 812 2059 nisi
844 1992 1040 2070 forte,
1087 2014 1237 2057 cum
1271 1990 1546 2077 parietes
1585 1992 1991 2059 disturbabas
2026 2005 2138 2059 aut
2172 2016 2321 2060 cum
2354 1995 2541 2061 tectis

484 2090 823 2155 sceleratas
883 2086 1060 2152 faces
1117 2085 1439 2152 inferebas
1452 2134 1470 2164 ,
1533 2110 1823 2153 meorum
1883 2088 2127 2173 aliquid
2188 2112 2374 2155 ruere
2428 2101 2540 2155 aut

483 2184 836 2269 deflagrare
906 2180 1328 2246 arbitrabare:
1397 2180 1559 2247 nihil
1620 2203 1830 2265 neque
1890 2204 2107 2248 meum
2171 2194 2268 2249 est
2327 2206 2537 2269 neque

483 2278 882 2361 cuiusquam,
919 2276 1094 2360 quod
1129 2274 1386 2352 auferri,
1425 2275 1598 2359 quod
1633 2276 1822 2361 eripi,
1859 2276 2033 2361 quod
2070 2278 2272 2343 amitti
2308 2289 2536 2364 potest.

481 2373 535 2437 si
569 2372 726 2438 mihi
763 2370 1106 2458 eripuisses
1141 2370 1426 2436 divinam
1461 2372 1659 2436 animi
1691 2372 1819 2439 mei
1857 2372 2341 2453 conscientiam,
2378 2376 2537 2441 meis

481 2466 678 2545 curis,
731 2464 995 2553 vigiliis,
1049 2464 1327 2530 consiliis
1383 2476 1552 2530 stare
1605 2475 1671 2531 te
1722 2466 2100 2533 invitissimo
2146 2490 2283 2535 rem
2314 2470 2538 2563 publi-

481 2583 651 2638 cam,
716 2560 772 2625 si
826 2559 1016 2625 huius
1069 2558 1313 2625 aeterni
1364 2559 1659 2625 beneficii
1708 2560 2112 2627 inmortalem
2164 2564 2538 2629 memoriam

480 2654 852 2731 delevisses,
903 2654 1105 2718 multo
1158 2653 1350 2719 etiam
1401 2655 1609 2739 magis
1623 2701 1641 2731 ,
1698 2654 1751 2719 si
1792 2655 1969 2720 illam
2013 2668 2321 2734 mentem,
2366 2658 2539 2723 unde

478 2750 638 2815 haec
673 2747 937 2813 consilia
969 2759 1340 2824 manarunt,
1385 2748 1546 2811 mihi
1589 2748 1976 2833 eripuisses,
2006 2759 2144 2815 tum
2189 2772 2311 2835 ego
2356 2772 2540 2816 acce-

478 2844 648 2929 pisse
689 2866 795 2909 me
843 2842 1176 2907 confiterer
1208 2841 1537 2919 iniuriam3
1585 2843 1701 2908 sed
1736 2843 1793 2908 si
1827 2843 1987 2909 haec
2020 2865 2142 2910 nec
2174 2844 2386 2910 fecisti
2417 2868 2539 2911 nec

477 2937 692 3002 facere
725 2934 1008 3021 potuisti,
1042 2934 1320 3000 reditum
1356 2934 1515 2999 mihi
1551 2936 1903 3021 gloriosum
1937 2937 2167 3004 iniuria
2202 2949 2313 3004 tua
2341 2940 2537 3018 dedit,

479 3053 606 3096 non
642 3030 886 3096 exitum
921 3028 1380 3096 calamitosum.
1452 3052 1608 3119 ergo
1643 3052 1767 3117 ego
1802 3054 2055 3118 semper
2088 3032 2265 3111 civis,
2300 3044 2365 3101 01
2399 3044 2539 3099 111111

479 3125 784 3203 maxime,
833 3146 980 3189 cum
1023 3144 1234 3190 meam
1277 3124 1552 3193 salutem
1588 3136 1849 3192 senatus
1884 3126 2116 3192 exteris
2150 3128 2535 3207 nationibus,

477 3233 546 3285 ut
580 3220 738 3285 civis
774 3218 1016 3306 optumi
1029 3266 1047 3295 ,
1085 3218 1603 3296 commendabat,
1652 3231 1723 3285 tu
1757 3242 1844 3287 ne·
1872 3243 2046 3287 nunc
2080 3223 2369 3307 quidem,
2412 3224 2538 3289 nisi

477 3314 645 3381 forte
685 3313 858 3379 idem
901 3312 1102 3378 hostis
1145 3334 1287 3379 esse
1329 3326 1392 3379 et
1441 3314 1598 3379 civis
1642 3325 1875 3399 potest.
1966 3338 2049 3383 an
2082 3326 2155 3381 tu
2201 3317 2408 3383 civem
2452 3317 2537 3382 ab

477 3408 662 3473 hoste
712 3417 950 3473 natura·
994 3426 1071 3472 ac
1119 3406 1292 3484 1000,
1349 3428 1479 3473 11011
1524 3408 1739 3473 animo
1789 3408 2104 3494 factisque
2156 3408 2537 3497 distinguis?

478 3503 740 3568 caedem
801 3501 869 3567 in
928 3501 1070 3567 foro
1122 3500 1366 3580 fecisti,
1431 3502 1695 3567 armatis
1744 3500 2098 3568 latronibus
2150 3504 2390 3589 templa
2442 3513 2535 3569 te-

476 3597 668 3663 nuisti
681 3646 702 3676 ,
752 3597 1148 3684 privatorum
1199 3596 1424 3661 domos
1438 3644 1456 3674 ,
1511 3597 1689 3663 aedis
1740 3617 1954 3663 sacras
1999 3596 2366 3663 incendistiz
2420 3620 2537 3663 cur

477 3691 676 3757 hostis
715 3690 1094 3778 Spartacus,
1139 3690 1196 3756 si
1230 3701 1301 3756 tu
1337 3690 1534 3757 civis?
1603 3702 1787 3777 potes
1822 3701 2039 3758 autem
2074 3713 2214 3758 esse
2250 3702 2321 3757 tu
2356 3691 2533 3768 civis,

477 3797 738 3873 propter
769 3808 963 3871 quem
999 3786 1343 3869 aliquando
1379 3784 1604 3851 civitas
1637 3782 1771 3851 non
1804 3785 1965 3851 fuit?
2034 3796 2100 3852 01
2132 3808 2235 3852 1110
2271 3796 2385 3851 1110
2418 3806 2535 3851 no·-

475 3878 650 3944 mine
693 3880 1003 3965 appellas,
1051 3902 1198 3945 cum
1240 3902 1462 3947 omnes
1505 3903 1651 3947 meo
1696 3880 1982 3947 discessu
2026 3880 2351 3946 exsulasse
2396 3902 2533 3945 rem

475 3972 800 4061 publicam
849 3976 1116 4060 putent?
1181 3998 1646 4061 numquamne,
1710 3975 1903 4041 homo
1957 3975 2415 4051 amentissime,
2468 3983 2533 4040 te

475 4068 986 4154 circumspicies?
1053 4092 1406 4157 numquam
1465 4094 1584 4138 nec
1638 4072 1794 4156 quid
1847 4070 2047 4136 facias
2102 4068 2533 4136 considerabis

2572 2169 2695 2245 29ι
