3292 4559
1220 244 1563 304 TIMAEUS
1591 247 1832 302 10-11.
2131 241 2136 247 '
2431 239 2552 304 141
2621 305 2625 308 ,

478 371 711 458 piatur
758 368 961 434 labor.
1050 368 1164 434 8οᾶ
1206 367 1368 434 haec
1414 370 1565 435 satis
1614 370 1742 434 sint
1784 371 1954 436 dicta
2001 342 2216 449 nobis,
2261 393 2554 457 quaeque

487 464 574 529 de
615 463 902 539 deorum,
940 462 1053 545 qui
1087 474 1435 528 cernuntur
1468 465 1708 548 quique
1745 476 1896 530 sunt
1929 467 2071 544 orti,
2105 476 2336 532 natura
2370 491 2554 553 prae-

485 557 611 622 fati
648 580 891 632 sumus,
927 557 1209 622 habeant
1242 558 1416 622 hunc
1450 559 1812 624 terminum.

624 651 1047 734 Reliquorum
1083 662 1329 730 autem,
1374 653 1537 737 quos
1576 652 1816 720 Graeci
1856 653 2174 736 δαίμονας
2209 656 2552 742 appellant,
2588 665 2658 720 11

484 747 722 824 nostri,
770 748 1026 832 opinor,
1068 747 1308 826 Lares,
1356 749 1411 813 si
1453 749 1647 814 modo
1683 749 1804 816 hoc
1838 760 2010 815 recte
2047 771 2423 816 conversum
2459 751 2555 815 vi-

488 841 629 906 deri
673 851 914 926 potest,
960 853 1023 906 et
1066 863 1255 906 nosse
1298 853 1365 908 et
1410 843 1744 909 enuntiare
1781 854 1991 908 ortum
2030 841 2310 930 [eorum]
2346 846 2552 909 maius

488 945 587 1000 est
640 956 837 1018 quam
886 946 961 1000 ut
1012 935 1293 1021 profiteri
1338 959 1463 1000 nos
1511 937 1788 1002 scribere
1843 937 2221 1002 audeamus:
2293 937 2568 1004 creden-v

488 1029 649 1094 dum
683 1030 984 1093 nimirum
1020 1040 1117 1094 est
1156 1031 1483 1095 veteribus
1518 1041 1582 1095 et
1614 1031 1864 1117 priscis,
1899 1041 1972 1096 ut
1999 1031 2201 1108 aiunt,
2233 1031 2404 1107 viris,
2441 1031 2554 1114 qui

488 1146 561 1188 se
596 1124 971 1209 progeniem
1008 1124 1273 1188 deorum
1311 1147 1451 1189 esse
1488 1125 1815 1202 dicebant,
1851 1125 2068 1209 itaque
2104 1147 2326 1190 eorum
2362 1146 2552 1189 voca-

485 1217 647 1280 bula
689 1216 877 1280 nobis
919 1218 1353 1303 prodiderunt.
1442 1240 1629 1284 nosse
1675 1229 1893 1285 autem
1936 1228 2344 1306 generatores
2401 1241 2550 1282 suos

486 1310 731 1396 optime
774 1309 1099 1396 poterant,
1146 1334 1224 1378 ac
1270 1312 1530 1378 difficile
1573 1313 1753 1378 factu
1789 1326 1888 1380 est
1921 1338 1962 1380 a
1997 1315 2133 1380 deis
2168 1314 2322 1378 ortis
2357 1313 2551 1378 fidem

484 1427 623 1469 non
673 1405 942 1483 habere,
996 1429 1388 1491 quamquam
1432 1429 1553 1472 1100
1596 1409 1990 1493 argumentis
2033 1431 2156 1473 nec
2197 1407 2548 1472 rationibus

486 1498 681 1564 certis
718 1521 940 1564 eorum
976 1502 1177 1565 oratio
1214 1502 1643 1580 confirmatur,
1691 1503 1805 1568 sed
1841 1503 1996 1612 quia
2031 1504 2112 1567 de
2149 1503 2281 1568 suis
2319 1499 2546 1588 [notis]
2633 1527 2638 1533 ·

480 1593 683 1658 rebus
728 1593 1027 1659 videntur
1058 1595 1266 1678 loqui,
1315 1596 1514 1660 veteri
1548 1596 1680 1682 legi
1716 1597 2005 1680 morique
2038 1596 2395 1683 parendum
2431 1604 2546 1660 est.

484 1687 580 1751 sic
624 1687 851 1774 igitur,
899 1699 972 1752 ut
1015 1689 1099 1752 ab
1142 1689 1241 1753 his
1286 1701 1383 1754 est
1404 1708 1407 1712 ’
1428 1691 1763 1768 traditum,
1809 1691 2036 1754 horum
2072 1691 2338 1756 deorum
2373 1699 2548 1754 ortus

481 1781 805 1846 habeatur
839 1792 1033 1866 atque
1071 1783 1349 1861 dicatur,
1392 1793 1465 1848 ut
1502 1782 1842 1850 Oceanum
1882 1783 2331 1868 Salaciamque
2349 1781 2549 1847 Caeli

485 1882 635 1940 satu
678 1876 1046 1961 Terraeque
1102 1888 1417 1964 conceptu
1469 1890 1808 1964 generatos
1862 1880 2193 1962 editosque
2235 1898 2548 1943 memore-

480 1993 662 2047 mus,
708 1993 789 2036 ex
831 1970 931 2034 his
972 1969 1327 2036 Saturnum
1364 1982 1429 2036 et
1464 1971 1716 2057 Opem,
1762 1973 2062 2059 deinceps
2095 1972 2322 2037 Iovem
2355 1983 2546 2054 atque

480 2065 826 2142 Iunonem,
860 2066 1161 2149 reliquos,
1200 2089 1350 2152 quos
1386 2065 1614 2132 fratres
1647 2067 1816 2131 inter
1843 2089 1912 2132 se
1938 2076 2335 2162 agnatosque
2362 2086 2548 2129 usur-

480 2159 627 2244 pari
663 2168 853 2242 atque
890 2160 1199 2267 appellari
1225 2161 1539 2237 videmus,
1575 2171 1639 2225 et
1666 2181 1908 2237 eorum,
1945 2171 2019 2224 ut
2043 2170 2301 2224 utamur
2327 2169 2544 2224 vetere

480 2252 715 2329 verbo,
748 2253 1133 2338 prosapiam.
1222 2253 1482 2336 quando
1516 2253 1718 2339 igitur
1752 2275 2004 2330 omnes,
2040 2263 2102 2318 et
2136 2253 2249 2338 qui
2281 2275 2546 2318 moven-

478 2358 593 2411 tur
641 2346 985 2431 palamque
1032 2369 1101 2412 se
1147 2349 1492 2413 ostendunt
1534 2359 1599 2414 et
1642 2348 1756 2432 qui
1801 2358 2064 2414 eatenus
2107 2348 2290 2413 nobis
2335 2349 2546 2413 decla-

481 2451 737 2517 rantur,
774 2461 903 2523 qua
935 2441 1061 2525 ipsi
1096 2442 1349 2518 volunt,
1388 2443 1583 2508 creati
1620 2453 1798 2520 sunt,
1837 2452 1976 2506 tum
2013 2443 2096 2507 ad
2131 2465 2241 2508 eos
2275 2442 2330 2507 is
2367 2443 2544 2518 deus,

482 2535 598 2620 qui
634 2534 847 2599 omnia
880 2535 1123 2620 genuit,
1160 2533 1360 2600 fatur:
1400 2536 1591 2602 ‘haec
1625 2559 1761 2615 vos,
1798 2537 1909 2621 qui
1945 2537 2212 2603 deorum
2249 2547 2392 2601 satu
2417 2537 2542 2602 orti

484 2629 669 2706 estis,
716 2628 1049 2693 attendite:
1104 2651 1379 2712 quorum
1427 2652 1695 2716 operum
1731 2653 1855 2716 ego
1889 2653 2122 2717 parens
2155 2631 2544 2713 effectorque

481 2744 661 2799 sum,
705 2722 865 2786 haec
901 2733 1050 2786 sunt
1082 2723 1463 2789 indissoluta
1495 2747 1599 2790 me
1636 2725 1840 2789 invito
1852 2748 1871 2802 ;
1928 2745 2319 2809 quamquam
2356 2745 2544 2787 omne

480 2816 878 2902 conligatum
912 2817 1074 2881 solvi
1107 2829 1347 2903 potest,
1394 2819 1509 2882 sed
1555 2819 1732 2882 haud
1769 2840 2092 2901 quaquam
2126 2816 2279 2879 boni
2311 2827 2410 2880 est
2441 2839 2545 2880 ra-
2585 2860 2588 2866 ,

478 2911 659 2975 tione
702 2911 989 2976 vinctum
1032 2913 1196 2977 velle
1242 2913 1606 2978 dissolvere.
1698 2912 1812 2976 8οᾶ
1858 2912 2160 2995 quoniam
2205 2910 2356 2974 estis
2403 2909 2542 2986 orti,

482 3005 853 3069 inmortales
888 3026 1005 3069 vos
1040 3006 1300 3088 quidem
1337 3028 1475 3071 esse
1513 3016 1577 3071 et
1606 3005 2077 3070 indissolubiles
2103 3025 2233 3068 non
2254 3003 2543 3089 potestis,

481 3097 861 3181 neutiquam
913 3109 1128 3164 tamen
1180 3099 1643 3176 dissolvemini,
1707 3119 1918 3180 neque
1973 3119 2086 3162 vos
2138 3098 2272 3162 ulla
2321 3098 2542 3162 mortis
2582 3137 2590 3146 -

482 3191 623 3255 fata
655 3203 986 3276 perement
1020 3215 1139 3258 nec
1174 3193 1350 3258 fraus
1378 3193 1692 3258 valentior
1719 3213 1914 3276 quam
1943 3192 2276 3258 consilium
2307 3215 2541 3269 meum,

483 3285 663 3368 quod
696 3286 903 3351 maius
940 3297 1038 3352 est
1065 3288 1392 3353 vinculum
1422 3287 1503 3353 ad
1530 3287 2020 3373 perpetuitatem
2047 3297 2323 3352 vestram
2349 3307 2543 3368 quam

479 3379 618 3454 illa,
655 3379 887 3462 quibus
922 3381 1073 3446 estis
1109 3391 1267 3459 tum,
1308 3404 1457 3446 cum
1490 3380 1952 3468 gignebamini,
1987 3380 2306 3464 conligati.
2387 3379 2543 3461 quid

478 3472 759 3540 sentiam
794 3473 991 3559 igitur
1026 3477 1420 3562 cognoscite.
1468 3476 1591 3540 tria
1624 3497 1864 3560 genera
1894 3473 2080 3538 nobis
2114 3473 2360 3556 reliqua
2394 3483 2543 3536 sunt

482 3587 691 3650 eaque
725 3569 1045 3646 mortalia,
1090 3570 1325 3654 quibus
1360 3569 1821 3656 praetermissis
1857 3568 2017 3634 caeli
2051 3565 2364 3631 absolutio
2399 3587 2544 3650 per-

481 3662 657 3728 fecta
700 3683 831 3728 non
876 3665 1023 3741 erit3
1078 3665 1291 3729 omnia
1336 3665 1505 3730 enim
1539 3686 1780 3750 genera
1818 3663 2189 3728 animalium
2225 3661 2542 3745 conplexu

480 3777 616 3820 non
668 3753 939 3834 tenebit3
994 3768 1208 3824 teneat
1260 3769 1475 3823 autem
1529 3757 1879 3843 oportebit,
1931 3765 2005 3820 ut
2055 3778 2135 3821 ex
2189 3755 2414 3820 eodem
2456 3776 2540 3818 ne

480 3847 641 3933 quid
676 3850 863 3914 absit.
936 3872 1101 3934 quae
1137 3875 1177 3916 a
1211 3875 1317 3920 me
1350 3853 1491 3938 ipso
1528 3851 1758 3916 effecta
1787 3853 1843 3915 si
1868 3850 2014 3927 sint,
2051 3849 2316 3915 deorum
2341 3847 2542 3913 vitam

480 3945 734 4030 possint
768 3945 1128 4030 adaequare
1138 3970 1157 4024 3
1206 3957 1278 4011 ut
1311 3946 1509 4032 igitur
1543 3945 1794 4010 mortali
1829 3944 2197 4009 condicione
2233 3964 2540 4028 generen-

478 4049 619 4117 tur,
682 4061 797 4106 vos
850 4040 1180 4126 suscipite,
1234 4051 1307 4106 ut
1358 4041 1470 4106 illa
1518 4040 1829 4126 gignatis,
1890 4038 2352 4123 imitaminique
2404 4037 2537 4102 vim
