3292 4559
798 222 930 288 158
1402 180 1482 287 n
1517 230 1793 288 'runnu
1826 226 2228 287 cmmoms

800 361 1017 435 visset,
1055 356 1349 422 docuisse
1385 355 1542 421 civis
1579 374 1731 419 suos
1768 353 2026 431 dicitur,
2068 353 2138 418 id
2170 349 2342 438 quod
2375 353 2514 439 ipse
2548 355 2623 418 ab
2657 354 2798 416 Ana·

797 474 1067 540 nagera,
1102 453 1286 517 cuius
1321 451 1575 516 auditor
1606 450 1845 526 fuerat,
1881 461 2243 535 acceperat,
2288 460 2462 514 certo
2495 449 2646 513 illud
2673 459 2800 514 tem-
2920 506 2921 554 ᾖ

798 571 947 632 1310oe
997 547 1137 613 fieri
1186 558 1253 612 et
1302 544 1662 612 necessario
1673 591 1693 622 ,
1743 565 1894 609 cum
1946 555 2084 608 tota
2137 565 2206 609 se
2255 544 2413 608 luna
2464 544 2581 608 sub
2620 543 2803 608 orbem

794 644 942 706 solis
1004 639 1407 706 subiecisset:
1475 639 1694 723 itaque
1757 638 1876 703 etsi
1928 659 2060 702 non
2110 637 2286 702 omni
2336 636 2805 713 intermenstruo,

794 758 1008 801 tamen
1068 735 1138 799 id
1195 734 1335 800 fieri
1388 756 1518 800 non
1579 754 1771 820 posse
1820 731 1947 797 nisi
1998 733 2492 798 intermenstruo
2541 744 2804 818 tempore.

794 856 854 916 p„
894 827 1072 916 279.]
1117 830 1291 914 qnod
1337 851 1486 894 cum
1528 828 1918 914 disputando
1964 826 2464 910 ratiolnibnsque
2509 825 2804 901 docniaeet,

794 925 1102 1008 populum
1150 924 1446 990 liberavit
1496 935 1706 1000 metu3
1760 935 1898 988 erat
1951 923 2122 988 enim
2172 934 2310 987 tum
2361 924 2527 989 haec
2573 943 2724 988 nova
2758 935 2807 987 et

794 1024 1010 1104 ignota
1052 1019 1243 1097 ratio,
1292 1021 1492 1085 solem
1524 1019 1718 1084 lunae
1753 1017 2053 1104 oppositu
2088 1018 2292 1083 solere
2329 1017 2629 1095 deficere,
2666 1016 2804 1102 quod

794 1114 1129 1180 Thaletem
1180 1113 1512 1178 Milesium
1566 1113 1846 1198 primum
1898 1112 2135 1178 vidisse
2187 1111 2431 1178 dicunt.
2517 1113 2583 1176 id
2631 1122 2802 1176 autem

790 1219 1011 1292 Jmstea
1042 1229 1125 1272 ne
1158 1218 1448 1272 nostrum
1483 1207 1746 1290 quidem
1779 1203 2064 1270 Ennium
2097 1205 2297 1293 fugit,
2343 1206 2461 1291 qui
2504 1218 2574 1272 ut
2606 1204 2802 1279 scribit,

790 1324 956 1366 mmo
1035 1301 1483 1367 trecentesimo
1553 1300 2086 1385 quinquagesimo
2154 1301 2291 1366 fere
2359 1311 2510 1387 post
2574 1299 2803 1366 Romam

790 1394 1108 1459 conditam

1152 1529 1358 1595 Nonis
1392 1530 1574 1596 Iunis
1611 1530 1731 1595 soli
1764 1530 1918 1596 luna
1951 1529 2195 1595 obstitit
2229 1544 2293 1596 et
2326 1554 2482 1596 nox.

790 1704 850 1760 p.
870 1673 1050 1762 :3803
1088 1686 1279 1760 atque
1305 1675 1428 1740 hac
1455 1674 1524 1739 in
1548 1697 1617 1740 re
1635 1684 1816 1740 tanta
1839 1675 2007 1741 inest
2022 1677 2186 1740 ratio
2203 1686 2402 1760 atque
2429 1676 2707 1749 sollertia,
2725 1673 2733 1758 Ι
2749 1687 2805 1737 ut

790 1796 868 1836 ss:
918 1771 1043 1836 hoc
1096 1771 1230 1848 die,
1273 1790 1465 1853 quem
1513 1769 1688 1855 apud
1733 1768 2018 1834 Ennium
2071 1781 2138 1836 et
2185 1771 2254 1835 in
2304 1770 2602 1836 maximis
2643 1790 2804 1833 anna-

790 1868 953 1931 libus
997 1865 1443 1951 consignatum
1486 1864 1810 1942 videmus,
1854 1865 2212 1950 superiores
2259 1866 2414 1930 solis
2461 1863 2802 1931 defectiones

790 1971 1118 2047 reputatae
1164 1961 1290 2026 sint
1334 1979 1540 2042 usque
1586 1958 1671 2023 ad
1714 1959 1920 2038 illam,
1966 1981 2132 2042 quae
2165 1959 2372 2024 Nonis
2411 1955 2800 2042 Quinctilibus

793 2060 830 2116 1⁴1
838 2056 909 2120 lit
939 2066 1253 2141 regnante
1280 2053 1590 2131 Romu103
1627 2053 1862 2137 quibus
1897 2054 2158 2139 quidem
2176 2053 2532 2120 Romulum
2566 2050 2800 2118 tenebris
2920 2086 2921 2150 3

790 2152 979 2214 etism
1033 2151 1089 2214 si
1140 2159 1371 2214 natura
1423 2149 1505 2212 ad
1559 2148 1913 2212 humanum
1964 2148 2206 2212 exitum
2268 2148 2580 2236 abripuit,
2636 2145 2800 2210 virtus

718 2316 746 2335 .-.
790 2264 999 2311 tamen
1031 2245 1101 2310 in
1135 2244 1383 2310 caelum
1418 2242 1653 2308 dicitur
1687 2243 2057 2308 sustulisse.'

690 2336 742 2422 2:
910 2338 1084 2403 Tum
1126 2337 1415 2403 Tubero:
1477 2336 1803 2413 ‘videsne,
1850 2337 2159 2402 Africane
2171 2383 2191 2414 ,
2239 2336 2422 2421 quod
2462 2335 2646 2424 paulo
2683 2340 2797 2396 ante

786 2453 967 2496 secus
1003 2429 1121 2494 tibi
1155 2431 1511 2506 videbatur,
1549 2429 1673 2494 doc
1706 2430 1743 2466 ⁴¹*
1780 2430 1817 2466 ⁴¹*
1853 2431 1890 2467 ⁴*

1256 2521 1740 2609 [Desiderantur
1762 2528 2041 2611 payinae
2073 2522 2281 2610 duaa]
2537 2598 2547 2613 ἱ

782 2640 846 2700 Ρ,
886 2615 1061 2703 121.]
1107 2616 1143 2652 ⁴*
1180 2617 1216 2653 ⁴*
1251 2619 1288 2652 ⁴*
1326 2612 1337 2702 Ι
1374 2616 1473 2693 lis,
1508 2638 1676 2701 quae
1711 2618 1973 2684 videant
2008 2619 2220 2685 ceteri.
2309 2619 2468 2703 quid
2502 2636 2677 2706 porro
2705 2620 2793 2676 aut
2916 2701 2917 2706 γ

782 2713 1177 2800 praeclarum
1228 2721 1411 2797 putet
1464 2711 1533 2776 in
1582 2712 1779 2777 rebus
1832 2712 2158 2790 humanis,
2210 2713 2324 2797 qni
2367 2714 2531 2780 haec
2570 2712 2793 2776 deorum
2916 2713 2917 2719 ’

782 2830 981 2892 mgna
1019 2805 1441 2892 perspexerit,
1497 2819 1610 2871 aut
1654 2806 2052 2884 diuturnum,
2107 2807 2219 2890 qui
2265 2807 2629 2893 cognoverit
2665 2796 2793 2886 quid

782 2904 861 2964 ait,
905 2913 1263 2978 aeternum,
1308 2912 1419 2964 aut
1452 2901 1834 2987 gloriosum,
1879 2899 1993 2986 qui
2029 2901 2260 2966 viderit
2294 2924 2491 2986 quam
2523 2918 2703 2986 parva
2729 2891 2792 2955 sit

782 3016 973 3072 terra,
1017 2995 1299 3081 primum
1342 2995 1671 3074 universa,
1718 2994 1948 3060 deinde
1985 3018 2062 3060 ea
2095 3017 2244 3081 pars
2279 2997 2451 3074 eius,
2493 3014 2673 3079 quam
2701 2987 2793 3092 hq-
2914 3047 2915 3085 }

782 3092 979 3152 mines
1013 3089 1312 3165 incolant,
1349 3110 1673 3174 quamque
1705 3111 1824 3154 nos
1859 3090 1926 3153 in
1961 3088 2196 3175 exigua
2231 3089 2368 3155 eius
2403 3099 2580 3175 parte
2612 3082 2789 3152 adfin,

778 3181 1066 3264 J:·1urimis
1111 3180 1490 3267 ignotissimi
1531 3182 1861 3270 gentibus,
1907 3205 2236 3268 speremus
2290 3195 2506 3249 tamen
2545 3188 2789 3245 nostrum

714 3296 730 3332 τ
782 3300 842 3356 μ.
882 3272 1056 3360 122]
1096 3297 1331 3341 nomen
1366 3277 1633 3341 volitare
1668 3288 1733 3342 et
1766 3277 1990 3363 vagari
2027 3274 2039 3364 Ι
2075 3277 2400 3342 latissime.
2465 3295 2644 3362 agros
2666 3285 2788 3334 vero

782 3384 842 3432 et
909 3369 1199 3435 aedificia
1268 3381 1334 3435 et
1400 3370 1681 3456 pecudes
1728 3379 1792 3436 et
1848 3371 2212 3436 inmensum
2271 3371 2520 3458 argenti
2576 3361 2786 3454 pondu⁸

778 3480 968 3548 atque
1032 3465 1172 3528 auri
1223 3462 1339 3549 qui
1390 3465 1561 3529 bona
1612 3486 1734 3530 nec
1784 3475 2012 3551 putare
2060 3488 2182 3532 nec
2234 3466 2557 3552 appellare
2606 3458 2782 3526 soleat,

778 3558 948 3640 qnod
998 3579 1219 3622 earum
1274 3580 1490 3623 rerum
1540 3559 1837 3626 videatur
1889 3560 1948 3626 ei
1998 3560 2159 3626 levis
2211 3561 2487 3637 fructus,
2555 3555 2781 3639 exiguus

778 3675 951 3730 usus,
984 3651 1263 3718 incertus
1301 3654 1696 3733 dominatus,
1743 3677 1935 3741 saepe
1972 3655 2164 3720 etiam
2199 3654 2667 3721 deterrimorum
2692 3644 2786 3708 110·

778 3748 1018 3828 minum
1060 3745 1352 3813 inmensa
1394 3748 1742 3833 possessio,
1789 3770 1983 3833 quam
2028 3759 2128 3816 est
2169 3749 2275 3815 hic
2315 3749 2661 3815 fortunatus
2689 3757 2784 3824 pu·

774 3839 1033 3905 mucius!
1103 3841 1209 3906 oui
1260 3840 1378 3905 soli
1430 3863 1579 3908 vere
1623 3841 1816 3908 liceat
1859 3841 2074 3909 omnia
2116 3863 2249 3909 non
2282 3841 2648 3924 Quiritium,
2694 3825 2785 3896 Sed

774 3956 834 4016 1*—
878 3932 1050 4022 139.]
1099 3935 1481 4022 sapientium
1525 3937 1665 4003 iure
1709 3958 1827 4024 pro
1877 3938 2012 4003 suis
2064 3937 2434 4022 vindicalre,
2487 3955 2602 4001 neo
2641 3920 2783 3995 civili

774 4048 967 4103 nexo,
1011 4029 1125 4093 sed
1172 4031 1497 4096 communi
1530 4032 1678 4116 lege
1711 4040 2009 4111 naturae,
2045 4053 2211 4118 quae
2246 4042 2422 4097 vetat
2453 4029 2641 4096 ullam
2671 4037 2782 4103 rem
