3292 4559
936 307 1042 362 DE
1075 305 1405 365 DEORUM
1437 305 1765 364 NATURA
1798 305 2153 362 11.72-78.
2494 293 2580 360 63

521 432 722 510 xime,
777 429 889 516 qui
922 429 1044 495 ista
1077 428 1353 516 peperit,
1407 429 1733 494 hominem
1770 429 1905 495 sine
1940 440 2103 507 arte,
2155 429 2293 494 sine
2336 429 2579 510 litteris,

519 524 982 592 insultantem
963 548 1032 590 ιιι
1067 524 1294 600 omnis,
1329 546 1464 590 sme
1501 522 1795 589 acumine
1830 522 1983 602 ullo,
2018 524 2154 590 sine
2184 525 2579 604 auctoritate,

517 621 656 686 sine
689 621 925 704 lepore.
1015 618 1158 683 dico
1192 618 1391 704 igitur
1433 617 1836 704 providentia
1868 615 2137 684 deorum
2168 618 2483 684 mundum
2518 631 2583 686 et
2614 619 2686 675 30

517 715 726 782 omnis
759 715 986 782 mundi
1017 715 1216 802 partis
1246 725 1312 782 et
1343 714 1522 780 initio
1551 713 1927 780 constitutas
1964 737 2103 780 esse
2130 725 2194 780 et
2221 715 2397 780 omni
2420 726 2581 782 tem-
2623 697 2675 738 ⁷⁵

519 833 672 898 pore
725 808 1182 886 administrari,
1235 829 1506 894 eamque
1558 808 2055 895 disputationem
2108 809 2221 875 tris
2262 809 2332 874 in
2382 811 2581 896 partis

519 905 720 972 nostri
753 904 888 971 fere
923 904 1248 982 dividunt,
1294 926 1568 989 quarum
1601 903 1811 990 prima
1846 901 2059 991 [pars]
2097 914 2225 982 est,
2261 926 2427 989 quae
2463 905 2583 970 du-

519 999 686 1065 citur
720 1000 805 1065 ab
841 1020 919 1064 ea
952 1000 1230 1076 ratione,
1275 1020 1444 1082 quae
1481 999 1669 1064 docet
1704 1020 1844 1064 esse
1881 998 2067 1076 deos,
2113 1018 2243 1082 quo
2280 1019 2582 1065 concesso

521 1091 954 1160 confitendum
1007 1103 1104 1158 est
1155 1115 1380 1158 eorum
1442 1093 1705 1159 consilio
1758 1092 2073 1158 mundum
2124 1091 2551 1158 administrari
2560 1118 2582 1171 3

519 1186 805 1254 secunda
839 1198 936 1253 est
971 1197 1217 1264 autem,
1263 1208 1428 1272 quae
1475 1186 1663 1252 docet
1699 1186 1903 1252 omnis
1938 1208 2041 1252 res
2086 1185 2405 1253 subiectas
2442 1209 2583 1254 esse

520 1292 790 1349 naturae
827 1281 1124 1348 sentienti
1159 1282 1242 1347 ab
1279 1302 1483 1366 eaque
1517 1280 1734 1346 omnia
1767 1279 2215 1367 pulcherrume
2249 1281 2417 1368 geri,
2454 1302 2583 1366 quo

522 1375 862 1442 constituto
896 1375 1186 1460 sequitur
1219 1376 1304 1440 ab
1339 1375 1772 1441 animantibus
1816 1375 2143 1462 principiis
2178 1398 2257 1442 ea
2290 1397 2429 1442 esse
2470 1397 2586 1462 ge-

519 1487 773 1548 nerata3
817 1470 1040 1536 tertius
1076 1481 1174 1536 est
1204 1472 1417 1549 locus,
1461 1471 1575 1556 qui
1619 1471 1874 1536 ducitur
1908 1493 1991 1537 ex
2034 1469 2451 1537 admiratione
2486 1493 2587 1536 re-

520 1586 666 1629 rum
699 1564 1070 1631 caelestium
1107 1576 1300 1650 atque
1335 1565 1748 1636 terrestrium.

647 1659 945 1725 Primum
987 1660 1186 1746 igitur
1229 1671 1343 1726 aut
1375 1661 1747 1747 negandum
1783 1670 1882 1724 est
1917 1682 2057 1724 esse
2092 1660 2276 1737 deos,
2313 1658 2490 1744 quod
2522 1669 2588 1726 et
2629 1681 2681 1722 ‘ts

521 1753 936 1820 Democritus
997 1754 1338 1820 simulacra
1398 1765 1464 1822 et
1513 1753 1836 1838 Epicurus
1899 1753 2213 1838 imagines
2272 1753 2585 1820 inducens

519 1847 804 1931 quodam
835 1858 1024 1932 pacto
1059 1859 1284 1932 negat,
1339 1859 1480 1924 aut,
1536 1848 1651 1930 qui
1684 1847 1839 1912 deos
1885 1868 2025 1912 esse
2070 1847 2452 1925 concedant,
2506 1849 2585 1912 iis

520 1941 857 2006 fatendum
901 1951 997 2006 est
1044 1962 1152 2006 eos
1199 1941 1440 2024 aliquid
1485 1962 1679 2024 agere
1712 1938 1907 2022 idque
1943 1940 2375 2024 praeclarum3
2426 1939 2589 2004 nihil

523 2045 620 2100 est
673 2044 890 2098 autem
947 2034 1335 2118 praeclarius
1384 2033 1611 2098 mundi
1674 2032 2249 2098 administratione:
2320 2033 2588 2100 deorum

521 2127 718 2215 igitur
753 2125 1016 2192 consilio
1053 2125 1547 2194 administratur.
1638 2127 1813 2211 quod
1847 2126 1902 2192 si
1947 2125 2132 2192 aliter
2161 2136 2301 2236 est,
2346 2127 2589 2211 aliquid

523 2220 807 2309 profecto
859 2221 942 2286 sit
991 2240 1254 2287 necesse
1307 2233 1405 2288 est
1447 2221 1675 2289 melius
1722 2231 1787 2287 et
1831 2221 2073 2286 maiore
2116 2221 2183 2286 vi
2225 2221 2587 2307 praeditum

518 2337 720 2401 quam
769 2316 926 2382 deus
938 2363 957 2396 ,
1009 2316 1199 2402 quale
1242 2317 1313 2381 id
1356 2337 1630 2401 cumque
1675 2327 1802 2394 est,
1856 2315 1991 2382 sive
2032 2314 2317 2380 inanima
2358 2334 2589 2382 natura

520 2411 658 2481 sive
691 2411 1060 2489 necessitas,
1095 2409 1164 2476 vi
1185 2432 1426 2497 magna
1448 2410 1715 2476 incitata
1739 2409 1903 2476 haec
1937 2408 2367 2494 pulcherrima
2392 2430 2590 2495 opera

519 2505 836 2584 efficiens,
889 2527 1056 2590 quae
1101 2505 1414 2571 videmus.
1501 2528 1633 2571 non
1678 2515 1777 2572 est
1817 2503 2015 2590 igitur
2046 2514 2276 2569 natura
2321 2505 2590 2572 deorum
2632 2524 2683 2565 ιι

521 2611 904 2686 praepotens
939 2622 1151 2684 neque
1186 2601 1535 2678 excellens,
1569 2600 1627 2664 si
1663 2599 1924 2684 quidem
1958 2619 2036 2664 ea
2070 2598 2360 2664 subiecta
2396 2610 2494 2664 est
2528 2600 2588 2665 ei

522 2695 626 2760 vel
668 2695 1029 2761 necessitati
1085 2695 1189 2761 vel
1231 2706 1531 2773 naturae,
1585 2714 1717 2778 qua
1761 2695 2042 2770 caelum,
2096 2693 2328 2770 maria,
2382 2703 2589 2760 terrae

522 2797 858 2873 regantur3
901 2787 1060 2852 nihil
1106 2799 1206 2854 est
1250 2802 1466 2854 autem
1501 2788 1929 2874 praestantius
1965 2787 2115 2853 deo:
2162 2786 2246 2851 ab
2282 2807 2359 2852 eo
2390 2786 2591 2872 igitur

522 2881 838 2947 mundum
871 2903 1132 2948 necesse
1167 2893 1264 2947 est
1293 2882 1456 2968 regi.
1521 2883 1699 2946 nulli
1731 2882 1930 2968 igitur
1964 2897 2063 2948 est
2094 2893 2363 2948 naturae
2398 2882 2590 2949 oboe-

526 2973 708 3040 diens
751 2983 865 3038 aut
908 2975 1232 3040 subiectus
1278 2976 1466 3042 deus:
1519 2997 1777 3042 omnem
1821 2999 1976 3062 ergo
2020 2975 2189 3062 regit
2230 2975 2370 3062 ipse
2385 2989 2592 3042 natu-

525 3089 690 3134 ram‚
779 3067 1018 3133 etenim
1051 3069 1107 3133 si
1143 3069 1552 3135 concedimus
1585 3070 2013 3156 intellegentis
2050 3092 2189 3136 esse
2225 3069 2402 3150 deos,
2438 3093 2589 3140 con-

526 3160 814 3228 cedimus
841 3161 1036 3226 etiam
1058 3162 1470 3248 providentis,
1507 3175 1572 3230 et
1597 3187 1815 3229 rerum
1832 3164 2092 3249 quidem
2118 3187 2591 3232 maxumarum.

526 3276 682 3342 ergo
715 3265 936 3322 utrum
967 3255 1288 3342 ignorant,
1323 3277 1489 3341 quae
1521 3280 1624 3324 res
1659 3280 2002 3324 maxumae
2034 3258 2165 3324 sint
2190 3279 2449 3344 quoque
2474 3282 2589 3326 eae

524 3351 718 3418 modo
765 3351 1136 3418 tractandae
1188 3363 1254 3417 et
1301 3353 1608 3431 tuendae,
1661 3376 1746 3418 an
1788 3353 1923 3418 vim
1962 3375 2094 3418 non
2136 3353 2407 3430 habent,
2460 3373 2591 3436 qua

525 3456 738 3514 tantas
780 3468 886 3512 res
938 3447 1288 3513 sustineant
1337 3458 1403 3514 et
1452 3449 1721 3534 gerant?
1773 3459 1839 3514 at
1892 3459 1957 3515 et
2005 3448 2322 3535 ignoratio
2373 3469 2590 3512 rerum

526 3540 735 3610 aliena
768 3552 1036 3606 naturae
1073 3541 1340 3608 deorum
1375 3552 1474 3608 est
1507 3553 1570 3608 et
1615 3540 1973 3608 sustinendi
2006 3540 2291 3607 muneris
2327 3551 2590 3626 propter

523 3633 1003 3703 inbecillitatem
1031 3634 1375 3700 difficultas
1410 3635 1674 3704 minime
1706 3636 1877 3702 cadit
1908 3636 1978 3701 in
2011 3636 2410 3701 maiestatem
2436 3633 2591 3700 deo-

525 3751 702 3794 rum:
757 3751 837 3794 ex
881 3749 1011 3812 quo
1055 3728 1334 3796 efficitur
1373 3727 1443 3794 id
1485 3728 1660 3815 quod
1696 3731 1993 3796 volumus
2004 3777 2024 3808 ,
2078 3729 2344 3795 deorum
2377 3727 2591 3814 provi-

527 3822 746 3888 dentia
795 3822 1109 3887 mundum
1161 3819 1612 3890 administrari.
1717 3824 1898 3908 atqui
1947 3845 2209 3890 necesse
2261 3833 2387 3899 est,
2438 3843 2587 3888 cum
2620 3821 2692 3876 31

529 3915 658 3980 sint
691 3915 787 3991 di,
841 3915 898 3981 si
929 3916 1122 3982 modo
1157 3928 1336 3995 sunt,
1386 3929 1462 3984 ut
1493 3919 1785 4004 profecto
1820 3928 1998 3993 sunt,
2052 3916 2390 3983 animantis
2427 3940 2588 3995 esse,
2631 3894 2687 3935 ⁷⁸

529 4032 651 4078 nec
693 4011 900 4078 solum
945 4012 1312 4090 animantis,
1365 4013 1482 4080 sed
1525 4015 1721 4080 etiam
1764 4012 2027 4078 rationis
2071 4023 2373 4100 conpotes
2423 4012 2591 4078 inter

531 4125 730 4188 seque
754 4119 760 4124 ’
781 4105 966 4196 quasi
1016 4107 1187 4172 civili
1239 4107 1677 4176 conciliatione
1730 4119 1794 4174 et
1845 4107 2145 4175 societate
2198 4107 2588 4184 coniunctos,
2628 4170 2647 4188 ,
