3292 4559
1087 257 1193 312 DE
1228 255 1559 314 OFFICIIS
1592 256 1637 310 Ι.
1681 257 1988 313 153—158.
2469 247 2558 350 47.

486 382 770 459 multos,
804 397 935 464 quo
968 378 1260 446 meliores
1296 379 1470 446 cives
1505 380 1916 464 utilioresque
1950 379 2144 447 rebus
2179 381 2312 448 suis
2345 383 2558 469 publi-

488 477 585 544 cis
634 485 878 552 essent,
921 485 995 540 ut
1026 474 1409 540 Thebanum
1442 473 1959 560 Epaminondam
1993 475 2190 561 Lysis
2223 477 2556 566 Pythago-

486 595 667 649 reuS,
705 569 1122 657 Syracosium
1146 569 1433 638 Dionem
1446 569 1638 635 Plato
1673 570 1984 653 multique
2019 573 2273 651 multos,
2307 595 2554 658 nosque

484 667 649 754 ipsi,
694 665 1007 751 quicquid
1050 665 1135 730 ad
1178 688 1316 732 rem
1357 665 1684 751 publicam
1719 665 2076 745 attulimus,
2123 667 2178 732 si
2211 667 2403 733 modo
2439 668 2555 734 ali·

484 762 655 848 quid
697 761 1055 837 attulimuS,
1098 783 1139 825 a
1181 760 1549 825 doctoribus
1594 770 1788 843 atque
1824 761 2112 826 doctrina
2144 763 2438 828 instructi
2473 765 2556 828 ad

482 879 637 924 eam
676 866 743 922 et
776 855 983 920 ornati
1016 853 1421 920 accessimus.
1490 875 1700 938 neque
1735 855 1944 919 solum
1978 855 2110 919 vivi
2145 867 2335 940 atque
2369 880 2556 942 prae-

484 961 709 1017 sentes
746 949 1065 1014 studiosos
1101 947 1387 1013 discendi
1422 948 1722 1013 erudiunt
1756 958 1950 1032 atque
1986 948 2244 1026 docent,
2283 951 2397 1016 sed
2432 950 2554 1017 hoc

479 1044 669 1112 idem
721 1043 913 1108 etiam
964 1052 1109 1128 post
1160 1052 1429 1107 mortem
1480 1042 1908 1110 monumentis
1960 1043 2316 1109 litterarum
2369 1045 2555 1110 adse-

482 1148 807 1224 quuntur3
860 1159 983 1203 nec
1026 1136 1199 1202 enim
1241 1136 1421 1202 locus
1465 1137 1634 1202 ullus
1681 1149 1778 1203 est
1813 1137 2296 1223 praetermissus
2333 1140 2416 1205 ab
2450 1139 2551 1218 iis,

481 1233 605 1318 qui
652 1233 735 1298 ad
779 1233 989 1319 leges,
1032 1232 1145 1316 qui
1188 1232 1274 1297 ad
1316 1253 1525 1298 mores
1539 1279 1557 1309 ,
1604 1233 1716 1317 qui
1751 1233 1835 1298 ad
1871 1233 2268 1319 disciplinam
2303 1236 2396 1300 rei
2431 1258 2552 1322 pu-

481 1328 701 1394 blicae
744 1327 1121 1414 pertineret,
1167 1337 1241 1392 ut
1284 1327 1485 1392 otium
1532 1349 1724 1392 suum
1769 1327 1853 1392 ad
1896 1339 2187 1394 nostrum
2219 1330 2552 1416 negotium

482 1422 839 1489 contulisse
896 1420 1251 1486 videantur.
1339 1420 1431 1486 ita
1489 1421 1583 1486 illi
1643 1422 1770 1507 ipsi
1829 1422 2154 1488 doctrinae
2207 1424 2434 1489 studiis
2487 1434 2553 1490 et

482 1516 842 1604 sapientiae
895 1514 1095 1581 dediti
1148 1514 1232 1580 ad
1282 1514 1613 1581 hominum
1659 1516 2000 1584 utilitatem
2043 1540 2226 1582 suam
2270 1519 2551 1604 pruden-

482 1613 647 1678 tiam
693 1609 1325 1696 intellegentiamque
1370 1611 1772 1696 potissimum
1821 1611 2176 1676 conferunt.
2251 1613 2342 1677 ob
2378 1635 2552 1678 eam-

483 1729 617 1791 que
656 1705 849 1770 etiam
884 1725 1145 1771 causam
1180 1703 1394 1788 eloqui
1428 1705 1713 1790 copiose,
1759 1705 1952 1785 modo
1996 1705 2373 1788 prudenter,
2417 1729 2552 1772 me-

482 1803 613 1867 lius
670 1811 769 1866 est
821 1821 1014 1883 quam
1066 1799 1171 1864 vel
1222 1798 1586 1864 acutissime
1638 1799 1778 1864 siue
1831 1799 2195 1881 eloquentia
2247 1800 2550 1887 cogitare,

482 1895 667 1980 quod
702 1893 1005 1980 cogitatio
1038 1893 1109 1958 in
1140 1915 1211 1960 se
1245 1892 1387 1978 ipsa
1413 1893 1701 1969 vertitur,
1739 1892 2104 1978 eloquentia
2131 1895 2551 1980 conplectitur

2582 879 2660 922 156

483 2013 597 2056 eos
610 2036 630 2067 ,
687 1989 1073 2073 quibuscum
1126 1988 1580 2054 communitate
1636 1989 1838 2054 iuncti
1893 2011 2133 2054 sumus.
2232 2000 2424 2075 atque
2476 2003 2551 2056 ut
2577 2013 2652 2054 157

483 2085 713 2170 apium
750 2083 1043 2148 examina
1076 2105 1209 2148 non
1240 2083 1687 2169 fingendorum
1720 2084 2016 2149 favorum
2052 2106 2248 2150 causa
2283 2106 2550 2172 congre-

482 2189 755 2265 gantur,
824 2175 969 2254 sed,
1039 2199 1187 2242 cum
1253 2176 1732 2262 congregabilia
1791 2188 2020 2242 natura
2079 2178 2205 2244 sint
2217 2225 2237 2256 ,
2297 2178 2551 2266 fingunt

482 2275 705 2350 favos,
742 2271 835 2337 sic
870 2272 1180 2337 homines
1194 2294 1271 2338 ac
1304 2273 1507 2338 multo
1544 2273 1738 2338 etiam
1771 2273 1980 2359 magis
2014 2284 2248 2340 natura
2283 2295 2550 2361 congre-

483 2369 629 2455 gati
664 2367 971 2434 adhibent
1004 2366 1239 2453 agendi
1272 2367 1724 2453 cogitandique
1759 2369 2120 2434 sollertiam.
2182 2369 2402 2454 itaque
2424 2369 2552 2436 nisi

484 2485 569 2529 ea
610 2459 847 2540 virtus,
890 2483 1057 2545 quae
1104 2471 1353 2528 constat
1388 2485 1471 2526 ex
1502 2463 1869 2528 hominibus
1905 2463 2186 2541 tuendis,
2230 2463 2300 2528 id
2335 2475 2432 2531 est
2467 2487 2548 2532 ex

485 2558 793 2622 societate
845 2554 1098 2641 generis
1152 2555 1415 2620 humani
1428 2602 1447 2633 ,
1502 2556 1776 2642 attingat
1829 2558 2260 2643 cognitionem
2307 2581 2547 2637 rerum,

484 2650 780 2737 solivaga
824 2648 1103 2734 cognitio
1138 2660 1204 2714 et
1236 2649 1449 2716 ieiuna
1483 2650 1803 2728 videatur,
1848 2651 2132 2735 itemque
2165 2653 2544 2738 magnitudo

484 2747 689 2814 animi
721 2757 968 2812 remota
1001 2746 1455 2812 communitate
1490 2746 2060 2831 coniunctioneque
2087 2747 2368 2813 humana
2394 2747 2550 2812 feri--

484 2854 588 2908 tas-
635 2841 717 2906 sit
761 2840 1078 2924 quaedam
1120 2851 1184 2906 et
1226 2841 1589 2906 inmanitas,
1678 2842 1770 2905 ita
1822 2841 1896 2906 fit
1949 2853 2024 2905 ut
2065 2842 2282 2906 vincat
2326 2842 2546 2926 cogni-

483 2935 677 3002 tionis
724 2934 1009 3000 studium
1053 2935 1438 3000 consociatio
1484 2935 1818 3000 hominum
1863 2946 2054 3019 atque
2099 2936 2542 3001 communitas.

482 3053 606 3096 nec
643 3051 869 3095 verum
906 3039 1020 3106 est,
1056 3029 1231 3111 quod
1266 3029 1497 3095 dicitur
1531 3053 1571 3094 a
1599 3029 2006 3115 quibusdam,
2041 3040 2301 3116 propter
2324 3051 2544 3096 neces-

484 3125 745 3190 sitatem
778 3123 971 3200 vitae,
1008 3123 1181 3208 quod
1212 3147 1307 3200 ea,
1343 3146 1510 3208 quae
1535 3137 1767 3190 natura
1794 3125 2202 3203 desideraret,
2239 3126 2541 3211 consequi

484 3218 627 3285 sine
680 3217 820 3282 aliis
875 3228 1066 3301 atque
1120 3217 1372 3284 efficere
1423 3241 1553 3284 non
1604 3241 1968 3305 possemus,
2033 3220 2267 3286 idcirco
2320 3221 2544 3285 initam

481 3335 631 3378 esse
668 3333 816 3376 cum
851 3311 1215 3377 hominibus
1254 3313 1777 3390 communitatem
1812 3324 1876 3380 et
1911 3315 2302 3390 societatem,
2349 3314 2543 3398 quod,

482 3407 543 3470 si
598 3404 812 3469 omnia
861 3405 1076 3483 nobis,
1132 3429 1297 3490 quae
1352 3406 1435 3472 ad
1486 3408 1728 3472 victum
1781 3407 2150 3490 cultumque
2203 3407 2540 3491 pertinent,

482 3497 677 3583 quasi
730 3498 980 3584 virgula
1042 3499 1286 3575 divina,
1350 3510 1422 3564 ut
1487 3501 1694 3578 aiunt,
1759 3500 2340 3585 suppeditarentur,
2405 3510 2543 3564 tum

484 3591 731 3678 optimo
774 3590 1049 3675 quisque
1094 3593 1353 3680 ingenio
1398 3592 1670 3678 negotiis
1720 3593 2015 3657 omnibus
2052 3592 2301 3657 omissis
2337 3602 2542 3656 totum

486 3707 557 3751 se
590 3685 659 3750 in
696 3684 1060 3771 cognitione
1096 3698 1161 3752 et
1196 3685 1460 3752 scientia
1494 3687 1871 3751 conlocaret.
1942 3709 2072 3752 non
2108 3697 2204 3751 est
2238 3686 2354 3751 ita:
2391 3707 2542 3750 nam

484 3789 553 3844 et
606 3779 1015 3845 solitudinem
1066 3779 1320 3868 fugeret
1363 3790 1427 3845 et
1470 3779 1715 3844 socium
1761 3779 1954 3844 studii
1999 3790 2359 3863 quaereret,
2405 3789 2538 3844 tum

487 3873 738 3951 docere,
776 3883 915 3938 tum
950 3873 1192 3940 discere
1228 3874 1438 3951 vellet,
1475 3883 1612 3937 tum
1647 3871 1886 3950 audire,
1924 3884 2060 3938 tum
2096 3872 2322 3939 dicere.
2388 3894 2542 3958 ergo

486 3988 675 4033 omne
722 3965 1038 4045 officium,
1084 3968 1259 4053 quod
1301 3967 1383 4034 ad
1430 3965 1938 4033 coniunctionem
1984 3967 2313 4032 hominum
2361 3977 2424 4032 et
2459 3966 2543 4030 ad

484 4061 859 4126 societatem
903 4062 1209 4127 tuendam
1253 4062 1451 4140 valet,
1499 4061 2016 4148 anteponendum
2051 4071 2145 4127 est
2180 4061 2273 4126 illi
2309 4060 2541 4132 officio.

2581 3050 2657 3090 158
