<?xml version="1.0" encoding="UTF-8"?>
<!DOCTYPE html PUBLIC "-//W3C//DTD XHTML 1.0 Transitional//EN"
    "http://www.w3.org/TR/xhtml1/DTD/xhtml1-transitional.dtd">
<html xmlns="http://www.w3.org/1999/xhtml" xml:lang="en" lang="en">
 <head>
  <title>
</title>
<meta http-equiv="Content-Type" content="text/html;charset=utf-8" />
  <meta name='ocr-system' content='tesseract 3.04.00' />
  <meta name='ocr-capabilities' content='ocr_page ocr_carea ocr_par ocr_line ocrx_word'/>
</head>
<body>
  <div class='ocr_page' id='page_1' title='image "./mtulliiciceroni03unkngoog_0199.png"; bbox 0 0 3292 4559; ppageno 0'>
   <div class='ocr_carea' id='block_1_1' title="bbox 952 234 2542 309">
    <p class='ocr_par' dir='ltr' id='par_1_1' title="bbox 952 234 2542 309">
     <span class='ocr_line' id='line_1_1' title="bbox 952 234 2542 309; baseline 0.001 -4"><span class='ocrx_word' id='word_1_1' title='bbox 952 234 959 237; x_wconf 82' lang='grc'><strong>’</strong></span> <span class='ocrx_word' id='word_1_2' title='bbox 1014 251 1119 307; x_wconf 85' lang='lat' dir='ltr'>DE</span> <span class='ocrx_word' id='word_1_3' title='bbox 1152 249 1678 309; x_wconf 73' lang='lat' dir='ltr'><strong>DNINATIONE</strong></span> <span class='ocrx_word' id='word_1_4' title='bbox 1709 240 2542 309; x_wconf 84' lang='lat'>11.1-4.169</span> 
     </span>
    </p>
   </div>
   <div class='ocr_carea' id='block_1_2' title="bbox 471 373 2620 4151">
    <p class='ocr_par' dir='ltr' id='par_1_2' title="bbox 471 373 2620 4151">
     <span class='ocr_line' id='line_1_2' title="bbox 598 373 2608 463; baseline 0.001 -22"><span class='ocrx_word' id='word_1_5' title='bbox 598 374 973 458; x_wconf 80' lang='lat' dir='ltr'>Quaerenti</span> <span class='ocrx_word' id='word_1_6' title='bbox 1013 373 1174 440; x_wconf 82' lang='lat' dir='ltr'>mihi</span> <span class='ocrx_word' id='word_1_7' title='bbox 1212 374 1615 460; x_wconf 82' lang='lat' dir='ltr'>multumque</span> <span class='ocrx_word' id='word_1_8' title='bbox 1650 387 1718 441; x_wconf 89' lang='lat' dir='ltr'>et</span> <span class='ocrx_word' id='word_1_9' title='bbox 1759 376 1872 442; x_wconf 87' lang='lat' dir='ltr'>diu</span> <span class='ocrx_word' id='word_1_10' title='bbox 1907 376 2216 463; x_wconf 73' lang='lat' dir='ltr'>cogitanti</span> <span class='ocrx_word' id='word_1_11' title='bbox 2259 398 2539 463; x_wconf 86' lang='lat' dir='ltr'>quanam</span> <span class='ocrx_word' id='word_1_12' title='bbox 2577 380 2608 434; x_wconf 93' lang='grc'>1</span> 
     </span>
     <span class='ocr_line' id='line_1_3' title="bbox 471 468 2540 579; baseline 0 -42"><span class='ocrx_word' id='word_1_13' title='bbox 471 496 539 539; x_wconf 89' lang='lat' dir='ltr'>re</span> <span class='ocrx_word' id='word_1_14' title='bbox 571 492 839 557; x_wconf 82' lang='lat' dir='ltr'>possem</span> <span class='ocrx_word' id='word_1_15' title='bbox 872 468 1183 556; x_wconf 77' lang='lat' dir='ltr'>prodesse</span> <span class='ocrx_word' id='word_1_16' title='bbox 1193 489 1413 579; x_wconf 38' lang='lat' dir='ltr'>’quam</span> <span class='ocrx_word' id='word_1_17' title='bbox 1447 470 1770 556; x_wconf 78' lang='lat' dir='ltr'>plurimis,</span> <span class='ocrx_word' id='word_1_18' title='bbox 1799 488 1898 537; x_wconf 83' lang='lat' dir='ltr'>ne</span> <span class='ocrx_word' id='word_1_19' title='bbox 1931 470 2190 556; x_wconf 84' lang='lat' dir='ltr'>quando</span> <span class='ocrx_word' id='word_1_20' title='bbox 2226 472 2540 539; x_wconf 81' lang='lat' dir='ltr'>intermit-</span> 
     </span>
     <span class='ocr_line' id='line_1_4' title="bbox 474 563 2542 651; baseline 0 -21"><span class='ocrx_word' id='word_1_21' title='bbox 474 578 672 632; x_wconf 86' lang='lat' dir='ltr'>terem</span> <span class='ocrx_word' id='word_1_22' title='bbox 727 564 1071 631; x_wconf 74' lang='lat' dir='ltr'>consulere</span> <span class='ocrx_word' id='word_1_23' title='bbox 1118 563 1217 629; x_wconf 82' lang='lat' dir='ltr'>rei</span> <span class='ocrx_word' id='word_1_24' title='bbox 1275 564 1602 651; x_wconf 85' lang='lat' dir='ltr'>publicae,</span> <span class='ocrx_word' id='word_1_25' title='bbox 1665 565 1844 631; x_wconf 78' lang='lat' dir='ltr'>nulla</span> <span class='ocrx_word' id='word_1_26' title='bbox 1903 564 2105 632; x_wconf 74' lang='lat' dir='ltr'>maior</span> <span class='ocrx_word' id='word_1_27' title='bbox 2165 566 2542 633; x_wconf 86' lang='lat' dir='ltr'>oceurrebat</span> 
     </span>
     <span class='ocr_line' id='line_1_5' title="bbox 478 659 2540 747; baseline 0.001 -22"><span class='ocrx_word' id='word_1_28' title='bbox 478 682 669 745; x_wconf 83' lang='lat' dir='ltr'>quam</span> <span class='ocrx_word' id='word_1_29' title='bbox 704 660 769 725; x_wconf 78' lang='lat' dir='ltr'>si</span> <span class='ocrx_word' id='word_1_30' title='bbox 802 660 1195 747; x_wconf 76' lang='lat' dir='ltr'>optimarum</span> <span class='ocrx_word' id='word_1_31' title='bbox 1238 659 1475 727; x_wconf 71' lang='lat' dir='ltr'>artium</span> <span class='ocrx_word' id='word_1_32' title='bbox 1518 660 1658 727; x_wconf 85' lang='lat' dir='ltr'>vias</span> <span class='ocrx_word' id='word_1_33' title='bbox 1702 660 2024 728; x_wconf 74' lang='lat' dir='ltr'><strong>traderem</strong></span> <span class='ocrx_word' id='word_1_34' title='bbox 2065 661 2228 728; x_wconf 84' lang='lat' dir='ltr'>meis</span> <span class='ocrx_word' id='word_1_35' title='bbox 2261 660 2540 740; x_wconf 80' lang='lat' dir='ltr'>civibus3</span> 
     </span>
     <span class='ocr_line' id='line_1_6' title="bbox 478 754 2540 839; baseline 0 -18"><span class='ocrx_word' id='word_1_36' title='bbox 478 755 653 839; x_wconf 86' lang='lat' dir='ltr'>quod</span> <span class='ocrx_word' id='word_1_37' title='bbox 710 754 1136 839; x_wconf 76' lang='lat' dir='ltr'>conpluribus</span> <span class='ocrx_word' id='word_1_38' title='bbox 1193 754 1324 819; x_wconf 84' lang='lat' dir='ltr'>iam</span> <span class='ocrx_word' id='word_1_39' title='bbox 1373 754 1557 819; x_wconf 88' lang='lat' dir='ltr'>libris</span> <span class='ocrx_word' id='word_1_40' title='bbox 1615 777 1724 821; x_wconf 87' lang='lat' dir='ltr'>me</span> <span class='ocrx_word' id='word_1_41' title='bbox 1774 755 2046 821; x_wconf 78' lang='lat' dir='ltr'>arbitror</span> <span class='ocrx_word' id='word_1_42' title='bbox 2096 766 2540 823; x_wconf 83' lang='lat' dir='ltr'>consecutum:</span> 
     </span>
     <span class='ocr_line' id='line_1_7' title="bbox 475 848 2544 937; baseline 0.001 -22"><span class='ocrx_word' id='word_1_43' title='bbox 475 872 624 915; x_wconf 81' lang='lat' dir='ltr'>num</span> <span class='ocrx_word' id='word_1_44' title='bbox 666 860 739 915; x_wconf 73' lang='lat' dir='ltr'>et</span> <span class='ocrx_word' id='word_1_45' title='bbox 780 848 1097 915; x_wconf 72' lang='lat' dir='ltr'>cohortati</span> <span class='ocrx_word' id='word_1_46' title='bbox 1140 871 1362 921; x_wconf 75' lang='lat' dir='ltr'>sumus</span> <span class='ocrx_word' id='word_1_47' title='bbox 1406 860 1483 915; x_wconf 86' lang='lat' dir='ltr'>ut</span> <span class='ocrx_word' id='word_1_48' title='bbox 1523 850 1804 917; x_wconf 84' lang='lat' dir='ltr'>maxime</span> <span class='ocrx_word' id='word_1_49' title='bbox 1850 850 2178 936; x_wconf 83' lang='lat' dir='ltr'>potuimus</span> <span class='ocrx_word' id='word_1_50' title='bbox 2209 850 2294 916; x_wconf 80' lang='lat' dir='ltr'>ad</span> <span class='ocrx_word' id='word_1_51' title='bbox 2336 850 2544 937; x_wconf 84' lang='lat' dir='ltr'>philo-</span> 
     </span>
     <span class='ocr_line' id='line_1_8' title="bbox 477 942 2542 1031; baseline 0.001 -23"><span class='ocrx_word' id='word_1_52' title='bbox 477 943 749 1030; x_wconf 83' lang='lat' dir='ltr'>sophiae</span> <span class='ocrx_word' id='word_1_53' title='bbox 784 942 1071 1009; x_wconf 82' lang='lat' dir='ltr'>studium</span> <span class='ocrx_word' id='word_1_54' title='bbox 1104 964 1185 1009; x_wconf 85' lang='lat' dir='ltr'>eo</span> <span class='ocrx_word' id='word_1_55' title='bbox 1216 942 1413 1021; x_wconf 76' lang='lat' dir='ltr'>libro,</span> <span class='ocrx_word' id='word_1_56' title='bbox 1466 943 1581 1029; x_wconf 86' lang='lat' dir='ltr'>qui</span> <span class='ocrx_word' id='word_1_57' title='bbox 1614 956 1714 1011; x_wconf 86' lang='lat' dir='ltr'>est</span> <span class='ocrx_word' id='word_1_58' title='bbox 1756 943 2100 1031; x_wconf 80' lang='lat' dir='ltr'>inscriptus</span> <span class='ocrx_word' id='word_1_59' title='bbox 2136 946 2542 1023; x_wconf 80' lang='lat' dir='ltr'>Hortensius,</span> 
     </span>
     <span class='ocr_line' id='line_1_9' title="bbox 478 1036 2546 1125; baseline 0.001 -23"><span class='ocrx_word' id='word_1_60' title='bbox 478 1050 553 1103; x_wconf 86' lang='lat' dir='ltr'>et</span> <span class='ocrx_word' id='word_1_61' title='bbox 586 1036 765 1123; x_wconf 84' lang='lat' dir='ltr'>quod</span> <span class='ocrx_word' id='word_1_62' title='bbox 806 1059 1013 1123; x_wconf 83' lang='lat' dir='ltr'>genus</span> <span class='ocrx_word' id='word_1_63' title='bbox 1046 1036 1539 1123; x_wconf 81' lang='lat' dir='ltr'>philosophandi</span> <span class='ocrx_word' id='word_1_64' title='bbox 1570 1038 1838 1105; x_wconf 83' lang='lat' dir='ltr'>minime</span> <span class='ocrx_word' id='word_1_65' title='bbox 1881 1038 2200 1125; x_wconf 79' lang='lat' dir='ltr'><strong>adrogans</strong></span> <span class='ocrx_word' id='word_1_66' title='bbox 2235 1038 2546 1105; x_wconf 85' lang='lat' dir='ltr'>maxime-</span> 
     </span>
     <span class='ocr_line' id='line_1_10' title="bbox 475 1131 2546 1219; baseline 0 -22"><span class='ocrx_word' id='word_1_67' title='bbox 475 1153 617 1217; x_wconf 83' lang='lat' dir='ltr'>que</span> <span class='ocrx_word' id='word_1_68' title='bbox 662 1143 727 1199; x_wconf 77' lang='lat' dir='ltr'>et</span> <span class='ocrx_word' id='word_1_69' title='bbox 765 1142 1066 1197; x_wconf 74' lang='lat' dir='ltr'>constans</span> <span class='ocrx_word' id='word_1_70' title='bbox 1107 1143 1173 1197; x_wconf 78' lang='lat' dir='ltr'>et</span> <span class='ocrx_word' id='word_1_71' title='bbox 1216 1132 1481 1218; x_wconf 76' lang='lat' dir='ltr'>elegans</span> <span class='ocrx_word' id='word_1_72' title='bbox 1524 1131 1982 1199; x_wconf 77' lang='lat' dir='ltr'>arbitraremur</span> <span class='ocrx_word' id='word_1_73' title='bbox 2021 1141 2326 1219; x_wconf 79' lang='lat' dir='ltr'>quattuor</span> <span class='ocrx_word' id='word_1_74' title='bbox 2369 1133 2546 1199; x_wconf 86' lang='lat' dir='ltr'>Aca-</span> 
     </span>
     <span class='ocr_line' id='line_1_11' title="bbox 475 1226 2612 1312; baseline -0.002 -20"><span class='ocrx_word' id='word_1_75' title='bbox 475 1226 749 1293; x_wconf 81' lang='lat' dir='ltr'>demicis</span> <span class='ocrx_word' id='word_1_76' title='bbox 796 1226 980 1292; x_wconf 82' lang='lat' dir='ltr'>libris</span> <span class='ocrx_word' id='word_1_77' title='bbox 1026 1226 1453 1305; x_wconf 79' lang='lat' dir='ltr'>ostendimus3</span> <span class='ocrx_word' id='word_1_78' title='bbox 1504 1248 1785 1312; x_wconf 83' lang='lat' dir='ltr'>eumque</span> <span class='ocrx_word' id='word_1_79' title='bbox 1834 1227 2326 1295; x_wconf 81' lang='lat' dir='ltr'>fundamentum</span> <span class='ocrx_word' id='word_1_80' title='bbox 2377 1237 2544 1293; x_wconf 85' lang='lat' dir='ltr'>esset</span> <span class='ocrx_word' id='word_1_81' title='bbox 2586 1246 2612 1287; x_wconf 74' lang='grc' dir='ltr'>ι</span> 
     </span>
     <span class='ocr_line' id='line_1_12' title="bbox 477 1320 2543 1409; baseline 0 -22"><span class='ocrx_word' id='word_1_82' title='bbox 477 1320 927 1409; x_wconf 78' lang='lat' dir='ltr'>philosophiae</span> <span class='ocrx_word' id='word_1_83' title='bbox 977 1321 1259 1407; x_wconf 82' lang='lat' dir='ltr'>positum</span> <span class='ocrx_word' id='word_1_84' title='bbox 1312 1322 1385 1387; x_wconf 87' lang='lat' dir='ltr'>in</span> <span class='ocrx_word' id='word_1_85' title='bbox 1432 1322 1668 1387; x_wconf 82' lang='lat' dir='ltr'>finibus</span> <span class='ocrx_word' id='word_1_86' title='bbox 1721 1322 2037 1389; x_wconf 86' lang='lat' dir='ltr'>bonorum</span> <span class='ocrx_word' id='word_1_87' title='bbox 2092 1332 2158 1389; x_wconf 92' lang='lat' dir='ltr'>et</span> <span class='ocrx_word' id='word_1_88' title='bbox 2207 1322 2543 1399; x_wconf 76' lang='lat' dir='ltr'>malorum,</span> 
     </span>
     <span class='ocr_line' id='line_1_13' title="bbox 477 1416 2545 1504; baseline -0.001 -21"><span class='ocrx_word' id='word_1_89' title='bbox 477 1427 919 1504; x_wconf 69' lang='lat' dir='ltr'>perpurgatus</span> <span class='ocrx_word' id='word_1_90' title='bbox 948 1427 1048 1483; x_wconf 86' lang='lat' dir='ltr'>est</span> <span class='ocrx_word' id='word_1_91' title='bbox 1088 1416 1145 1481; x_wconf 89' lang='lat' dir='ltr'>is</span> <span class='ocrx_word' id='word_1_92' title='bbox 1180 1416 1363 1483; x_wconf 81' lang='lat' dir='ltr'>loeus</span> <span class='ocrx_word' id='word_1_93' title='bbox 1397 1439 1437 1482; x_wconf 87' lang='lat' dir='ltr'>a</span> <span class='ocrx_word' id='word_1_94' title='bbox 1469 1417 1657 1483; x_wconf 77' lang='lat' dir='ltr'>nobis</span> <span class='ocrx_word' id='word_1_95' title='bbox 1690 1417 1979 1503; x_wconf 85' lang='lat' dir='ltr'>quinque</span> <span class='ocrx_word' id='word_1_96' title='bbox 2017 1418 2227 1497; x_wconf 86' lang='lat' dir='ltr'>libris,</span> <span class='ocrx_word' id='word_1_97' title='bbox 2280 1428 2354 1483; x_wconf 90' lang='lat' dir='ltr'>ut</span> <span class='ocrx_word' id='word_1_98' title='bbox 2387 1416 2545 1503; x_wconf 86' lang='lat' dir='ltr'>quid</span> 
     </span>
     <span class='ocr_line' id='line_1_14' title="bbox 478 1510 2545 1599; baseline 0 -22"><span class='ocrx_word' id='word_1_99' title='bbox 478 1534 523 1577; x_wconf 82' lang='lat' dir='ltr'>a</span> <span class='ocrx_word' id='word_1_100' title='bbox 556 1532 817 1597; x_wconf 80' lang='lat' dir='ltr'>quoque</span> <span class='ocrx_word' id='word_1_101' title='bbox 862 1522 930 1577; x_wconf 78' lang='lat' dir='ltr'>et</span> <span class='ocrx_word' id='word_1_102' title='bbox 971 1510 1128 1595; x_wconf 85' lang='lat' dir='ltr'>quid</span> <span class='ocrx_word' id='word_1_103' title='bbox 1172 1521 1397 1577; x_wconf 65' lang='lat' dir='ltr'>eontra</span> <span class='ocrx_word' id='word_1_104' title='bbox 1436 1531 1761 1597; x_wconf 81' lang='lat' dir='ltr'>quemque</span> <span class='ocrx_word' id='word_1_105' title='bbox 1803 1512 2258 1599; x_wconf 84' lang='lat' dir='ltr'>philosophum</span> <span class='ocrx_word' id='word_1_106' title='bbox 2301 1511 2545 1578; x_wconf 88' lang='lat' dir='ltr'>dicere-</span> 
     </span>
     <span class='ocr_line' id='line_1_15' title="bbox 477 1605 2545 1691; baseline 0 -20"><span class='ocrx_word' id='word_1_107' title='bbox 477 1617 585 1673; x_wconf 82' lang='lat' dir='ltr'>tur</span> <span class='ocrx_word' id='word_1_108' title='bbox 626 1605 919 1691; x_wconf 79' lang='lat' dir='ltr'>intellegi</span> <span class='ocrx_word' id='word_1_109' title='bbox 959 1616 1195 1691; x_wconf 83' lang='lat' dir='ltr'>posset.</span> <span class='ocrx_word' id='word_1_110' title='bbox 1284 1605 1549 1671; x_wconf 85' lang='lat' dir='ltr'>totidem</span> <span class='ocrx_word' id='word_1_111' title='bbox 1594 1606 1920 1673; x_wconf 77' lang='lat' dir='ltr'>subsecuti</span> <span class='ocrx_word' id='word_1_112' title='bbox 1963 1606 2112 1673; x_wconf 86' lang='lat' dir='ltr'>libri</span> <span class='ocrx_word' id='word_1_113' title='bbox 2145 1606 2545 1673; x_wconf 84' lang='lat' dir='ltr'>Tusculana-</span> 
     </span>
     <span class='ocr_line' id='line_1_16' title="bbox 478 1699 2544 1786; baseline 0 -19"><span class='ocrx_word' id='word_1_114' title='bbox 478 1722 623 1767; x_wconf 83' lang='lat' dir='ltr'>rum</span> <span class='ocrx_word' id='word_1_115' title='bbox 660 1700 1169 1786; x_wconf 68' lang='lat' dir='ltr'>disputationum</span> <span class='ocrx_word' id='word_1_116' title='bbox 1212 1722 1315 1767; x_wconf 86' lang='lat' dir='ltr'>res</span> <span class='ocrx_word' id='word_1_117' title='bbox 1352 1699 1437 1767; x_wconf 85' lang='lat' dir='ltr'>ad</span> <span class='ocrx_word' id='word_1_118' title='bbox 1479 1700 1668 1767; x_wconf 81' lang='lat' dir='ltr'>beate</span> <span class='ocrx_word' id='word_1_119' title='bbox 1712 1700 2061 1767; x_wconf 67' lang='lat' dir='ltr'>vivendum</span> <span class='ocrx_word' id='word_1_120' title='bbox 2107 1700 2386 1767; x_wconf 79' lang='lat' dir='ltr'>maxime</span> <span class='ocrx_word' id='word_1_121' title='bbox 2427 1722 2544 1767; x_wconf 86' lang='lat' dir='ltr'>ne-</span> 
     </span>
     <span class='ocr_line' id='line_1_17' title="bbox 479 1794 2542 1880; baseline -0.002 -17"><span class='ocrx_word' id='word_1_122' title='bbox 479 1794 793 1863; x_wconf 77' lang='lat' dir='ltr'>cessarias</span> <span class='ocrx_word' id='word_1_123' title='bbox 836 1796 1255 1880; x_wconf 76' lang='lat' dir='ltr'>aperuerunt:</span> <span class='ocrx_word' id='word_1_124' title='bbox 1309 1794 1553 1880; x_wconf 83' lang='lat' dir='ltr'>primus</span> <span class='ocrx_word' id='word_1_125' title='bbox 1596 1794 1769 1859; x_wconf 88' lang='lat' dir='ltr'>enim</span> <span class='ocrx_word' id='word_1_126' title='bbox 1811 1807 1909 1861; x_wconf 86' lang='lat' dir='ltr'>est</span> <span class='ocrx_word' id='word_1_127' title='bbox 1952 1795 2035 1862; x_wconf 86' lang='lat' dir='ltr'>de</span> <span class='ocrx_word' id='word_1_128' title='bbox 2077 1795 2542 1861; x_wconf 69' lang='lat' dir='ltr'>contemnenda</span> 
     </span>
     <span class='ocr_line' id='line_1_18' title="bbox 480 1888 2542 1974; baseline -0.001 -19"><span class='ocrx_word' id='word_1_129' title='bbox 480 1901 721 1967; x_wconf 80' lang='lat' dir='ltr'>morte,</span> <span class='ocrx_word' id='word_1_130' title='bbox 794 1888 1117 1955; x_wconf 77' lang='lat' dir='ltr'>secundus</span> <span class='ocrx_word' id='word_1_131' title='bbox 1170 1888 1253 1957; x_wconf 85' lang='lat' dir='ltr'>de</span> <span class='ocrx_word' id='word_1_132' title='bbox 1316 1888 1652 1956; x_wconf 82' lang='lat' dir='ltr'>tolerando</span> <span class='ocrx_word' id='word_1_133' title='bbox 1700 1888 1948 1967; x_wconf 79' lang='lat' dir='ltr'>dolore,</span> <span class='ocrx_word' id='word_1_134' title='bbox 2009 1888 2092 1955; x_wconf 90' lang='lat' dir='ltr'>de</span> <span class='ocrx_word' id='word_1_135' title='bbox 2143 1888 2542 1974; x_wconf 71' lang='lat' dir='ltr'>aegritudine</span> 
     </span>
     <span class='ocr_line' id='line_1_19' title="bbox 476 1980 2545 2067; baseline -0.002 -18"><span class='ocrx_word' id='word_1_136' title='bbox 476 1982 788 2049; x_wconf 74' lang='lat' dir='ltr'>lenienda</span> <span class='ocrx_word' id='word_1_137' title='bbox 816 1982 1075 2057; x_wconf 82' lang='lat' dir='ltr'>tertius,</span> <span class='ocrx_word' id='word_1_138' title='bbox 1108 1993 1375 2067; x_wconf 82' lang='lat' dir='ltr'>quartus</span> <span class='ocrx_word' id='word_1_139' title='bbox 1408 1982 1491 2049; x_wconf 77' lang='lat' dir='ltr'>de</span> <span class='ocrx_word' id='word_1_140' title='bbox 1524 1981 1786 2066; x_wconf 86' lang='lat' dir='ltr'>reliquis</span> <span class='ocrx_word' id='word_1_141' title='bbox 1823 1982 2020 2047; x_wconf 78' lang='lat' dir='ltr'>animi</span> <span class='ocrx_word' id='word_1_142' title='bbox 2053 1980 2545 2067; x_wconf 78' lang='lat' dir='ltr'>pertmbationi-</span> 
     </span>
     <span class='ocr_line' id='line_1_20' title="bbox 478 2074 2545 2163; baseline -0 -21"><span class='ocrx_word' id='word_1_143' title='bbox 478 2077 633 2155; x_wconf 84' lang='lat' dir='ltr'>bus3</span> <span class='ocrx_word' id='word_1_144' title='bbox 668 2076 935 2162; x_wconf 71' lang='lat' dir='ltr'>quintus</span> <span class='ocrx_word' id='word_1_145' title='bbox 971 2098 1120 2143; x_wconf 83' lang='lat' dir='ltr'>eum</span> <span class='ocrx_word' id='word_1_146' title='bbox 1152 2077 1373 2143; x_wconf 81' lang='lat' dir='ltr'>locum</span> <span class='ocrx_word' id='word_1_147' title='bbox 1404 2077 1758 2163; x_wconf 71' lang='lat' dir='ltr'>conplexus</span> <span class='ocrx_word' id='word_1_148' title='bbox 1792 2088 1918 2154; x_wconf 85' lang='lat' dir='ltr'>est,</span> <span class='ocrx_word' id='word_1_149' title='bbox 1956 2075 2068 2161; x_wconf 76' lang='lat' dir='ltr'>qui</span> <span class='ocrx_word' id='word_1_150' title='bbox 2103 2086 2306 2141; x_wconf 84' lang='lat' dir='ltr'>totam</span> <span class='ocrx_word' id='word_1_151' title='bbox 2337 2074 2545 2162; x_wconf 85' lang='lat' dir='ltr'>philo-</span> 
     </span>
     <span class='ocr_line' id='line_1_21' title="bbox 478 2168 2546 2282; baseline 0 -45"><span class='ocrx_word' id='word_1_152' title='bbox 478 2171 779 2282; x_wconf 76' lang='lat' dir='ltr'>sophiam</span> <span class='ocrx_word' id='word_1_153' title='bbox 821 2170 1102 2237; x_wconf 81' lang='lat' dir='ltr'>maxime</span> <span class='ocrx_word' id='word_1_154' title='bbox 1140 2171 1468 2248; x_wconf 76' lang='lat' dir='ltr'>inlustrat,</span> <span class='ocrx_word' id='word_1_155' title='bbox 1524 2170 1714 2237; x_wconf 85' lang='lat' dir='ltr'>docet</span> <span class='ocrx_word' id='word_1_156' title='bbox 1759 2171 1930 2237; x_wconf 89' lang='lat' dir='ltr'>enim</span> <span class='ocrx_word' id='word_1_157' title='bbox 1963 2170 2048 2237; x_wconf 87' lang='lat' dir='ltr'>ad</span> <span class='ocrx_word' id='word_1_158' title='bbox 2092 2170 2280 2237; x_wconf 73' lang='lat' dir='ltr'>beate</span> <span class='ocrx_word' id='word_1_159' title='bbox 2324 2168 2546 2238; x_wconf 79' lang='lat' dir='ltr'>viven-</span> 
     </span>
     <span class='ocr_line' id='line_1_22' title="bbox 476 2261 2610 2353; baseline -0 -22"><span class='ocrx_word' id='word_1_160' title='bbox 476 2267 645 2333; x_wconf 78' lang='lat' dir='ltr'>dum</span> <span class='ocrx_word' id='word_1_161' title='bbox 685 2266 987 2332; x_wconf 80' lang='lat' dir='ltr'>virtutem</span> <span class='ocrx_word' id='word_1_162' title='bbox 1028 2288 1105 2333; x_wconf 86' lang='lat' dir='ltr'>se</span> <span class='ocrx_word' id='word_1_163' title='bbox 1144 2265 1288 2352; x_wconf 85' lang='lat' dir='ltr'>ipsa</span> <span class='ocrx_word' id='word_1_164' title='bbox 1335 2288 1477 2334; x_wconf 86' lang='lat' dir='ltr'>esse</span> <span class='ocrx_word' id='word_1_165' title='bbox 1520 2276 1907 2333; x_wconf 80' lang='lat' dir='ltr'>contentam.</span> <span class='ocrx_word' id='word_1_166' title='bbox 2005 2264 2242 2351; x_wconf 82' lang='lat' dir='ltr'>quibus</span> <span class='ocrx_word' id='word_1_167' title='bbox 2285 2261 2538 2353; x_wconf 74' lang='lat' dir='ltr'>[rebus]</span> <span class='ocrx_word' id='word_1_168' title='bbox 2585 2290 2610 2329; x_wconf 78' lang='lat' dir='ltr'>a</span> 
     </span>
     <span class='ocr_line' id='line_1_23' title="bbox 476 2358 2545 2447; baseline -0.003 -18"><span class='ocrx_word' id='word_1_169' title='bbox 476 2358 681 2429; x_wconf 73' lang='lat' dir='ltr'>editis</span> <span class='ocrx_word' id='word_1_170' title='bbox 714 2371 843 2425; x_wconf 84' lang='lat' dir='ltr'>tres</span> <span class='ocrx_word' id='word_1_171' title='bbox 881 2358 1032 2427; x_wconf 89' lang='lat' dir='ltr'>libri</span> <span class='ocrx_word' id='word_1_172' title='bbox 1073 2360 1343 2447; x_wconf 81' lang='lat' dir='ltr'>perfecti</span> <span class='ocrx_word' id='word_1_173' title='bbox 1375 2371 1525 2427; x_wconf 80' lang='lat' dir='ltr'>sunt</span> <span class='ocrx_word' id='word_1_174' title='bbox 1566 2360 1653 2427; x_wconf 88' lang='lat' dir='ltr'>de</span> <span class='ocrx_word' id='word_1_175' title='bbox 1683 2370 1916 2427; x_wconf 80' lang='lat' dir='ltr'>natura</span> <span class='ocrx_word' id='word_1_176' title='bbox 1948 2360 2245 2439; x_wconf 87' lang='lat' dir='ltr'>deorum,</span> <span class='ocrx_word' id='word_1_177' title='bbox 2289 2360 2364 2425; x_wconf 79' lang='lat' dir='ltr'>in</span> <span class='ocrx_word' id='word_1_178' title='bbox 2401 2358 2545 2443; x_wconf 88' lang='lat' dir='ltr'>qui-</span> 
     </span>
     <span class='ocr_line' id='line_1_24' title="bbox 478 2454 2543 2565; baseline -0 -44"><span class='ocrx_word' id='word_1_179' title='bbox 478 2456 619 2523; x_wconf 80' lang='lat' dir='ltr'>bus</span> <span class='ocrx_word' id='word_1_180' title='bbox 654 2455 859 2521; x_wconf 83' lang='lat' dir='ltr'>omnis</span> <span class='ocrx_word' id='word_1_181' title='bbox 902 2455 1043 2521; x_wconf 87' lang='lat' dir='ltr'>eius</span> <span class='ocrx_word' id='word_1_182' title='bbox 1085 2454 1211 2522; x_wconf 84' lang='lat' dir='ltr'>loci</span> <span class='ocrx_word' id='word_1_183' title='bbox 1256 2456 1551 2541; x_wconf 77' lang='lat' dir='ltr'>quaestio</span> <span class='ocrx_word' id='word_1_184' title='bbox 1594 2457 1980 2533; x_wconf 84' lang='lat' dir='ltr'>continetur3</span> <span class='ocrx_word' id='word_1_185' title='bbox 2025 2476 2192 2540; x_wconf 84' lang='lat' dir='ltr'>quae</span> <span class='ocrx_word' id='word_1_186' title='bbox 2237 2465 2312 2521; x_wconf 80' lang='lat' dir='ltr'>ut</span> <span class='ocrx_word' id='word_1_187' title='bbox 2353 2454 2543 2565; x_wconf 79' lang='lat' dir='ltr'>plane</span> 
     </span>
     <span class='ocr_line' id='line_1_25' title="bbox 482 2549 2544 2637; baseline -0 -21"><span class='ocrx_word' id='word_1_188' title='bbox 482 2561 653 2616; x_wconf 81' lang='lat' dir='ltr'>esset</span> <span class='ocrx_word' id='word_1_189' title='bbox 694 2549 1149 2635; x_wconf 71' lang='lat' dir='ltr'>cumulateque</span> <span class='ocrx_word' id='word_1_190' title='bbox 1192 2550 1509 2637; x_wconf 74' lang='lat' dir='ltr'>perfecta,</span> <span class='ocrx_word' id='word_1_191' title='bbox 1561 2552 1643 2615; x_wconf 86' lang='lat' dir='ltr'>de</span> <span class='ocrx_word' id='word_1_192' title='bbox 1688 2549 2078 2616; x_wconf 76' lang='lat' dir='ltr'>divinatione</span> <span class='ocrx_word' id='word_1_193' title='bbox 2121 2550 2393 2637; x_wconf 85' lang='lat' dir='ltr'>ingressi</span> <span class='ocrx_word' id='word_1_194' title='bbox 2437 2573 2544 2615; x_wconf 85' lang='lat' dir='ltr'>su-</span> 
     </span>
     <span class='ocr_line' id='line_1_26' title="bbox 484 2644 2542 2730; baseline -0.001 -19"><span class='ocrx_word' id='word_1_195' title='bbox 484 2666 629 2711; x_wconf 83' lang='lat' dir='ltr'>mus</span> <span class='ocrx_word' id='word_1_196' title='bbox 665 2644 773 2711; x_wconf 80' lang='lat' dir='ltr'>his</span> <span class='ocrx_word' id='word_1_197' title='bbox 803 2644 987 2711; x_wconf 76' lang='lat' dir='ltr'>libris</span> <span class='ocrx_word' id='word_1_198' title='bbox 1020 2644 1330 2722; x_wconf 78' lang='lat' dir='ltr'>scribere,</span> <span class='ocrx_word' id='word_1_199' title='bbox 1363 2644 1630 2730; x_wconf 85' lang='lat' dir='ltr'>quibus,</span> <span class='ocrx_word' id='word_1_200' title='bbox 1667 2656 1744 2711; x_wconf 85' lang='grc' dir='ltr'>ιιι</span> <span class='ocrx_word' id='word_1_201' title='bbox 1777 2658 1874 2711; x_wconf 86' lang='lat' dir='ltr'>est</span> <span class='ocrx_word' id='word_1_202' title='bbox 1906 2644 1978 2711; x_wconf 87' lang='lat' dir='ltr'>in</span> <span class='ocrx_word' id='word_1_203' title='bbox 2010 2645 2253 2722; x_wconf 79' lang='lat' dir='ltr'>animo,</span> <span class='ocrx_word' id='word_1_204' title='bbox 2289 2644 2375 2711; x_wconf 85' lang='lat' dir='ltr'>dc</span> <span class='ocrx_word' id='word_1_205' title='bbox 2407 2644 2542 2709; x_wconf 78' lang='lat' dir='ltr'>fato</span> 
     </span>
     <span class='ocr_line' id='line_1_27' title="bbox 484 2737 2546 2819; baseline -0.001 -14"><span class='ocrx_word' id='word_1_206' title='bbox 484 2738 541 2805; x_wconf 81' lang='lat' dir='ltr'>si</span> <span class='ocrx_word' id='word_1_207' title='bbox 571 2738 1079 2817; x_wconf 72' lang='lat' dir='ltr'>adiunxerimus,</span> <span class='ocrx_word' id='word_1_208' title='bbox 1115 2739 1237 2805; x_wconf 87' lang='lat' dir='ltr'>erit</span> <span class='ocrx_word' id='word_1_209' title='bbox 1268 2739 1527 2806; x_wconf 81' lang='lat' dir='ltr'>abunde</span> <span class='ocrx_word' id='word_1_210' title='bbox 1548 2739 1704 2805; x_wconf 82' lang='lat' dir='ltr'>satis</span> <span class='ocrx_word' id='word_1_211' title='bbox 1738 2738 1984 2806; x_wconf 81' lang='lat' dir='ltr'>factum</span> <span class='ocrx_word' id='word_1_212' title='bbox 2016 2738 2136 2805; x_wconf 83' lang='lat' dir='ltr'>toti</span> <span class='ocrx_word' id='word_1_213' title='bbox 2169 2737 2324 2803; x_wconf 85' lang='lat' dir='ltr'>huic</span> <span class='ocrx_word' id='word_1_214' title='bbox 2347 2758 2546 2819; x_wconf 89' lang='lat' dir='ltr'>quae-</span> 
     </span>
     <span class='ocr_line' id='line_1_28' title="bbox 482 2830 2543 2919; baseline -0.002 -18"><span class='ocrx_word' id='word_1_215' title='bbox 482 2833 697 2901; x_wconf 69' lang='lat' dir='ltr'>ationi-</span> <span class='ocrx_word' id='word_1_216' title='bbox 805 2844 1001 2919; x_wconf 78' lang='lat' dir='ltr'>atque</span> <span class='ocrx_word' id='word_1_217' title='bbox 1051 2833 1153 2901; x_wconf 77' lang='lat' dir='ltr'>his</span> <span class='ocrx_word' id='word_1_218' title='bbox 1209 2833 1389 2901; x_wconf 87' lang='lat' dir='ltr'>libris</span> <span class='ocrx_word' id='word_1_219' title='bbox 1450 2833 1914 2901; x_wconf 77' lang='lat' dir='ltr'>adnumerandi</span> <span class='ocrx_word' id='word_1_220' title='bbox 1965 2844 2115 2901; x_wconf 80' lang='lat' dir='ltr'>sunt</span> <span class='ocrx_word' id='word_1_221' title='bbox 2175 2854 2290 2898; x_wconf 85' lang='lat' dir='ltr'>sex</span> <span class='ocrx_word' id='word_1_222' title='bbox 2341 2830 2424 2897; x_wconf 83' lang='lat' dir='ltr'>de</span> <span class='ocrx_word' id='word_1_223' title='bbox 2474 2853 2543 2896; x_wconf 88' lang='lat' dir='ltr'>re</span> 
     </span>
     <span class='ocr_line' id='line_1_29' title="bbox 480 2924 2544 3016; baseline -0.002 -21"><span class='ocrx_word' id='word_1_224' title='bbox 480 2928 777 3016; x_wconf 81' lang='lat' dir='ltr'>publica,</span> <span class='ocrx_word' id='word_1_225' title='bbox 819 2948 987 3013; x_wconf 80' lang='lat' dir='ltr'>quos</span> <span class='ocrx_word' id='word_1_226' title='bbox 1020 2938 1163 2995; x_wconf 83' lang='lat' dir='ltr'>tum</span> <span class='ocrx_word' id='word_1_227' title='bbox 1193 2928 1593 3015; x_wconf 81' lang='lat' dir='ltr'>scripsimus,</span> <span class='ocrx_word' id='word_1_228' title='bbox 1638 2948 1792 2995; x_wconf 84' lang='lat' dir='ltr'>cum</span> <span class='ocrx_word' id='word_1_229' title='bbox 1822 2926 2264 3014; x_wconf 75' lang='lat' dir='ltr'>gubernacula</span> <span class='ocrx_word' id='word_1_230' title='bbox 2294 2924 2388 2991; x_wconf 84' lang='lat' dir='ltr'>rei</span> <span class='ocrx_word' id='word_1_231' title='bbox 2422 2948 2544 3012; x_wconf 89' lang='lat' dir='ltr'>pu-</span> 
     </span>
     <span class='ocr_line' id='line_1_30' title="bbox 479 3022 2548 3111; baseline -0.003 -19"><span class='ocrx_word' id='word_1_232' title='bbox 479 3026 699 3093; x_wconf 70' lang='lat' dir='ltr'>biieae</span> <span class='ocrx_word' id='word_1_233' title='bbox 746 3023 1154 3091; x_wconf 74' lang='lat' dir='ltr'>tenebamus·</span> <span class='ocrx_word' id='word_1_234' title='bbox 1218 3046 1493 3111; x_wconf 81' lang='lat' dir='ltr'>magnus</span> <span class='ocrx_word' id='word_1_235' title='bbox 1544 3022 1728 3089; x_wconf 85' lang='lat' dir='ltr'>loeus</span> <span class='ocrx_word' id='word_1_236' title='bbox 1779 3022 2349 3110; x_wconf 76' lang='lat' dir='ltr'>philosophiaeque</span> <span class='ocrx_word' id='word_1_237' title='bbox 2399 3042 2548 3107; x_wconf 87' lang='lat' dir='ltr'>pro-</span> 
     </span>
     <span class='ocr_line' id='line_1_31' title="bbox 478 3115 2546 3231; baseline -0.003 -44"><span class='ocrx_word' id='word_1_238' title='bbox 478 3121 693 3231; x_wconf 67' lang='lat' dir='ltr'>prius,</span> <span class='ocrx_word' id='word_1_239' title='bbox 740 3142 785 3184; x_wconf 82' lang='lat' dir='ltr'>a</span> <span class='ocrx_word' id='word_1_240' title='bbox 813 3118 1125 3197; x_wconf 75' lang='lat' dir='ltr'>Platone,</span> <span class='ocrx_word' id='word_1_241' title='bbox 1160 3119 1540 3197; x_wconf 82' lang='lat' dir='ltr'>Aristotele,</span> <span class='ocrx_word' id='word_1_242' title='bbox 1575 3116 2020 3204; x_wconf 76' lang='lat' dir='ltr'>Theophrasto</span> <span class='ocrx_word' id='word_1_243' title='bbox 2067 3128 2329 3203; x_wconf 82' lang='lat' dir='ltr'>totaque</span> <span class='ocrx_word' id='word_1_244' title='bbox 2362 3115 2546 3182; x_wconf 88' lang='lat' dir='ltr'>Peri-</span> 
     </span>
     <span class='ocr_line' id='line_1_32' title="bbox 478 3210 2544 3304; baseline -0.003 -23"><span class='ocrx_word' id='word_1_245' title='bbox 478 3215 917 3304; x_wconf 70' lang='lat' dir='ltr'>pateticorum</span> <span class='ocrx_word' id='word_1_246' title='bbox 954 3213 1201 3282; x_wconf 73' lang='lat' dir='ltr'>familia</span> <span class='ocrx_word' id='word_1_247' title='bbox 1246 3224 1558 3280; x_wconf 76' lang='lat' dir='ltr'>tractatus</span> <span class='ocrx_word' id='word_1_248' title='bbox 1600 3212 1942 3279; x_wconf 78' lang='lat' dir='ltr'>uberrime.</span> <span class='ocrx_word' id='word_1_249' title='bbox 2027 3236 2180 3278; x_wconf 75' lang='lat' dir='ltr'>nam</span> <span class='ocrx_word' id='word_1_250' title='bbox 2221 3210 2382 3297; x_wconf 81' lang='lat' dir='ltr'>quid</span> <span class='ocrx_word' id='word_1_251' title='bbox 2421 3233 2544 3296; x_wconf 91' lang='lat' dir='ltr'>ego</span> 
     </span>
     <span class='ocr_line' id='line_1_33' title="bbox 482 3303 2548 3419; baseline -0.004 -44"><span class='ocrx_word' id='word_1_252' title='bbox 482 3310 573 3377; x_wconf 88' lang='lat' dir='ltr'>de</span> <span class='ocrx_word' id='word_1_253' title='bbox 606 3306 1067 3375; x_wconf 70' lang='lat' dir='ltr'>Consolatione</span> <span class='ocrx_word' id='word_1_254' title='bbox 1102 3308 1352 3375; x_wconf 80' lang='lat' dir='ltr'>dicam?</span> <span class='ocrx_word' id='word_1_255' title='bbox 1396 3329 1563 3419; x_wconf 71' lang='lat' dir='ltr'>quae</span> <span class='ocrx_word' id='word_1_256' title='bbox 1598 3307 1756 3371; x_wconf 89' lang='lat' dir='ltr'>mihi</span> <span class='ocrx_word' id='word_1_257' title='bbox 1791 3307 2104 3392; x_wconf 83' lang='lat' dir='ltr'>quidem</span> <span class='ocrx_word' id='word_1_258' title='bbox 2084 3306 2210 3393; x_wconf 75' lang='lat' dir='ltr'>lpsi</span> <span class='ocrx_word' id='word_1_259' title='bbox 2243 3327 2398 3370; x_wconf 72' lang='lat' dir='ltr'>sane</span> <span class='ocrx_word' id='word_1_260' title='bbox 2433 3303 2548 3367; x_wconf 86' lang='lat' dir='ltr'>ali-</span> 
     </span>
     <span class='ocr_line' id='line_1_34' title="bbox 482 3399 2550 3489; baseline -0.003 -20"><span class='ocrx_word' id='word_1_261' title='bbox 482 3412 808 3489; x_wconf 71' lang='lat' dir='ltr'>quamtum</span> <span class='ocrx_word' id='word_1_262' title='bbox 838 3403 1151 3481; x_wconf 73' lang='lat' dir='ltr'>medetur,</span> <span class='ocrx_word' id='word_1_263' title='bbox 1188 3403 1415 3469; x_wconf 83' lang='lat' dir='ltr'>ceteris</span> <span class='ocrx_word' id='word_1_264' title='bbox 1446 3402 1606 3469; x_wconf 88' lang='lat' dir='ltr'>item</span> <span class='ocrx_word' id='word_1_265' title='bbox 1628 3402 1903 3469; x_wconf 83' lang='lat' dir='ltr'>multum</span> <span class='ocrx_word' id='word_1_266' title='bbox 1937 3402 2114 3467; x_wconf 78' lang='lat' dir='ltr'>illam</span> <span class='ocrx_word' id='word_1_267' title='bbox 2146 3399 2550 3487; x_wconf 70' lang='lat' dir='ltr'>profuturam</span> 
     </span>
     <span class='ocr_line' id='line_1_35' title="bbox 482 3490 2550 3606; baseline -0.004 -41"><span class='ocrx_word' id='word_1_268' title='bbox 482 3508 675 3585; x_wconf 78' lang='lat' dir='ltr'>puto.</span> <span class='ocrx_word' id='word_1_269' title='bbox 772 3496 1142 3565; x_wconf 62' lang='lat' dir='ltr'>inte-iectus</span> <span class='ocrx_word' id='word_1_270' title='bbox 1195 3508 1295 3565; x_wconf 86' lang='lat' dir='ltr'>est</span> <span class='ocrx_word' id='word_1_271' title='bbox 1344 3496 1539 3563; x_wconf 85' lang='lat' dir='ltr'>etiam</span> <span class='ocrx_word' id='word_1_272' title='bbox 1598 3518 1808 3606; x_wconf 82' lang='lat' dir='ltr'>nuper</span> <span class='ocrx_word' id='word_1_273' title='bbox 1857 3495 2022 3561; x_wconf 86' lang='lat' dir='ltr'>liber</span> <span class='ocrx_word' id='word_1_274' title='bbox 2071 3494 2154 3571; x_wconf 87' lang='lat' dir='ltr'>is,</span> <span class='ocrx_word' id='word_1_275' title='bbox 2219 3514 2414 3577; x_wconf 74' lang='lat' dir='ltr'>quem</span> <span class='ocrx_word' id='word_1_276' title='bbox 2463 3490 2550 3557; x_wconf 82' lang='lat' dir='ltr'>ad</span> 
     </span>
     <span class='ocr_line' id='line_1_36' title="bbox 484 3586 2552 3673; baseline -0.004 -15"><span class='ocrx_word' id='word_1_277' title='bbox 484 3602 783 3660; x_wconf 78' lang='lat' dir='ltr'>nostrum</span> <span class='ocrx_word' id='word_1_278' title='bbox 798 3592 1095 3657; x_wconf 79' lang='lat' dir='ltr'>Atticum</span> <span class='ocrx_word' id='word_1_279' title='bbox 1112 3590 1197 3657; x_wconf 87' lang='lat' dir='ltr'>de</span> <span class='ocrx_word' id='word_1_280' title='bbox 1218 3600 1546 3659; x_wconf 73' lang='lat' dir='ltr'>senectute</span> <span class='ocrx_word' id='word_1_281' title='bbox 1571 3591 1889 3667; x_wconf 85' lang='lat' dir='ltr'>misimus3</span> <span class='ocrx_word' id='word_1_282' title='bbox 1923 3586 2362 3673; x_wconf 73' lang='lat' dir='ltr'>inprimisque,</span> <span class='ocrx_word' id='word_1_283' title='bbox 2390 3606 2552 3669; x_wconf 85' lang='lat' dir='ltr'>quo-</span> 
     </span>
     <span class='ocr_line' id='line_1_37' title="bbox 488 3678 2552 3773; baseline -0.003 -22"><span class='ocrx_word' id='word_1_284' title='bbox 488 3685 669 3751; x_wconf 71' lang='lat' dir='ltr'>niam</span> <span class='ocrx_word' id='word_1_285' title='bbox 706 3684 1117 3773; x_wconf 78' lang='lat' dir='ltr'>philosophia</span> <span class='ocrx_word' id='word_1_286' title='bbox 1158 3684 1257 3751; x_wconf 76' lang='lat' dir='ltr'>vir</span> <span class='ocrx_word' id='word_1_287' title='bbox 1300 3684 1509 3751; x_wconf 81' lang='lat' dir='ltr'>bonus</span> <span class='ocrx_word' id='word_1_288' title='bbox 1552 3684 1832 3751; x_wconf 76' lang='lat' dir='ltr'>efficitur</span> <span class='ocrx_word' id='word_1_289' title='bbox 1863 3694 1927 3749; x_wconf 87' lang='lat' dir='ltr'>et</span> <span class='ocrx_word' id='word_1_290' title='bbox 1973 3680 2186 3759; x_wconf 82' lang='lat' dir='ltr'>fortis,</span> <span class='ocrx_word' id='word_1_291' title='bbox 2231 3678 2400 3747; x_wconf 83' lang='lat' dir='ltr'>Cato</span> <span class='ocrx_word' id='word_1_292' title='bbox 2433 3700 2552 3745; x_wconf 90' lang='lat' dir='ltr'>no-</span> 
     </span>
     <span class='ocr_line' id='line_1_38' title="bbox 492 3777 2620 3865; baseline -0.004 -21"><span class='ocrx_word' id='word_1_293' title='bbox 492 3790 623 3845; x_wconf 84' lang='lat' dir='ltr'>ster</span> <span class='ocrx_word' id='word_1_294' title='bbox 654 3778 727 3845; x_wconf 78' lang='lat' dir='ltr'>iu</span> <span class='ocrx_word' id='word_1_295' title='bbox 759 3778 992 3845; x_wconf 82' lang='lat' dir='ltr'>horum</span> <span class='ocrx_word' id='word_1_296' title='bbox 1034 3779 1344 3845; x_wconf 75' lang='lat' dir='ltr'>librorum</span> <span class='ocrx_word' id='word_1_297' title='bbox 1387 3800 1655 3846; x_wconf 79' lang='lat' dir='ltr'>numero</span> <span class='ocrx_word' id='word_1_298' title='bbox 1700 3777 2036 3865; x_wconf 80' lang='lat' dir='ltr'>ponendus</span> <span class='ocrx_word' id='word_1_299' title='bbox 2069 3788 2186 3843; x_wconf 88' lang='lat' dir='ltr'>est.</span> <span class='ocrx_word' id='word_1_300' title='bbox 2273 3793 2548 3857; x_wconf 79' lang='lat' dir='ltr'>cumque</span> <span class='ocrx_word' id='word_1_301' title='bbox 2590 3793 2620 3833; x_wconf 73' lang='lat'><em>4</em></span> 
     </span>
     <span class='ocr_line' id='line_1_39' title="bbox 496 3869 2550 3985; baseline -0.004 -45"><span class='ocrx_word' id='word_1_302' title='bbox 496 3872 879 3941; x_wconf 79' lang='lat' dir='ltr'>Aristoteles</span> <span class='ocrx_word' id='word_1_303' title='bbox 923 3873 1203 3960; x_wconf 79' lang='lat' dir='ltr'>itemque</span> <span class='ocrx_word' id='word_1_304' title='bbox 1215 3872 1761 3985; x_wconf 81' lang='lat' dir='ltr'>Theophrastus,</span> <span class='ocrx_word' id='word_1_305' title='bbox 1812 3872 2197 3939; x_wconf 71' lang='lat' dir='ltr'>excellentes</span> <span class='ocrx_word' id='word_1_306' title='bbox 2239 3869 2362 3935; x_wconf 78' lang='lat' dir='ltr'>viri</span> <span class='ocrx_word' id='word_1_307' title='bbox 2402 3887 2550 3933; x_wconf 89' lang='lat' dir='ltr'>cum</span> 
     </span>
     <span class='ocr_line' id='line_1_40' title="bbox 498 3961 2550 4057; baseline -0.002 -26"><span class='ocrx_word' id='word_1_308' title='bbox 498 3966 851 4035; x_wconf 63' lang='lat' dir='ltr'>subtilitate</span> <span class='ocrx_word' id='word_1_309' title='bbox 901 3980 1041 4035; x_wconf 84' lang='lat' dir='ltr'>tum</span> <span class='ocrx_word' id='word_1_310' title='bbox 1092 3970 1306 4057; x_wconf 83' lang='lat' dir='ltr'>copia,</span> <span class='ocrx_word' id='word_1_311' title='bbox 1372 3990 1521 4035; x_wconf 85' lang='lat' dir='ltr'>cum</span> <span class='ocrx_word' id='word_1_312' title='bbox 1584 3966 1989 4055; x_wconf 74' lang='lat' dir='ltr'>philosophia</span> <span class='ocrx_word' id='word_1_313' title='bbox 2051 3964 2307 4031; x_wconf 87' lang='lat' dir='ltr'>dicendi</span> <span class='ocrx_word' id='word_1_314' title='bbox 2358 3961 2550 4029; x_wconf 87' lang='lat' dir='ltr'>etiam</span> 
     </span>
     <span class='ocr_line' id='line_1_41' title="bbox 488 4057 2551 4151; baseline -0.003 -21"><span class='ocrx_word' id='word_1_315' title='bbox 488 4073 841 4151; x_wconf 77' lang='lat' dir='ltr'>praecepta</span> <span class='ocrx_word' id='word_1_316' title='bbox 893 4064 1364 4143; x_wconf 84' lang='lat' dir='ltr'>coniunxerint,</span> <span class='ocrx_word' id='word_1_317' title='bbox 1416 4064 1619 4130; x_wconf 81' lang='lat' dir='ltr'>nostri</span> <span class='ocrx_word' id='word_1_318' title='bbox 1672 4082 1927 4147; x_wconf 85' lang='lat' dir='ltr'>quoque</span> <span class='ocrx_word' id='word_1_319' title='bbox 1981 4059 2236 4126; x_wconf 86' lang='lat' dir='ltr'>oratorii</span> <span class='ocrx_word' id='word_1_320' title='bbox 2286 4058 2432 4124; x_wconf 80' lang='lat' dir='ltr'>libri</span> <span class='ocrx_word' id='word_1_321' title='bbox 2484 4057 2551 4123; x_wconf 88' lang='lat' dir='ltr'>in</span> 
     </span>
    </p>
   </div>
  </div>
 </body>
</html>
