3292 4559
849 222 931 290 ΤΒ
1243 285 1251 294 ,
1468 231 1545 289 Μ.
1583 230 1860 288 TULLII
1894 228 2297 287 CICERONIS

841 358 1215 446 pisoemque
1267 358 1613 442 oepisoent,
1675 375 1881 440 usque
1927 373 2004 420 eo
2064 375 2354 440 premere
2408 375 2630 420 earum
2694 356 2908 443 capita

843 454 1187 530 mordicus,
1223 454 1377 518 dum
1411 450 1559 518 illae
1594 461 1855 536 captum
1889 450 2282 527 amitterent,
2317 449 2385 515 in
2418 450 2594 534 quod
2629 450 2773 537 ipsa
2807 452 2908 517 in-

844 550 1127 614 vaderet.
1215 546 1570 630 eademque
1604 545 1765 611 haec
1791 544 1931 610 avis
1966 544 2264 610 scribitur
2298 545 2559 611 conchis
2595 567 2665 611 se
2700 545 2907 612 solere

847 642 1143 730 conplere
1163 662 1267 706 eas
1275 662 1419 726 que,
1451 662 1595 706 oum
1622 637 1937 706 stomachi
1964 639 2172 704 calore
2193 639 2579 717 concoxerit,
2606 661 2903 706 evomere

742 762 818 802 125
847 749 1039 818 atquo
1083 734 1175 802 ita
1211 734 1447 822 eligere
1483 758 1562 800 ex
1603 733 1683 798 iis
1718 754 1886 818 quae
1930 742 2081 798 sunt
2124 733 2471 799 esculenta.
2557 756 2753 800 ranae
2789 757 2910 800 au-

847 842 979 894 tem
1015 830 1295 894 marinae
1331 830 1629 894 dicuntur
1664 828 1934 894 obruere
1971 849 2112 893 sese
2155 825 2397 893 harena
2430 827 2633 894 solere
2669 839 2737 894 et
2769 849 2910 894 mo·

847 926 979 990 veri
1011 946 1211 1010 prope
1247 946 1515 1010 aquam,
1556 921 1643 988 ad
1686 945 1849 1008 quas
1896 922 2082 1007 quasi
2127 921 2211 987 ad
2257 944 2471 987 escam
2513 922 2721 1008 pisces
2757 945 2909 991 cum

843 1022 1251 1098 aooesoerint,
1311 1018 1534 1086 confioi
1579 1042 1620 1084 a
1673 1017 1846 1084 ranis
1901 1030 2095 1103 atque
2147 1017 2457 1084 consumi.
2556 1017 2755 1084 miluo
2807 1030 2907 1085 est

843 1114 1167 1198 quoddam
1211 1114 1455 1178 bellum
1499 1112 1689 1198 quasi
1730 1114 2023 1179 naturale
2066 1135 2215 1179 cum
2259 1133 2483 1190 corvo;
2536 1135 2691 1199 ergo
2746 1113 2908 1180 alter

843 1210 1103 1274 alterius
1147 1210 1538 1290 ubicumque
1580 1220 1855 1273 nanctus
1900 1218 1999 1274 est
2032 1229 2157 1273 ova
2198 1207 2459 1293 frangit.
2547 1208 2709 1274 illud
2753 1229 2907 1274 vero

843 1304 927 1366 ab
963 1303 1307 1366 Aristotele
1347 1302 1882 1378 animadversum,
1919 1325 1960 1367 a
1986 1324 2114 1386 quo
2151 1301 2476 1388 pleraque,
2512 1302 2656 1386 quis
2691 1313 2905 1388 potest

843 1418 975 1462 uon
1027 1398 1282 1462 mirari?
1332 1419 1556 1482 grues,
1611 1418 1767 1462 cum.
1811 1397 1955 1463 loca
2006 1397 2311 1462 calidiora
2361 1407 2651 1482 petentes
2702 1397 2908 1464 maria

844 1494 1295 1568 transmittant,
1331 1490 1632 1578 trianguli
1651 1491 1903 1557 efficere
1921 1491 2227 1569 formam3
2263 1491 2401 1556 eius
2421 1501 2637 1558 autem
2656 1513 2908 1557 summo

847 1589 1083 1673 angulo
1135 1594 1243 1650 aiii·
1283 1582 1393 1670 [ab
1431 1582 1537 1670 iis]
1588 1584 1898 1651 adversus
1940 1585 2226 1672 pellitur,
2283 1583 2512 1651 deinde
2546 1584 2784 1666 sensim
2822 1585 2907 1652 ab

846 1693 1115 1762 utroque
1159 1682 1355 1746 latere
1403 1693 1732 1764 tamquam
1774 1678 1999 1756 remis,
2052 1678 2143 1744 ita
2177 1678 2389 1764 pinnis
2426 1701 2652 1745 cursus
2688 1679 2906 1747 avium

847 1774 1119 1850 levatum
1171 1774 1339 1842 basis
1376 1786 1591 1838 autem
1627 1773 1960 1860 trianguli,
2007 1794 2199 1857 quem
2234 1772 2523 1838 efficiunt
2555 1795 2784 1860 grues,
2828 1796 2908 1840 ea

847 1882 1171 1954 tamquam
1227 1894 1267 1934 a
1331 1869 1532 1954 puppi
1595 1866 1803 1938 ventis
1866 1868 2235 1945 adiuvatur,
2297 1889 2541 1952 eaeque
2602 1868 2672 1932 in
2724 1879 2907 1955 tergo

843 1966 1347 2050 praevolantium
1391 1966 1554 2030 oolla
1599 1974 1665 2029 et
1701 1962 1912 2048 capita
1956 1972 2304 2048 reponunt,
2356 1963 2531 2046 quod
2565 1962 2719 2046 quia
2765 1962 2905 2049 ipse

843 2058 972 2122 dux
1019 2058 1231 2122 faeere
1277 2082 1407 2122 non
1444 2067 1685 2145 potest,
1738 2057 1891 2141 quia
1923 2079 2054 2121 non.
2098 2057 2295 2122 habet
2327 2055 2441 2120 ubi
2484 2055 2750 2134 nitatur,
2804 2080 2907 2123 re-

843 2154 1043 2226 volat,
1095 2166 1171 2214 ut
1215 2154 1351 2238 ipse
1399 2174 1654 2236 quoque
1690 2151 1999 2236 quiescat.
2088 2151 2158 2216 in
2191 2150 2329 2217 eius
2371 2151 2585 2216 locum
2620 2151 2907 2218 succedit

843 2270 927 2310 eit
959 2246 1063 2322 iis,
1103 2266 1267 2330 quae
1307 2246 1717 2330 adquierunt,
1755 2268 1958 2331 eaque
1992 2245 2362 2310 vicissitudo
2396 2245 2465 2310 in
2501 2245 2675 2311 omni
2710 2265 2907 2313 cursu

740 2366 818 2406 iss
847 2354 1275 2406 conservatur.
1368 2342 1568 2406 multa
1603 2342 1740 2407 eius
1776 2340 1954 2405 modi
1991 2341 2279 2427 proferre
2312 2362 2606 2427 possum,
2644 2341 2757 2407 sed
2790 2364 2909 2428 ge-

843 2458 967 2502 nus
1003 2438 1215 2522 ipsum
1251 2438 1497 2502 videtis.
1583 2436 1716 2500 iam
1751 2456 1903 2502 vero
1937 2435 2049 2500 illa
2091 2435 2285 2500 etiam
2329 2434 2609 2512 notiora,
2663 2445 2905 2520 quanto

847 2554 915 2594 se
951 2554 1140 2617 opere
1191 2530 1549 2598 eustodiant
1584 2530 1859 2608 bestiae,
1913 2540 1985 2594 ut
2018 2530 2086 2594 in
2120 2539 2311 2615 pastu
2348 2529 2904 2617 circumspectent,

738 2643 810 2698 ω
844 2637 919 2690 ut
955 2626 1019 2690 iu
1059 2626 1371 2690 eubilibus
1411 2623 1788 2690 delitiscunt.
1859 2634 1924 2690 at
1959 2645 2155 2708 quam
2188 2623 2302 2690 illa
2333 2623 2671 2701 mirabilia,
2707 2623 2905 2708 quod,

847 2746 923 2786 ea
959 2742 1123 2804 quoe
1159 2746 1383 2806 nuper,
1420 2722 1487 2786 id
1522 2730 1620 2786 est
1655 2719 1879 2807 paucis
1907 2730 2056 2786 ante
2091 2720 2340 2798 saeclis,
2374 2721 2767 2787 medicorum
2804 2721 2907 2786 in-

843 2818 1047 2902 geniis
1099 2826 1351 2902 reporta
1399 2825 1573 2892 sunt,
1629 2814 1974 2881 vomitione
2019 2835 2255 2892 canes,
2290 2826 2642 2904 purgantes
2688 2826 2907 2882 autem

843 2914 1023 2974 alvos
1067 2910 1203 2974 ibes
1239 2909 1607 2994 Aegyptiae
1653 2921 1975 2976 curantur.
2064 2910 2355 2975 auditum
2398 2922 2498 2976 est
2538 2911 2905 2998 pantheras,

843 3022 1011 3086 quae
1047 3002 1115 3066 in
1151 3002 1445 3066 boi-baria
1491 3017 1804 3071 venenata
1849 3027 2041 3083 carne
2087 3014 2496 3090 caperentur,
2549 3005 2908 3071 remedium

843 3098 1169 3182 quoddam
1207 3098 1471 3174 habere,
1507 3121 1632 3184 quo
1671 3123 1819 3166 cum
1854 3111 2071 3166 essent
2104 3122 2283 3178 usae,
2318 3119 2448 3165 non
2484 3110 2906 3177 morerentur,

843 3214 1071 3278 oapras
1119 3205 1331 3258 autom
1367 3194 1432 3258 in
1471 3191 1667 3264 Creta
1699 3195 1872 3262 feras
1882 3242 1903 3273 ,
1950 3217 2100 3261 cum
2133 3204 2349 3261 essent
2384 3193 2676 3261 confixae
2710 3217 2907 3262 vene-

839 3286 1007 3355 natis
1047 3290 1323 3374 sagittis,
1359 3290 1622 3354 herbam
1658 3310 1996 3374 quaerere,
2045 3311 2212 3374 quae
2248 3289 2609 3355 dictamnus
2643 3310 2908 3356 vocare-

843 3394 967 3458 tur,
1003 3406 1196 3466 quatu
1235 3406 1383 3446 oum
1416 3383 1870 3470 gustavissent,
1906 3383 2172 3470 sagittas
2212 3383 2506 3449 excidere
2543 3380 2829 3472 [dicunt]
2867 3406 2904 3450 e

742 3502 814 3542 tn
843 3498 1131 3562 ool-pore3
1199 3498 1551 3562 oet-vaeque
1612 3477 1808 3562 paulo
1862 3488 2011 3543 ante
2071 3489 2328 3563 partum
2387 3488 2783 3564 perpurgant
2833 3499 2904 3544 se

843 3574 1119 3658 quadam
1159 3574 1443 3650 herbula,
1483 3596 1646 3658 quae
1682 3573 1903 3639 seselis
1939 3573 2188 3639 dicitur.
2256 3574 2389 3638 iam
2420 3573 2532 3640 illa
2565 3575 2905 3654 cernimus,

840 3678 911 3730 ut
948 3682 1170 3734 contra
1207 3670 1335 3730 vim
1371 3682 1435 3730 et
1468 3679 1713 3732 metum
1751 3667 1881 3732 suis
1917 3691 1988 3734 se
2022 3668 2214 3735 armis
2242 3690 2537 3753 quaeque
2566 3669 2902 3734 defendat:

843 3762 1139 3826 cot-uibus
1179 3762 1371 3838 tauri,
1427 3761 1564 3846 apri
1598 3761 1928 3841 dentibus,
1979 3785 2200 3828 morsu
2233 3763 2481 3839 leones,
2536 3762 2699 3828 aliae
2744 3763 2906 3849 fuga

843 3878 935 3933 se,
971 3858 1135 3922 aliae
1155 3858 1574 3922 occultatione
1603 3865 1921 3936 tutantur;
1957 3857 2292 3923 atramenti
2324 3857 2637 3922 effusione
2667 3857 2902 3943 sepiae,

844 3962 1099 4033 torpore
1136 3952 1526 4034 torpedines,
1571 3951 1813 4016 multae
1857 3951 2052 4018 etiam
2085 3951 2454 4018 insectantis
2492 3951 2704 4017 odoris
2739 3951 2907 4016 into-

847 4042 1095 4106 lerabili
1131 4042 1431 4110 foeditate
1467 4044 1812 4132 depellunt.
