3292 4559
1083 238 1191 295 DE.
1225 237 1565 295 LEGIBUS
1592 238 1641 293 1.
1677 240 1920 295 46—51.
2343 322 2348 329 Ι
2398 229 2533 299 265,

436 332 899 449 diligendum:
955 366 1073 447 p'er
1114 384 1185 427 se
1227 362 1425 448 igitur
1444 361 1569 427 'ius
1614 362 2180 448 est'expetendum
2214 374 2280 433 et
2313 366 2536 433 colena.

434 460 619 525 dum.
716 456 905 542 quod
956 456 1013 521 si
1062 455 1196 533 ius,
1250 456 1444 522 etiam
1486 457 1760 535 iustitia3
1813 458 1870 523 si
1921 458 2191 538 iustitia,
2242 460 2530 545 reliquae

433 572 710 639 quoque
748 550 1029 618 virtutes
1063 572 1181 635 per
1215 572 1285 617 se
1320 552 1627 617 colendae
1665 562 1833 617 sunt.
1921 552 2117 637 quid?
2177 554 2526 622 liberalitas

309 692 311 695 ψ
430 646 827 735 gratuitane
865 653 963 711 est
998 667 1083 711 an
1116 645 1589 711 mercennaria?
1625 645 1682 711 si
1715 646 1852 712 sine
1886 647 2171 733 praemio
2207 648 2524 736 benignus

430 745 555 818 est,
592 737 927 828 gratuita3
962 739 1020 805 si
1053 760 1203 805 cum
1234 740 1551 825 mercede,
1585 740 1923 807 conducta.
1984 764 2106 808 nec
2131 752 2228 808 est
2255 743 2524 811 dubium

430 836 601 920 quin
645 835 739 911 is,
790 832 908 917 qui
950 832 1234 899 liberalis
1277 833 1681 920 benignusve
1725 834 1987 913 dicitur,
2033 834 2349 915 officium,
2390 860 2522 909 non

429 928 735 997 fructum
785 938 1096 1011 sequatur
1108 952 1125 1005 3
1180 949 1335 1015 ergo
1378 927 1534 993 item
1575 928 1820 995 iustitia
1862 929 2019 995 nihil
2065 930 2305 1015 expetit
2336 953 2526 1017 prae-

430 1022 571 1102 mii,
610 1021 789 1089 nihil
825 1021 1045 1108 pretii=
1077 1044 1195 1109 per
1230 1046 1299 1087 se
1332 1022 1533 1109 igitur
1566 1024 1904 1109 expetitur.
1993 1024 2347 1109 eademque
2383 1048 2526 1091 om·

428 1118 623 1183 nium
668 1116 995 1181 virtutum
1040 1136 1237 1182 causa
1290 1132 1485 1201 atque
1531 1118 1846 1184 sententia
1887 1129 2006 1185 est.
2095 1130 2288 1204 atque
2325 1120 2518 1186 etiam
2560 1136 2613 1176 ⁴9

430 1211 488 1281 si
524 1209 1017 1287 emolumentis,
1052 1232 1185 1275 non
1218 1232 1337 1276 sua
1372 1221 1599 1296 sponte
1634 1212 1836 1277 virtus
1863 1213 2202 1300 expetitur,
2240 1236 2372 1280 una
2397 1214 2518 1281 erit

431 1306 681 1383 virtus,
730 1326 909 1389 quae
944 1304 1189 1371 malitia
1222 1305 1571 1373 rectissime
1606 1305 1884 1385 dicetur3
1936 1317 2011 1373 ut
2041 1307 2213 1375 enim
2247 1308 2520 1394 quisque

430 1421 755 1467 maxume
813 1397 901 1463 ad
952 1420 1143 1465 suum
1185 1399 1591 1465 commodum
1632 1400 1830 1467 refert
1875 1422 2317 1487 quaecumque
2361 1403 2517 1490 agit,

429 1495 523 1560 ita
570 1494 857 1559 minime
902 1504 1002 1559 est
1045 1493 1143 1558 vir
1185 1495 1427 1572 bonus,
1471 1506 1545 1559 ut
1578 1496 1692 1579 qui
1726 1496 2028 1561 virtutem
2061 1497 2349 1583 praemio
2383 1520 2520 1565 me·-

430 1588 712 1665 tiuntur,
750 1587 1003 1653 nullam
1038 1588 1340 1653 virtutem
1374 1588 1497 1653 nisi
1532 1588 1842 1655 malitiam
1877 1600 2134 1675 putent:
2187 1591 2302 1656 ubi
2346 1592 2515 1659 enim

436 1683 783 1753 beneficus
796 1727 817 1757 ,
884 1680 941 1745 si
998 1704 1189 1747 nemo
1253 1682 1513 1749 alterius
1566 1705 1764 1749 causa
1815 1684 2090 1769 benigne
2142 1683 2334 1751 facit?
2401 1685 2516 1751 ubi

429 1788 663 1863 gratus
677 1825 697 1855 ,
748 1776 807 1841 si
850 1796 983 1841 non
1024 1798 1175 1841 eum
1207 1777 1331 1862 ipsi
1367 1788 1635 1844 cernunt
1669 1778 1867 1863 grati,
1911 1778 2017 1843 cui
2048 1778 2335 1845 referunt
2368 1802 2518 1866 gra-

429 1871 637 1937 tiam?
694 1869 820 1937 ubi
852 1868 965 1935 illa
998 1879 1221 1935 sancta
1256 1871 1553 1948 amicitia,
1590 1872 1645 1937 si
1680 1894 1811 1937 non
1845 1872 1982 1957 ipse
2017 1873 2261 1937 amicus
2295 1895 2414 1959 per
2445 1896 2514 1939 se

426 1974 693 2031 amatur
730 1975 876 2031 toto
912 1974 1190 2050 pectore,
1226 1976 1301 2029 ut
1334 1965 1605 2031 dicitur?
1651 1965 1762 2049 qui
1797 1966 1990 2031 etiam
2026 1967 2412 2035 deserendus
2449 1978 2514 2034 et

430 2059 833 2125 abiciendus
876 2068 976 2124 est
1011 2058 1359 2145 desperatis
1404 2060 1850 2127 emolumentis
1887 2071 1952 2125 et
1984 2060 2329 2127 fructibus:
2384 2083 2512 2145 quo

429 2155 595 2237 quid
641 2164 868 2241 potest
912 2152 1039 2219 dici
1081 2153 1441 2219 inmanius?
1512 2155 1686 2238 quod
1731 2154 1790 2221 si
1824 2155 2110 2221 'amicitia
2150 2178 2267 2241 per
2301 2179 2370 2222 se
2406 2178 2512 2223 co-

309 2320 311 2325 ,
430 2248 633 2315 lenda
700 2262 834 2325 est,
896 2247 1167 2313 societas
1210 2269 1489 2334 ,quoque
1541 2249 1874 2313 hominum
1927 2260 1990 2316 et
2044 2250 2394 2335 aequalitas
2447 2261 2510 2319 et

430 2342 689 2407 iustitia
744 2364 863 2427 per
912 2364 983 2407 se
1034 2356 1123 2408 esc
1164 2343 1552 2429 expetenda:
1607 2344 1784 2427 quod
1825 2344 1894 2409 ni
1934 2344 2027 2411 ita
2068 2354 2196 2422 est,
2252 2346 2510 2411 omnino

432 2436 691 2501 iustitia
726 2436 906 2501 nulla
942 2447 1066 2514 est3
1101 2437 1172 2503 id
1206 2438 1379 2504 enim
1412 2438 1898 2505 iniustissimum
1930 2438 2146 2525 ipsum
2180 2448 2295 2516 est,
2331 2438 2514 2505 iusti-

432 2531 569 2597 tiae
606 2529 975 2596 mercedem
1007 2550 1332 2614 quaerere.
2079 2563 2086 2567 ·

574 2623 765 2705 Quid
808 2645 960 2689 vero
1004 2624 1085 2689 de
1130 2625 1471 2703 modestia,
1528 2626 1686 2712 quid
1731 2626 1812 2691 de
1857 2628 2305 2711 temperantia,
2353 2590 2616 2723 quid5O19

434 2718 521 2785 de
558 2718 979 2792 continentia,
1022 2718 1181 2799 quid
1214 2719 1295 2783 de
1331 2722 1746 2796 verecundia,
1794 2722 2039 2806 pudore
2073 2720 2508 2805 pudicitiaque

435 2809 779 2877 dicemus?
820 2808 1206 2876 infamiaene
1242 2822 1417 2877 metu
1450 2836 1583 2877 non
1616 2836 1756 2878 esse
1791 2813 2135 2899 petulantis
2171 2836 2256 2877 an
2290 2814 2510 2898 legum

434 2916 503 2973 et
557 2901 987 2969 iudiciorum?
1054 2902 1421 2970 innocentes
1476 2928 1631 2992 ergo
1685 2917 1750 2971 et
1801 2905 2152 2970 verecundi
2205 2916 2382 2981 sunt,
2436 2918 2509 2971 ut

438 3000 611 3065 bene
660 2997 957 3073 audiant,
1008 3010 1073 3063 et
1115 3008 1189 3062 ut
1228 3020 1549 3064 rumorem
1595 2999 1839 3065 bonum
1892 2998 2225 3085 colligant,
2282 3000 2510 3067 erube·

436 3102 667 3169 scunt3
721 3092 922 3179 pudet
964 3092 1161 3161 etiam
1207 3092 1385 3176 loqui
1437 3093 1519 3159 de
1570 3092 1912 3179 pudicitia:
1967 3104 2034 3158 at
2083 3116 2190 3159 me
2239 3094 2506 3161 istorum

438 3186 977 3271 philosophorum
1018 3186 1247 3273 pudet,
1290 3187 1403 3271 qui
1448 3188 1654 3253 ullum
1697 3187 1925 3251 vitium
1969 3188 2158 3254 vitari
2190 3188 2315 3254 nisi
2349 3191 2503 3256 vitio

436 3280 585 3366 ipso
628 3291 877 3345 mutato
922 3292 1169 3367 putant.
1257 3282 1414 3364 quid
1460 3282 1667 3348 enim?
1735 3303 2078 3368 possumus
2122 3305 2262 3361 eos,
2307 3284 2420 3367 qui
2463 3308 2504 3349 a
2547 3302 2600 3343 δι

438 3386 671 3459 stupro
708 3385 1005 3441 arcentur
1038 3375 1341 3441 infamiae
1376 3388 1571 3452 metu,
1607 3376 1876 3461 pudicos
1913 3378 2143 3455 dicere,
2182 3400 2331 3444 cum
2363 3378 2506 3463 ipsa

435 3466 715 3533 infamia
748 3479 1007 3555 propter
1040 3470 1132 3534 rei
1168 3469 1627 3555 turpitudinem
1663 3472 2130 3555 consequatur?
2164 3494 2316 3536 nam
2346 3471 2504 3555 quid

438 3572 556 3625 aut
590 3560 844 3625 laudari
877 3561 998 3627 rite
1030 3573 1145 3628 aut
1178 3564 1525 3649 vituperari
1560 3576 1790 3651 potest,
1825 3566 1900 3630 si‘
1917 3566 2000 3631 ab
2039 3587 2116 3631 eo
2143 3566 2500 3644 recesseriS,

438 3654 621 3738 quod
666 3666 780 3722 aut
822 3656 1216 3723 laudandum
1260 3670 1375 3724 aut
1418 3659 1912 3746 vituperandum
1950 3660 2175 3746 putes?
2245 3683 2330 3725 an
2365 3682 2504 3727 cor-

438 3749 617 3833 poris
662 3751 1040 3835 pravitates,
1086 3752 1142 3817 si
1186 3763 1371 3819 erunt
1414 3754 1843 3841 perinsignes,
1887 3754 2217 3821 habebunt
2261 3754 2503 3840 aliquid

441 3842 848 3923 offensionis,
892 3844 1089 3912 animi
1132 3846 1501 3913 deformitas
1544 3870 1677 3914 non
1711 3848 2012 3915 habebit?
2081 3850 2264 3915 cuius
2301 3850 2503 3959 turpi-

444 3936 601 4003 tudo
646 3962 729 4003 ex
772 3940 943 4052 ipsis·
972 3941 1145 4009 vitiis
1188 3942 1489 4011 facillime
1533 3942 1809 4030 perspici
1842 3954 2083 4029 potest·
2064 3991 2083 4022 ,
2139 3943 2294 4027 quid
2329 3944 2500 4010 enim

441 4028 695 4098 foedius
721 4036 1007 4115 avaritia,
1042 4036 1245 4121 quid
1225 4037 1543 4103 inmanius
1570 4038 1854 4115 libidine,
1892 4038 2049 4124 quid
2076 4040 2500 4126 contemptius
