3292 4559
909 255 1018 310 DE
1049 254 1385 315 DEORUM.
1410 255 1739 314 NATURA
1769 254 1847 310 11.
1884 255 2157 312 ‚aff—105.
2477 247 2561 319 11.
2598 270 2603 282 ¹

505 395 713 449 trema
747 403 860 446 ora
895 395 957 445 et
995 377 1436 444 determinatio
1469 378 1725 454 mundi,
1770 379 1837 442 in
1874 401 2003 464 quo
2038 401 2186 448 cum
2220 380 2565 446 admirabi-

505 477 684 542 litate
719 473 998 540 maxima
1039 473 1268 562 igneae
1313 471 1560 538 formae
1604 494 1829 538 cursus
1865 472 2187 540 ordinatos
2231 475 2561 540 definiunt.

509 593 544 636 e
591 568 822 654 quibus
873 569 999 645 sol,
1051 568 1234 634 cuius
1285 566 1731 654 magnitudine
1781 567 1999 632 multis
2051 568 2341 654 partibus
2394 580 2564 635 terra
2588 593 2667 634 108

507 674 871 750 superatur,
925 663 1164 728 circum
1210 684 1353 727 eam
1404 661 1612 748 ipsam
1657 659 1966 738 volvitur,
2016 662 2201 746 isque
2242 663 2453 731 oriens
2499 674 2565 730 et

507 757 800 823 occidens
838 756 1008 822 diem
1041 765 1422 840 noctemque
1451 756 1707 820 conficit
1743 769 1805 822 et
1842 755 2032 821 modo
2060 757 2393 835 accedens,
2425 767 2567 821 tum

507 862 723 916 autem
765 850 1070 916 recedens
1083 897 1101 926 ,
1153 849 1338 914 binas
1383 849 1448 914 in
1494 849 1763 934 singulis
1808 848 1991 913 annis
2036 850 2429 916 reversiones
2480 849 2566 915 ab

505 956 793 1009 extremo
828 944 1175 1010 contrarias
1209 943 1396 1020 facit,
1432 965 1703 1026 quarum
1738 943 1809 1007 in
1838 943 2174 1008 intervallo
2208 953 2346 1008 tum
2381 943 2567 1028 quasi

507 1037 764 1102 tristitia
797 1038 1078 1121 quadam
1113 1037 1428 1102 contrahit
1463 1049 1718 1114 terram,
1754 1048 1895 1102 tum
1929 1037 2211 1103 vicissim
2241 1038 2566 1116 laetificat,
2659 1095 2665 1117 ,

506 1142 580 1196 ut
616 1154 764 1196 cum
798 1131 976 1198 caelo
1009 1131 1285 1196 hilarata
1314 1131 1624 1198 videatur.
1677 1132 1833 1196 luna
1868 1141 2103 1206 autem,
2139 1152 2305 1215 quae
2340 1142 2457 1210 est,
2492 1143 2567 1197 ut
2591 1155 2671 1197 1⁰⁸

507 1225 849 1290 ostendunt
885 1225 1346 1301 mathematici,
1382 1224 1586 1290 maior
1622 1246 1819 1309 quam
1856 1224 2119 1290 dimidia
2151 1247 2301 1311 pars
2335 1237 2565 1304 terrae,

506 1319 710 1384 isdem
745 1319 966 1404 spatiis
1001 1330 1303 1405 vagatur,
1356 1319 1590 1404 quibus
1633 1319 1759 1404 sol,
1813 1319 1929 1384 sed
1971 1329 2111 1384 tum
2144 1319 2564 1405 congrediens
2667 1321 2669 1324 ’

507 1437 655 1479 cum
690 1414 853 1492 sole,
905 1425 1044 1479 tum
1089 1414 1499 1500 degrediens,
1553 1424 1618 1480 et
1654 1437 1799 1480 eam
1831 1415 2073 1491 lucem,
2125 1435 2323 1499 quam
2356 1437 2398 1480 a
2430 1415 2565 1479 sole

507 1508 781 1595 accepit,
833 1508 1026 1573 mittit
1068 1509 1138 1575 in
1179 1521 1380 1575 terras
1423 1519 1489 1575 et
1541 1509 1751 1575 varias
1794 1509 1937 1594 ipsa
1979 1507 2141 1574 lucis
2184 1508 2564 1574 mutationes

502 1602 727 1680 habet,
774 1612 967 1687 atque
1012 1603 1207 1670 etiam
1241 1615 1382 1668 tum
1417 1603 1706 1669 subiecta
1753 1614 1947 1689 atque
1984 1603 2277 1689 opposita
2312 1603 2431 1668 soli
2462 1625 2567 1667 ra-

507 1697 644 1762 dios
671 1697 808 1763 eius
835 1707 900 1762 et
932 1697 1152 1763 lumen
1177 1697 1497 1772 obscurat,
1533 1708 1671 1762 tum
1698 1697 1841 1782 ipsa
1865 1696 2151 1762 incidens
2177 1697 2247 1762 in
2269 1696 2567 1762 umbram

505 1805 741 1866 terrae,
778 1812 926 1856 cum
963 1807 1060 1856 est
1105 1813 1140 1855 e
1173 1791 1438 1875 regione
1474 1790 1657 1867 solis,
1691 1789 2070 1875 interpositu
2100 1790 2565 1874 interiectuque

505 1899 712 1948 terrae
748 1895 1012 1967 repente
1049 1883 1282 1948 deficit.
1349 1882 1684 1966 isdemque
1720 1883 1940 1966 spatiis
1978 1905 2091 1948 eae
2127 1884 2368 1962 stellae,
2402 1905 2564 1968 quas

507 1999 708 2062 vagas
746 1977 1047 2052 dicimus,
1093 1977 1334 2041 circum
1375 1986 1610 2041 terram
1655 1976 1949 2041 feruntur
1984 1975 2337 2060 eodemque
2372 1976 2565 2041 modo

509 2072 800 2136 oriuntur
836 2083 894 2136 et
935 2071 1252 2148 occidunt,
1290 2092 1562 2155 quarum
1597 2081 1811 2136 motus
1848 2081 1987 2136 tum
2018 2071 2393 2150 incitantur,
2426 2082 2567 2136 tum

505 2167 940 2244 retardantur,
995 2189 1186 2253 saepe
1232 2167 1426 2232 etiam
1458 2165 1794 2244 insistunt3
1840 2187 1971 2250 quo
2006 2166 2370 2252 spectaculo
2406 2167 2567 2232 nihil
2591 2187 2671 2230 104

504 2272 716 2348 potest
750 2261 1184 2327 admirabilius
1231 2284 1369 2327 esse
1383 2309 1402 2338 ,
1453 2259 1612 2324 nihil
1655 2260 2003 2346 pulchrius.
2094 2261 2382 2344 sequitur
2416 2261 2569 2326 stel-

504 2359 714 2422 larum
762 2355 1179 2422 inerrantium
1226 2356 1514 2421 maxima
1565 2355 1940 2432 multitudo,
1996 2376 2269 2440 quarum
2311 2353 2403 2420 ita
2453 2355 2569 2420 de-

507 2451 744 2536 scripta
777 2449 1098 2516 distinctio
1133 2459 1260 2527 est,
1305 2460 1380 2515 ut
1423 2472 1506 2514 ex
1545 2460 1845 2514 notarum
1876 2448 2230 2534 figurarum
2274 2448 2569 2514 similitu-

507 2543 654 2611 dine
709 2545 968 2610 nomina
1016 2543 1416 2610 invenerint.'
1521 2554 1716 2627 atque
1775 2541 1901 2608 hoc
1950 2543 2095 2608 loco
2144 2563 2249 2608 me
2308 2543 2565 2609 intuens
2596 2560 2669 2616 41

507 2638 709 2704 ‘utar’
763 2639 971 2724 inquit
1024 2637 1442 2705 ‘carminibus
1476 2636 1768 2714 Arateis,
1824 2658 1991 2721 quae
2024 2659 2066 2701 a
2109 2647 2173 2702 te
2220 2636 2567 2703 admodum

510 2733 989 2799 adulescentulo
1041 2753 1350 2799 conversa
1407 2731 1500 2795 ita
1550 2753 1655 2796 me
1711 2731 2058 2808 delectant,
2122 2730 2277 2814 quia
2327 2729 2567 2795 Latina

511 2836 658 2892 sunt
740 2837 812 2890 ut
847 2826 1050 2890 multa
1085 2849 1166 2891 ex
1200 2826 1279 2889 iis
1315 2824 1624 2890 memoria
1659 2835 1933 2890 teneam.
2023 2845 2175 2910 ergo
2184 2871 2205 2901 ,
2260 2833 2331 2890 ut
2365 2823 2566 2892 oculis

512 2919 778 3004 adsidue
814 2917 1127 2995 videmus,
1163 2918 1300 2984 sine
1336 2919 1470 2983 ulla
1503 2917 1856 2984 mutatione
1891 2929 2005 2984 aut
2038 2917 2345 2985 varietate

687 3049 900 3103 cetera
930 3037 1235 3104 labuntur
1269 3037 1461 3103 celeri
1497 3037 1797 3103 caelestia
1830 3049 2036 3114 motu,

688 3154 836 3199 cum
872 3131 1178 3215 caeloque
1212 3131 1404 3196 simul
1433 3130 1769 3216 noctisque
1804 3131 2070 3216 diesque
2102 3133 2425 3210 feruntur,

516 3266 791 3330 quorum
853 3241 1386 3328 contemplatione
1448 3240 1687 3307 nullius
1748 3243 1992 3329 expleri
2054 3255 2265 3332 potest
2316 3243 2566 3308 animus
2594 3262 2673 3304 105

515 3349 782 3406 naturae
817 3336 1237 3403 constantiam
1271 3335 1489 3402 videre
1525 3335 1862 3422 cupientis.

689 3453 1138 3526 extremusque
1173 3440 1337 3514 adeo
1373 3437 1616 3526 duplici
1651 3439 1730 3505 de
1766 3439 2025 3506 cardine
2061 3451 2281 3506 vertex

689 3535 918 3602 dicitur
952 3556 1095 3601 esse
1125 3521 1332 3621 p'olus.

518 3651 691 3716 hunc
725 3647 967 3713 circum
989 3645 1226 3711 Arctoe
1255 3645 1422 3712 duae
1455 3644 1768 3722 feruntur,
1801 3665 2156 3728 numquam
2183 3640 2571 3709 occidentes:

691 3773 773 3818 ex
807 3748 907 3813 his
942 3749 1142 3814 altera
1175 3749 1347 3834 apud
1386 3745 1619 3814 Graios
1659 3743 1999 3834 Cynosura
2032 3757 2315 3822 vocatur,

694 3844 895 3910 altera
929 3842 1160 3908 dicitur
1193 3864 1334 3908 esse
1369 3842 1632 3920 Helice,

523 3946 706 4012 cuius
741 3941 1001 4029 quidem
1037 3945 1420 4010 clarissimas
1456 3945 1673 4010 stellas
1719 3943 1868 4009 totis
1903 3941 2197 4008 noctibus
2234 3941 2573 4022 cernimus,

695 4069 856 4135 quas
890 4048 1089 4114 nostri
1123 4059 1368 4135 septem
1403 4047 1572 4114 soliti
1607 4047 1889 4114 vocitare
1923 4044 2213 4114 Triones.
