3292 4559
620 1902 691 1958 20

627 1976 681 2015 46

620 2864 671 2904 4⁷

737 260 867 329 232
1346 270 1423 325 M.
1461 270 1735 329 TULLII
1770 271 2170 331 CICERONIS

729 400 854 466 hoc
908 396 1321 475 dissentiunt,
1377 395 1751 463 confitentes
1805 418 1938 463 non
1995 398 2134 463 fieri
2187 398 2603 467 adsensiones
2659 404 2806 473 sine

728 492 1178 581 praecursione
1226 492 1539 570 visorum,
1587 491 1828 571 dicent,
1876 492 1932 558 si
1967 492 2183 559 omnia
2215 493 2350 561 fato
2385 495 2617 563 fierent
2653 498 2806 565 eius

727 587 931 667 modi,
977 599 1053 653 ut
1084 586 1244 653 nihil
1277 587 1460 654 fieret
1493 586 1617 652 nisi
1652 588 2137 675 praegressione
2173 610 2435 667 causae,
2481 592 2807 659 confiten-

729 683 887 749 dum
920 704 1061 749 esse
1104 681 1240 748 fato
1286 682 1425 749 fieri
1470 680 1714 748 omnia:
1761 704 1842 749 ex
1886 704 2014 767 quo
2061 682 2252 751 facile
2293 683 2630 753 intellectu
2675 699 2804 766 est,

730 776 1034 862 quoniam
1078 776 1331 861 utrique
1375 774 1703 862 patefacta
1745 787 1938 861 atque
1973 777 2274 863 explicita
2319 781 2634 846 sententia
2669 804 2804 847 sua

730 871 815 936 ad
850 871 1127 937 eundem
1162 870 1407 937 exitum
1441 869 1732 947 veniant,
1769 871 1983 937 verbis
2018 894 2150 949 eos,
2185 894 2316 939 non
2349 896 2421 940 re
2457 874 2794 941 dissidere.

730 965 1117 1050 omninoque
1152 986 1303 1031 cum
1347 964 1509 1030 haec
1543 965 1625 1030 sit
1659 964 2010 1045 distinctio,
2056 978 2131 1033 ut
2165 966 2554 1053 quibusdam
2585 969 2656 1036 in
2685 992 2798 1035 re·-

729 1059 853 1127 bus
896 1069 1057 1126 'vere
1106 1059 1232 1125 dici
1276 1059 1507 1146 possit,
1562 1082 1712 1127 cum
1755 1059 1878 1127 hae
1915 1082 2148 1129 causae
2183 1073 2594 1151 antegressae
2639 1066 2798 1143 sint,

731 1174 864 1220 non
900 1177 1041 1221 esse
1074 1154 1142 1219 in
1175 1165 1395 1220 nostra
1429 1165 1774 1241 potestate,
1811 1156 1966 1240 quin
1999 1156 2112 1221 illa
2145 1157 2476 1236 eveniant,
2512 1178 2800 1244 quorum

730 1269 963 1315 causae
991 1247 1250 1325 fuerint,
1280 1247 1671 1332 quibusdam
1695 1258 1914 1315 autem
1931 1249 1998 1315 in
2015 1251 2208 1316 rebus
2227 1252 2440 1318 causis
2455 1264 2802 1339 antegres-

728 1341 815 1406 sis
848 1342 917 1405 in
950 1351 1169 1407 nostra
1202 1351 1418 1407 tamen
1446 1364 1587 1408 esse
1621 1354 1960 1429 potestate,
1993 1356 2068 1411 ut
2099 1345 2260 1412 illud
2290 1347 2470 1413 aliter
2503 1348 2797 1427 eveniat,

725 1434 893 1499 hanc
928 1434 1396 1501 distinctionem
1420 1436 1687 1522 utrique
1723 1436 2098 1524 adprobant,
2133 1440 2250 1507 sed
2281 1440 2466 1507 alteri
2497 1454 2798 1521 censent,

726 1526 962 1613 quibus
1011 1528 1080 1595 in
1122 1529 1345 1608 rebus,
1401 1552 1549 1596 eum
1596 1552 1828 1598 causae
1874 1533 2357 1614 antecesserint,
2411 1558 2542 1603 non
2589 1536 2675 1603 sit
2716 1538 2798 1603 in

724 1632 944 1687 nostra
987 1632 1303 1708 potestate
1348 1633 1423 1689 ut
1466 1623 1651 1690 aliter
1691 1624 1842 1691 illae
1893 1628 2218 1707 eveniant,
2273 1653 2383 1697 eas
2436 1631 2568 1697 fato
2619 1631 2794 1709 fleri,

725 1737 892 1800 quae
942 1727 1159 1784 autem
1208 1718 1277 1783 in
1328 1728 1547 1784 nostra
1598 1730 1914 1805 potestate
1967 1721 2113 1803 sint,
2166 1725 2250 1790 ab
2291 1724 2370 1791 iis
2417 1725 2624 1791 fatum
2665 1727 2796 1793 ab—

726 1833 867 1877 esse
900 1826 939 1866 ὓ
958 1827 996 1867 ὓ
1014 1827 1053 1867 '²‘

852 1906 1001 1973 Hoc
1043 1906 1236 1972 modo
1280 1908 1449 1975 hanc
1494 1930 1756 1976 causam
1801 1910 2141 1998 disceptari
2186 1927 2466 2001 oportet,
2489 1931 2496 1935 ’
2519 1939 2648 1985 non
2699 1921 2794 1985 ab

724 2000 954 2066 atomis
997 2002 1357 2069 errantibus
1400 2014 1465 2069 et
1510 2004 1591 2072 de
1626 2006 1734 2071 via
1767 2005 2236 2075 declinantibus
2279 2022 2500 2097 petere
2540 2016 2797 2100 praesi-

723 2095 921 2161 dium.
1011 2095 1345 2163 ‘declinat'
1391 2098 1599 2183 inquit
1644 2101 1967 2166 ‘atomus.'
2054 2103 2334 2189 primum
2385 2108 2540 2173 cur?
2589 2108 2791 2175 aliam

722 2188 893 2254 enim
929 2190 1254 2273 quandam
1297 2192 1429 2257 vim
1473 2204 1688 2258 motus
1724 2194 2049 2261 habebant
2085 2220 2125 2263 a
2157 2198 2534 2267 Democrito
2566 2202 2792 2289 inpul-

719 2283 945 2359 sionis,
989 2305 1183 2368 quam
1217 2284 1479 2371 plagam
1508 2286 1619 2352 ille
1654 2289 1966 2373 appellat,
2001 2313 2042 2356 a
2075 2302 2172 2371 te,
2207 2292 2518 2380 Epicure,
2563 2296 2796 2383 gravi—

719 2376 869 2443 tatis
913 2386 979 2441 et
1021 2378 1343 2462 ponderis.
1432 2400 1600 2463 quae
1646 2402 1804 2468 ergo
1848 2404 2020 2450 nova
2055 2407 2251 2453 causa
2282 2388 2352 2455 in
2393 2401 2626 2458 natura
2657 2390 2794 2470 est,

720 2490 851 2553 qua
883 2468 1159 2536 declinet
1198 2472 1491 2537 atomus?
1535 2483 1647 2539 aut
1690 2496 1849 2541 num
1883 2478 2235 2546 sortiuntur
2264 2481 2432 2549 inter
2465 2506 2565 2564 se,
2607 2505 2788 2569 quae

719 2561 1014 2642 declinet,
1051 2585 1217 2648 quae
1251 2565 1421 2629 non?
1456 2578 1570 2633 aut
1604 2588 1722 2634 cur
1754 2572 2018 2638 minimo
2054 2574 2377 2643 declinent
2418 2578 2782 2660 intervallo,

717 2656 957 2725 maiore
999 2659 1169 2723 non?
1221 2668 1334 2724 aut
1378 2680 1494 2725 cur
1538 2661 1858 2732 declinent
1901 2688 2034 2733 uno
2067 2669 2332 2738 minimo
2343 2718 2364 2749 ‚
2416 2695 2547 2739 non
2579 2674 2784 2741 decli-

716 2761 873 2817 nent
924 2750 1175 2818 duobus
1228 2762 1341 2817 aut
1392 2753 1640 2823 tribus?
1695 2771 1916 2845 optare
1967 2759 2092 2827 hoc
2146 2764 2408 2851 quidem
2463 2779 2588 2847 est,
2640 2790 2778 2835 non

718 2844 1071 2931 disputare,
1107 2867 1260 2911 nam
1293 2868 1504 2933 neque
1535 2854 1927 2921 extrinsecus
1959 2856 2281 2944 inpulsam
2309 2870 2594 2929 atomum
2628 2863 2780 2930 loco

715 2938 960 3003 moveri
995 2949 1059 3005 et
1096 2938 1416 3009 declinare
1453 2945 1640 3025 dieis,
1683 2970 1896 3034 neque
1940 2950 2007 3015 in
2041 2951 2154 3017 illo
2196 2954 2400 3035 inani,
2446 2980 2564 3043 per
2595 2960 2778 3045 quod

716 3031 959 3097 feratur
1010 3042 1291 3113 atomus,
1344 3039 1692 3126 quicquam
1735 3042 1935 3111 fuisse
1989 3066 2224 3115 causae
2268 3071 2384 3115 cur
2427 3074 2508 3118 ea
2547 3074 2677 3119 non
2737 3079 2776 3121 e

713 3124 975 3210 regione
1020 3127 1313 3211 ferretur,
1364 3156 1485 3201 nec
1536 3135 1605 3202 in
1648 3136 1794 3223 ipsa
1835 3150 2050 3208 atomo
2102 3145 2471 3233 mutationis
2488 3188 2494 3196 ›·
2525 3149 2786 3237 aliquid·

711 3218 955 3285 factum
988 3234 1106 3301 est,
1142 3246 1339 3309 quam
1366 3227 1450 3291 ob
1485 3249 1623 3297 rem
1657 3236 2014 3327 naturalem
2046 3248 2292 3303 motum
2329 3240 2431 3305 sui
2463 3243 2774 3327 ponderis

709 3335 839 3381 non
890 3326 1153 3386 teneret.
1239 3321 1331 3387 ita
1382 3344 1530 3389 cum
1583 3328 1899 3395 attulisset
1947 3332 2194 3397 nullam
2246 3355 2537 3414 causam,
2600 3360 2776 3424 quae

690 3408 899 3475 ‘istam
950 3410 1438 3483 declinationem
1480 3418 1793 3500 efficeret,
1848 3434 2063 3491 tamen
2107 3427 2350 3512 aliquid
2385 3430 2508 3495 sibi
2553 3432 2774 3499 dicere

708 3504 982 3585 videtur,
1019 3529 1167 3575 cum
1202 3510 1270 3575 id
1304 3510 1495 3591 dicat,
1532 3516 1709 3599 quod
1743 3520 2030 3586 omnium
2061 3534 2310 3589 mentes
2346 3538 2774 3613 aspernentur

710 3620 787 3665 ac
819 3615 1144 3686 respuant.
1232 3628 1353 3672 nec
1388 3628 1543 3675 vero
1576 3609 1918 3696 quisquam
1951 3616 2162 3703 magis
2196 3618 2586 3688 confirmare
2603 3622 2774 3689 mihi

707 3692 961 3759 videtur
1002 3718 1133 3763 non
1178 3698 1371 3765 modo
1414 3700 1654 3782 fatum,
1699 3727 1925 3775 verum
1973 3709 2166 3776 etiam
2209 3716 2654 3783 necessitatem
2697 3729 2774 3784 et

706 3788 838 3852 vim
874 3789 1161 3855 omnium
1192 3812 1437 3873 rerum,
1482 3798 1944 3887 sustulisseque
1977 3816 2188 3871 motus
2235 3806 2433 3874 animi
2467 3810 2779 3878 volunta·-

704 3879 861 3957 rios,
898 3901 1096 3965 quam
1129 3881 1262 3963 hic,
1309 3886 1422 3972 qui
1468 3890 1652 3959 aliter
1695 3894 2003 3964 obsistere
2045 3898 2179 3965 fato
2223 3900 2463 3989 fatetur
2505 3926 2576 3971 se
2620 3926 2760 3972 non

704 3976 1022 4059 potuisse,
1068 3978 1193 4045 nisi
1238 3982 1321 4049 ad
1356 3984 1472 4053 has
1518 3992 1996 4060 commenticias
2041 3995 2496 4067 declinationes
2531 4002 2772 4067 confu-

700 4066 920 4153 gisset.
1007 4096 1159 4141 nam
1212 4089 1285 4145 ut
1337 4093 1547 4151 essent
1600 4086 1826 4166 atomi,
1871 4108 2041 4174 ⁴quas
2095 4091 2355 4177 quidem
2407 4116 2546 4162 esse
2599 4096 2765 4167 mihi
