3292 4559
640 761 718 813 21‘

652 832 703 871 τε

659 1827 710 1864 73

650 3021 699 3059 74

744 251 834 317 72
1156 231 1162 242 ’
1215 204 1224 211 ’
1279 245 1283 251 ’
1359 255 1437 311 M.
1474 255 1746 312 TULLn
1782 252 2183 346 clcmoms

743 393 1157 472 praeceptum
1192 379 1260 444 in
1294 378 1620 445 beneficiis
1657 399 1976 462 operaque
2012 378 2243 454 danda,
2279 401 2360 443 ne
2387 378 2549 462 quid
2575 390 2789 444 contra

742 477 1134 563 aequitatem
1186 474 1564 551 contendas,
1596 496 1679 539 ne
1732 473 1889 556 quid
1939 494 2055 558 pro
2099 473 2359 550 iniuria3
2413 473 2791 538 fundamen-

742 586 884 639 tum
926 573 1097 639 enim
1144 582 1241 636 est
1286 579 1632 656 perpetuae
1669 567 2234 633 commendationis
2269 580 2333 634 et
2363 568 2579 634 famae
2616 569 2792 633 iusti-

744 669 855 744 tia,
891 668 1027 732 sine
1062 686 1194 750 qua
1226 663 1384 728 nihil
1417 674 1627 748 potest
1663 685 1803 729 esse
1833 662 2176 726 laudabile.

875 759 1038 836 Sed,
1074 757 1375 844 quoniam
1408 757 1491 822 de
1526 779 1603 822 eo
1636 780 1873 842 genere
1909 756 2363 821 beneficiorum
2397 755 2642 822 dictum
2677 768 2792 833 est,

747 876 913 937 quae
950 853 1033 918 ad
1069 853 1356 939 singulos
1391 861 1702 936 spectant,
1740 849 2038 935 deinceps
2073 850 2152 916 de
2188 849 2295 928 iis,
2331 870 2499 934 quae
2533 850 2620 915 ad
2656 851 2795 914 uni-

745 969 963 1013 versos
998 968 1293 1031 quaeque
1330 946 1412 1010 ad
1446 967 1582 1010 rem
1611 944 1936 1030 publicam
1962 945 2299 1029 pertinent,
2338 943 2794 1030 disputandum

746 1053 862 1107 est.
951 1064 1171 1107 eorum
1219 1051 1432 1105 autem
1478 1038 1765 1125 ipsorum
1809 1039 2040 1124 partim
2083 1039 2219 1104 eius
2269 1038 2444 1103 modi
2480 1049 2671 1118 sunt,
2722 1052 2794 1104 ut

746 1137 830 1202 ad
863 1137 1193 1201 universos
1229 1135 1386 1201 civis
1421 1132 1812 1219 pertineant,
1857 1133 2121 1219 partim,
2165 1133 2451 1218 singulos
2498 1142 2570 1198 ιιι
2606 1134 2794 1199 attin-

745 1241 929 1316 gant,
974 1251 1138 1313 quae
1188 1241 1338 1293 sunt
1382 1229 1576 1294 etiam
1622 1229 1922 1314 gratiora.
2012 1228 2225 1292 danda
2275 1249 2474 1312 opera
2518 1239 2617 1293 est
2661 1250 2797 1293 om—

743 1324 923 1398 nine,
969 1325 1024 1386 si
1065 1322 1293 1406 possit,
1340 1321 1658 1406 utrisque,
1702 1345 1822 1388 nec
1865 1321 2105 1399 minus,
2162 1332 2237 1386 ut
2280 1323 2472 1387 etiam
2524 1323 2797 1408 singulis

745 1416 1138 1492 consulatur,
1194 1416 1307 1481 sed
1359 1417 1478 1494 ita,
1532 1429 1605 1481 ut
1667 1439 1744 1482 ea
1793 1439 1895 1481 res
1948 1428 2060 1481 aut
2100 1415 2302 1502 prosit
2343 1426 2455 1481 aut
2498 1428 2673 1483 certe
2715 1439 2797 1481 ne

744 1511 914 1576 obsit
953 1511 1047 1575 rei
1091 1510 1405 1596 publicae.
1497 1507 1576 1576 C.
1616 1509 1898 1576 Gracchi
1942 1511 2356 1577 frumentaria
2399 1534 2639 1597 magna
2672 1512 2799 1576 lar-

743 1605 931 1691 gitio,
986 1604 1402 1673 exhauriebat
1452 1604 1651 1691 igitur
1695 1604 2040 1670 aerarium:
2095 1606 2347 1673 modica
2385 1605 2484 1670 Μ.
2535 1602 2800 1671 Octavii

746 1713 810 1766 et
860 1701 955 1766 rei
1006 1700 1302 1787 publicae
1354 1700 1699 1766 tolerabilis
1752 1711 1817 1764 et
1866 1699 2041 1786 plebi
2091 1701 2477 1777 necessaria,
2531 1723 2691 1788 ergo
2735 1713 2799 1767 et

747 1794 991 1860 civibus
1027 1805 1093 1858 et
1125 1794 1219 1859 rei
1257 1793 1551 1878 publicae
1586 1793 1901 1858 salutaris.
1964 1794 2032 1858 in
2065 1794 2286 1879 primis
2321 1805 2536 1861 autem
2573 1796 2796 1861 viden-

746 1889 900 1953 dum
944 1888 1063 1953 erit
1107 1889 1196 1964 ei,
1239 1888 1353 1971 qui
1394 1910 1531 1954 rem
1576 1887 1901 1972 publicam
1945 1887 2440 1966 administrabit,
2486 1901 2561 1955 ut
2607 1913 2798 1955 suum

743 1982 1015 2066 quisque
1051 1993 1266 2047 teneat
1298 2003 1505 2065 neque
1542 1982 1623 2046 de
1658 1981 1841 2046 bonis
1878 1981 2271 2065 privatorum
2303 1982 2559 2067 publice
2597 1984 2798 2049 demi-

742 2077 922 2140 nutio
964 2076 1103 2152 fiat3
1153 2075 1506 2160 perniciose
1551 2075 1724 2140 enim
1754 2075 2093 2160 Philippus
2136 2075 2207 2140 in
2241 2076 2600 2154 tribunatu,
2647 2101 2794 2143 cum

741 2170 952 2255 legem
986 2169 1303 2254 agrariam
1335 2168 1561 2245 ferret,
1598 2190 1794 2252 quam
1827 2179 2040 2234 tamen
2074 2169 2390 2253 antiquari
2424 2169 2617 2236 facile
2649 2194 2796 2256 pas-

744 2285 851 2326 sus
887 2272 985 2327 est
1017 2272 1082 2326 et
1116 2261 1184 2324 in
1218 2282 1293 2326 eo
1331 2260 1741 2328 vehementer
1775 2283 1843 2328 se
1877 2263 2277 2329 moderatum
2312 2264 2644 2348 praebuit,
2679 2266 2792 2330 sed

742 2376 887 2419 cum
930 2355 998 2417 in
1037 2353 1289 2437 agendo
1332 2355 1534 2418 multa
1578 2355 1997 2440 populariter,
2045 2367 2182 2422 tum
2224 2357 2384 2422 illud
2417 2359 2620 2436 male,
2652 2381 2791 2440 *non

740 2468 879 2509 esse
922 2446 990 2508 in
1035 2446 1289 2511 civitate
1334 2447 1461 2512 duo
1506 2448 1685 2512 milia
1730 2449 2092 2527 hominum,
2135 2450 2247 2534 qui
2278 2474 2416 2516 rem
2450 2452 2788 2519 haberent:

738 2537 1022 2621 capitalis
1059 2539 1279 2615 oratic,
1316 2541 1401 2605 ad
1433 2541 1885 2625 aequationem
1920 2543 2232 2609 bonorum
2266 2547 2625 2630 pertinens,
2662 2569 2793 2631 qua

721 2673 726 2676 -
735 2641 914 2716 peste
966 2653 1131 2716 quae
1184 2642 1395 2717 potest
1444 2655 1586 2699 esse
1638 2636 1876 2701 maior?
1937 2637 2102 2703 hanc
2167 2661 2337 2703 emm
2389 2640 2473 2704 ob
2529 2663 2793 2706 causam

734 2749 1033 2792 maxume
1046 2773 1065 2804 ,
1120 2739 1193 2792 ut
1248 2751 1365 2792 sua
1418 2740 1809 2807 tenerentur,
1871 2755 1972 2797 res
2021 2733 2318 2818 publicae
2370 2735 2790 2822 civitatesque

737 2822 1114 2886 constitutae
1152 2833 1328 2898 sunt3
1380 2846 1562 2901 nam,
1612 2824 1732 2888 etsi
1769 2824 1932 2890 duce
1966 2837 2196 2892 natura
2231 2830 2790 2915 congregabantur

734 2911 1020 2978 homines
1034 2961 1051 2991 ,
1114 2925 1327 2980 tamen
1390 2939 1503 3002 spe
1564 2917 1891 2983 custodiae
1949 2941 2163 2985 rerum
2214 2943 2474 2987 suarum
2527 2925 2787 2990 urbium

733 3006 1050 3088 praesidia
1092 3010 1503 3090 quaerebant.
1592 3011 1806 3076 danda
1850 3012 2042 3077 etiam
2084 3034 2280 3099 opera
2322 3027 2421 3081 est
2451 3040 2564 3095 ne,
2611 3021 2787 3103 quod

735 3098 909 3180 apud
953 3099 1225 3164 maiores
1271 3114 1519 3166 nostros
1566 3127 1758 3190 saepe
1793 3105 1988 3170 fiebat
2019 3120 2277 3193 propter
2312 3111 2540 3175 aerarii
2575 3115 2785 3179 tenui-

734 3200 926 3253 tatem
971 3191 1541 3280 adsiduitatemque
1589 3197 1930 3276 bellorum,
1978 3200 2288 3268 tributum
2333 3205 2412 3268 sit
2449 3206 2785 3274 conferen—

732 3283 913 3359 dum,
974 3283 1170 3367 idque
1232 3309 1315 3353 ne
1367 3289 1619 3354 eveniat
1670 3293 1870 3357 multo
1923 3305 2072 3359 ante
2124 3297 2242 3361 erit
2290 3299 2777 3384 providendum.

731 3377 829 3440 sin
891 3398 1056 3461 quae
1119 3381 1460 3447 necessitas
1478 3457 1483 3461 ,
1500 3459 1507 3465 ,
1522 3383 1713 3450 huius
1763 3388 2042 3454 muneris
2093 3391 2285 3459 alicui
2335 3394 2429 3457 rei
2479 3396 2778 3480 publicae

729 3470 1058 3538 obvenerit
1089 3508 1178 3520 —
1210 3477 1379 3541 malo
1423 3477 1593 3543 enim
1635 3480 1745 3544 alii
1787 3503 1982 3566 quam
2023 3496 2276 3552 nostrae
2323 3489 2617 3565 ominari,
2657 3512 2772 3553 ne-

729 3585 852 3646 que
888 3576 1100 3632 tamen
1135 3568 1214 3633 de
1249 3581 1485 3647 nostra,
1523 3572 1637 3638 sed
1673 3573 1751 3638 de
1788 3575 1961 3640 omni
1994 3599 2063 3642 re
2098 3579 2358 3663 publica
2392 3582 2641 3668 disputo
2658 3618 2768 3659 -,

601 3729 618 3744 Ι
729 3656 939 3724 danda
981 3661 1099 3724 erit
1142 3683 1339 3746 opera
1372 3676 1443 3729 ut
1486 3686 1707 3732 omnes
1750 3668 2152 3756 intellegant,
2199 3674 2253 3739 si
2287 3676 2448 3740 salvi
2486 3698 2621 3742 esse
2655 3698 2772 3742 ve-

727 3749 861 3824 lint,
896 3753 1258 3818 necessitati
1295 3778 1432 3821 esse
1467 3760 1840 3844 parendum.
1929 3774 2121 3848 atque
2156 3767 2350 3832 etiam
2383 3790 2625 3848 omnes,
2662 3773 2778 3855 qui

724 3863 859 3905 rem
900 3846 1223 3930 publicam
1267 3850 1748 3935 gubernabunt,
1805 3859 2133 3924 consulere
2177 3861 2504 3927 debebunt
2547 3875 2621 3929 ut
2665 3888 2776 3932 ea-

724 3953 891 4041 rum·
917 3959 1129 4002 rerum
1182 3942 1366 4026 copia
1419 3945 1533 4021 sit,
1588 3966 1754 4029 quae
1799 3962 1950 4015 sunt
1989 3955 2404 4021 necessariae.
2493 3979 2774 4042 quarum

723 4027 925 4100 qua-lle
971 4036 1333 4114 conparatio
1378 4034 1517 4102 fieri
1561 4040 1761 4107 soleat
1805 4053 1869 4108 et
1912 4044 2173 4126 debeat,
2209 4071 2337 4114 non
2371 4061 2468 4115 est
2501 4072 2772 4119 necesse
