3292 4559
835 274 918 338 92
1399 235 1403 241 ”
1453 282 1531 336 M.
1569 279 1841 338 TULLII
1877 277 2278 337 cmmoms

1352 839 1451 903 M.
1489 835 1819 901 TULLII
1856 832 2358 902 CICERONIS

1240 948 1384 1014 DE
1444 944 1949 1013 DEORUM
2009 947 2488 1014 NATURA

1511 1058 1646 1124 AD
1685 1059 1784 1124 M.
1821 1057 2225 1126 BRUTUM

1449 1184 1752 1240 LIBER
1805 1183 2272 1240 TERTIUS.

1536 1422 2187 1481 ARGUMENTUM.

937 1545 1066 1600 Hoc
1088 1544 1234 1600 libro
1264 1543 1580 1599 continetur
1607 1543 1809 1600 Cottae
1834 1543 2166 1600 Academici
2200 1548 2396 1598 contra
2422 1541 2670 1598 Stoicam
2696 1543 2766 1598 de
2804 1543 2891 1598 dis

835 1625 1105 1678 rationem
1136 1621 1459 1692 disputatio.
1535 1621 1648 1690 Ea,
1687 1626 1753 1674 ut
1778 1621 2062 1693 superiore
2099 1621 2266 1688 libro,
2304 1620 2364 1674 in
2401 1626 2665 1693 quattuor
2700 1626 2891 1690 partes

839 1701 1137 1755 distributa
1155 1705 1258 1754 est.
1328 1698 1476 1755 Nam
1501 1699 1685 1769 prima
1708 1705 1870 1769 parte
1889 1699 1986 1754 ille
2014 1699 2319 1769 respondet
2343 1699 2493 1770 (cap.
2512 1699 2687 1767 3—7)
2707 1698 2783 1752 ad
2799 1715 2888 1766 ea,

836 1779 1038 1850 quibus
1054 1777 1269 1832 Balbus
1287 1777 1488 1830 docere
1507 1777 1764 1832 voluerat
1782 1794 1904 1832 esse
1922 1777 2076 1832 deos.
2111 1775 2201 1830 Ac
2218 1775 2457 1844 primum
2476 1775 2701 1846 quidem
2717 1784 2895 1847 negat

839 1853 1182 1927 argumentis
1219 1870 1343 1908 eam
1377 1857 1596 1924 partem
1628 1853 1866 1907 rationis
1905 1852 2130 1909 Stoicae
2169 1851 2611 1907 confirmandam
2646 1869 2793 1921 esse,
2842 1853 2893 1906 si

835 1932 1059 2004 quidem
1077 1948 1268 1985 verum
1286 1930 1377 2000 sit,
1407 1930 1559 2002 quod
1578 1929 1753 1986 Stoici
1771 1931 1980 1999 dicant,
2024 1947 2146 1986 esse
2166 1929 2317 1999 deos,
2350 1935 2519 2000 atque
2536 1930 2682 1984 inter
2699 1945 2891 1985 omnes

835 2003 1078 2078 constet3
1107 2007 1309 2063 deinde
1328 2008 1450 2081 agit
1468 2008 1538 2063 de
1557 2014 1891 2080 argumento
1912 2025 1946 2063 a
1965 2007 2305 2063 divinatione
2323 2004 2503 2078 petito
2524 2013 2582 2063 et
2600 2006 2891 2063 Cleanthis

835 2094 891 2142 st
911 2085 1210 2158 Chrysippi
1238 2091 1572 2157 argumenta
1595 2085 1842 2141 breviter
1868 2084 2258 2155 reprehendit:
2296 2101 2636 2157 quamquam
2663 2102 2733 2141 ea
2758 2102 2892 2156 pars
2972 2144 2993 2158 ο

835 2182 946 2218 non
963 2165 1187 2234 integra
1206 2164 1280 2217 ad
1295 2179 1398 2217 nos
1415 2163 1691 2234 pervenit.
1763 2161 2025 2218 Secunda
2043 2168 2204 2233 parte
2223 2162 2370 2234 (cap.
2390 2162 2598 2230 8—25)
2617 2163 2804 2217 omnia
2822 2179 2893 2218 ea

835 2246 1256 2313 impugnantur,
1295 2255 1440 2309 quae
1470 2240 1541 2294 de
1577 2239 1664 2292 dis
1698 2238 1862 2310 ipsis,
1903 2240 2099 2310 quales
2135 2244 2350 2307 essent,
2391 2239 2677 2310 disputata
2713 2247 2890 2294 erant.

835 2322 1035 2390 Itaque
1062 2317 1301 2388 primum
1329 2332 1443 2370 non
1471 2335 1541 2372 ea
1568 2324 1902 2389 argumenta
1926 2317 2103 2372 solum
2134 2317 2403 2386 dissolvit,
2443 2317 2645 2387 quibus
2662 2318 2888 2386 mund0‚

839 2397 965 2464 soli,
1006 2396 1177 2449 lunae
1213 2394 1601 2464 sideribusque
1639 2394 1903 2448 divinitas
1939 2394 2226 2449 vindicata
2262 2400 2410 2463 erat,
2448 2395 2549 2450 sed
2577 2395 2781 2464 etiam,
2820 2412 2891 2450 ea

836 2471 1024 2542 *opinio
1043 2488 1213 2542 quam
1230 2471 1475 2527 absurda
1495 2471 1591 2540 sit,
1619 2470 1873 2542 pluribus
1894 2471 2237 2543 argumentis
2258 2472 2627 2527 demonstrat:
2657 2487 2890 2542 quorum

835 2549 1004 2606 facile
1030 2549 1353 2620 primarium
1378 2548 1521 2603 illud
1546 2556 1651 2619 est,
1690 2565 1800 2619 quo
1821 2548 2143 2605 Carneades
2169 2550 2253 2603 uti
2281 2550 2504 2605 solebat
2533 2555 2726 2605 contra
2745 2548 2889 2606 Stoi-

839 2645 948 2696 cos,
985 2627 1200 2695 nullum
1225 2643 1409 2696 neque
1435 2643 1638 2696 corpus
1664 2642 1847 2697 neque
1874 2627 2103 2696 animal,
2141 2626 2292 2696 quod
2316 2627 2611 2698 patibilem
2628 2633 2889 2682 naturam

835 2703 1060 2772 habeat,
1097 2703 1410 2758 immortale
1430 2708 1489 2758 et
1515 2708 1802 2758 aeternum
1823 2719 1943 2758 esse
1968 2718 2153 2775 posse,
2190 2703 2608 2758 immortalitate
2630 2709 2815 2760 autem
2833 2710 2893 2759 et

839 2781 1168 2838 aeternitate
1196 2781 1422 2834 sublata
1442 2779 1624 2849 ipsam
1654 2779 2002 2834 divinitatem
2020 2780 2161 2834 tolli.
2232 2779 2456 2835 Deinde
2482 2781 2733 2851 poeticos
2754 2781 2890 2836 deos

835 2866 892 2914 ct
911 2875 1047 2928 quos
1073 2856 1236 2927 plebs
1255 2855 1645 2926 superstitiosa
1670 2855 2047 2911 venerabatur
2066 2864 2402 2927 οωρειτικαῖς
2422 2858 2731 2929 έρωτήοεοι,
2768 2858 2887 2928 qui-

833 2938 939 2990 hus
957 2934 1282 2991 Carneades
1298 2933 1358 2986 in
1375 2933 1484 2988 hac
1502 2933 1879 3004 disputatione
1898 2934 1982 2988 uti
2009 2934 2245 3003 solebat,
2286 2934 2523 3006 aliisque
2544 2936 2889 3007 argumentis
2975 2936 2979 2940 '

835 3012 1000 3066 tollit.
1072 3009 1271 3064 Tertia
1288 3014 1475 3065 autem
1491 3027 1624 3081 pars
1642 3009 2039 3082 disputationis
2059 3027 2187 3065 cum
2215 3011 2469 3082 partibus
2489 3012 2707 3067 duabus
2725 3029 2889 3083 quar-

835 3098 928 3146 tae
945 3087 1245 3142 intercidit.
1315 3087 1462 3144 Nam
1487 3093 1689 3158 quarta
1714 3088 2110 3159 disputationis
2130 3087 2354 3145 Stoicae
2381 3107 2540 3160 pars,
2579 3106 2725 3159 quae
2752 3091 2888 3145 deos

835 3166 1145 3238 providisse
1172 3170 1230 3221 et
1255 3166 1597 3222 consuluisse
1620 3165 1940 3220 hominibus
1977 3167 2383 3236 contendebat,
2422 3173 2686 3238 quattuor
2722 3185 2889 3240 argu-

835 3243 1035 3298 mentis
1061 3242 1347 3298 nitebatur
1371 3244 1446 3315 (v.
1474 3248 1869 3314 argumentum
1906 3243 2033 3297 libri
2060 3243 2293 3298 secundi
2317 3244 2375 3296 in
2390 3242 2552 3316 fine):
2589 3245 2787 3300 horum
2804 3263 2891 3300 se-

835 3323 1016 3378 cundo
1036 3327 1094 3376 et
1113 3325 1311 3391 quarto
1332 3337 1478 3392 quae
1495 3321 1853 3392 respondisse
1879 3319 2048 3376 Cotta
2064 3319 2314 3393 fingitur,
2354 3339 2423 3376 ea
2448 3323 2571 3378 sola
2592 3329 2894 3395 supersunt

835 3405 979 3471 [cap.
998 3400 1274 3470 26—40);
1308 3399 1556 3454 ostendit
1581 3397 1730 3454 enim
1755 3398 2021 3469 primum,
2061 3399 2263 3468 quibus
2288 3399 2457 3454 rebus
2488 3401 2544 3454 di
2569 3401 2890 3456 hominibus

831 3477 1174 3534 consuluisse
1193 3477 1469 3545 dicantur,
1509 3493 1701 3532 earum
1718 3476 2034 3546 plerasque,
2071 3477 2130 3530 in
2147 3476 2340 3548 primis
2357 3477 2648 3548 rationem,
2690 3479 2766 3534 ad
2790 3480 2890 3534 ho-

831 3558 1042 3610 minum
1067 3554 1371 3626 perniciem
1396 3553 1663 3622 converti,
1701 3569 2055 3624 summosque
2082 3554 2335 3610 homines
2360 3560 2419 3610 et
2452 3555 2671 3611 virtutis
2699 3575 2890 3612 mnan-

831 3634 899 3686 tis
907 3633 1072 3687 simos
1089 3632 1388 3702 plerosque
1407 3631 1559 3686 mala
1575 3629 1804 3686 fortuna
1820 3646 1951 3684 usos
1972 3647 2094 3686 esse

768 3890 799 3998 ξ
962 3891 1150 3971 Quae
1187 3913 1332 3956 cum
1359 3891 1606 3958 Balbus
1643 3892 1929 3968 dixisset,
1965 3903 2100 3956 tum
2136 3892 2435 3966 adridens
2456 3890 2648 3958 Cotta
2684 3896 2887 3959 ‘sero’

835 3985 1041 4067 inquit
1075 3990 1094 4019 ‘
1107 3985 1280 4061 mihi,
1315 3985 1543 4064 Balbe,
1577 3986 1891 4073 praecipis
1904 4033 1923 4063 ,
1962 3986 2117 4071 quid
2152 3986 2521 4065 defendam3
2560 4009 2680 4074 ego
2718 3988 2892 4053 enim

838 4090 899 4142 te
935 4075 1326 4163 disputante,
1365 4078 1521 4162 quid
1557 4091 1777 4146 contra
1813 4079 2119 4158 dicerem,
2156 4101 2411 4147 mecum
2445 4081 2581 4168 ipse
2620 4081 2893 4146 medita-
