3292 4559
733 257 866 324 242
954 243 961 250 ’
1358 267 1435 321 Μ.
1472 265 1746 322 TULLII
1781 264 2182 322 cmsnoms

741 393 1065 462 temeritas
1115 401 1214 461 est
1255 390 1554 456 videlicet
1593 389 1878 454 florentis
1925 390 2184 466 aetatis,
2232 390 2580 474 prudentia
2625 415 2811 458 sene-

660 480 711 592 ἕ
743 488 996 556 scentis.
1043 495 1140 553 ‘at
1174 486 1481 552 memoria
1516 483 1864 548 minuitur?
1912 484 2123 561 cred0,
2160 483 2287 548 nisi
2322 507 2468 548 eam
2503 508 2806 569 exerceas

740 596 855 650 aut
898 585 1091 649 etiam
1146 581 1203 646 si
1248 581 1333 646 sis
1378 590 1611 645 natura
1656 579 1915 644 tardior.
2005 578 2470 644 Themistocles
2517 581 2806 646 omnium

739 677 977 742 civium
1010 686 1382 762 perceperat
1409 674 1698 746 nomina:
1734 696 1894 737 num
1917 673 2118 758 igitur
2145 673 2416 739 censetis
2444 695 2613 751 eum,
2651 697 2802 739 cum

739 782 945 838 aetate
980 769 1428 857 processisset,
1466 768 1580 851 qui
1613 725 1984 832 Aristidese
1973 779 2160 842 esset,
2196 765 2660 877 Lysimachum
2696 792 2803 832 sa·-

736 865 942 930 lutare
990 863 1285 929 solitum?
1338 860 1637 946 equidem
1680 881 1812 926 non
1859 861 2050 926 modo
2097 883 2209 926 eos
2243 862 2424 939 novi,
2471 862 2580 946 qui
2625 877 2800 938 sunt,

739 959 855 1026 sed
906 981 1128 1025 eorum
1180 967 1394 1045 patres
1448 956 1643 1022 etiam
1701 966 1766 1020 et
1817 976 2002 1020 avos·
1987 1002 2004 1032 ,
2059 977 2179 1021 nec
2233 957 2527 1043 sepulcra
2575 956 2798 1066 legens

739 1075 983 1130 vereor,
1022 1052 1197 1137 quod
1232 1051 1429 1128 aiunt,
1465 1072 1548 1116 ne
1575 1050 1953 1116 memoriam
1979 1050 2274 1135 perdam3
2312 1049 2411 1114 his
2441 1051 2612 1116 enim
2645 1051 2798 1136 ipsis

737 1147 1079 1234 legendis’
1062 1170 1130 1212 m
1163 1145 1537 1212 memoriam
1564 1143 1757 1210 redeo
1783 1155 2203 1210 mortuorum.
2248 1167 2369 1210 nec
2397 1168 2550 1211 vero
2577 1167 2802 1230 quem-

740 1264 935 1324 quam
972 1263 1189 1306 senem
1224 1239 1442 1304 audivi
1479 1239 1768 1313 oblitum,
1803 1258 1933 1320 quo
1968 1237 2114 1304 loco
2149 1238 2520 1304 thesaurum
2550 1240 2802 1304 obruis-

740 1346 865 1401 set:
920 1334 1135 1400 omnia
1178 1356 1346 1418 quae
1382 1344 1607 1398 curant
1651 1333 2110 1410 meminerunt,
2163 1333 2528 1398 vadimonia
2561 1335 2801 1398 consti·-

660 1454 713 1493 22
739 1439 897 1506 tuta,
934 1429 1047 1512 qui
1083 1427 1225 1505 sibi,
1263 1427 1369 1493 cui
1401 1426 1525 1512 ipsi
1563 1426 1858 1491 debeant.
1921 1427 2080 1510 quid
2111 1427 2266 1492 iuris
2304 1426 2602 1504 consulti,
2637 1427 2800 1511 quid

738 1523 1099 1610 pontifices,
1152 1521 1310 1606 quid
1344 1543 1652 1606 augures,
1707 1520 1868 1605 quid
1909 1520 2270 1606 philosophi
2315 1521 2537 1586 senes?
2598 1542 2800 1605 quam

736 1617 940 1682 multo
974 1615 1428 1682 meminerunt!
1482 1627 1746 1680 manent
1777 1615 2040 1702 ingenia
2083 1615 2371 1691 senibus,
2419 1615 2612 1680 modo
2648 1639 2798 1702 per-

716 1722 995 1777 ¹maneat
1028 1711 1312 1776 studium
1340 1721 1405 1776 et
1436 1709 1771 1786 industria,
1806 1731 2020 1793 neque
2053 1731 2130 1775 ea
2165 1710 2370 1774 solum
2405 1707 2473 1774 in
2507 1710 2694 1775 claris
2730 1722 2798 1774 et

738 1805 1062 1871 honoratis
1096 1805 1271 1882 viris,
1309 1804 1423 1870 sed
1456 1803 1526 1868 in
1561 1804 1698 1868 vita
1733 1803 1927 1868 etiam
1961 1803 2211 1889 privata
2247 1815 2313 1869 et
2345 1804 2582 1888 quieta.
2673 1801 2798 1870 So-

687 1932 706 1940 ·
736 1899 997 1986 phocles
1044 1900 1128 1965 ad
1174 1921 1491 1964 summam
1536 1908 1932 1964 senectutem
1985 1898 2349 1984 tragoedias
2392 1897 2574 1964 fecit:
2621 1899 2800 1982 quod

738 2007 999 2080 propter
1044 1994 1326 2060 studium
1370 2016 1519 2058 cum
1554 2015 1692 2058 rem
1735 1992 2080 2078 neglegere
2126 1992 2505 2059 familiarem
2549 1993 2799 2060 videre-

737 2103 861 2168 tur,
899 2113 937 2154 a
972 2089 1117 2155 filiis
1153 2089 1220 2153 in
1256 2088 1566 2154 iudicium
1601 2099 1867 2153 vocatus
1903 2099 2022 2164 est,
2057 2099 2150 2166 ut,
2187 2109 2380 2173 quem
2415 2088 2498 2153 ad
2531 2091 2797 2155 modum

736 2196 954 2250 nostro
980 2206 1159 2249 more
1184 2183 1353 2248 male
1388 2205 1524 2248 rem
1558 2182 1932 2268 gerentibus
1966 2182 2260 2268 patribus
2288 2182 2471 2248 bonis
2505 2183 2798 2249 interdici

737 2279 929 2355 solet,
966 2278 1059 2342 sic
1092 2278 1273 2342 illum
1308 2277 1494 2361 quasi
1541 2277 1962 2362 desipientem
1996 2299 2037 2342 a
2067 2297 2139 2342 re
2175 2275 2475 2342 familiari
2509 2299 2796 2344 remove-

736 2383 880 2437 rent
912 2371 1186 2437 iudices:
1241 2382 1381 2436 tum
1424 2395 1621 2438 senex
1659 2371 1890 2436 dicitur
1933 2394 2078 2438 eam
2121 2370 2440 2448 fabulam,
2497 2394 2692 2456 quam
2725 2373 2792 2438 in

735 2464 1033 2531 manibus
1068 2465 1349 2532 habebat
1384 2477 1449 2531 et
1492 2466 1784 2551 proxime
1827 2465 2196 2550 scripserat,
2234 2462 2566 2551 Oedipum
2603 2464 2794 2530 Colo-

735 2583 951 2636 neum,
986 2560 1290 2627 recitasse
1316 2560 1633 2626 iudicibus
1665 2561 2139 2645 quaesisseque,
2167 2584 2323 2625 num
2350 2561 2511 2626 illud
2537 2583 2794 2626 carmen

736 2655 1104 2740 desipientis
1141 2654 1493 2733 videretur3
1538 2677 1668 2740 quo
1712 2655 1978 2720 recitato
2015 2655 2342 2721 sententiis
2376 2654 2661 2720 iudicum
2695 2667 2795 2720 est

658 2770 710 2809 23
736 2749 1061 2814 liberatus.
1150 2771 1305 2813 num
1350 2749 1546 2836 igitur
1590 2749 1792 2826 hunc,
1840 2771 1998 2814 num
2033 2750 2421 2826 Homerum,
2464 2771 2622 2814 num
2654 2749 2795 2816 He-

734 2845 1018 2921 siodum,
1057 2842 1486 2923 Simonidem,
1536 2843 2010 2921 Stesichorum,
2055 2868 2214 2910 num
2251 2866 2412 2929 quos
2457 2856 2606 2910 ante
2641 2845 2792 2920 dixi,

732 2939 1061 3005 Isocraten
1074 2985 1093 3016 ,
1132 2936 1452 3025 Gorgian,
1499 2962 1658 3005 num
1701 2939 2228 3025 philosophorum
2272 2939 2592 3027 principes
2605 2988 2623 3017 ,
2658 2940 2794 3026 Py-

734 3031 1100 3117 thagoram,
1136 3031 1612 3109 Democritum,
1657 3056 1814 3098 num
1849 3032 2218 3111 Platonem,
2263 3056 2420 3098 num
2455 3033 2796 3098 Xenocra-

736 3137 874 3203 ten,
929 3149 1085 3191 num
1120 3139 1346 3213 postea
1383 3127 1742 3206 Zenonem,
1793 3125 2174 3194 Cleanthem
2217 3139 2328 3192 aut
2363 3149 2540 3203 eum,
2597 3148 2790 3209 quem

734 3243 848 3286 vos
894 3221 1087 3286 etiam
1132 3221 1380 3288 vidistis
1417 3222 1694 3298 Romae,
1729 3221 2096 3308 Diogenem
2133 3219 2421 3288 Stoicum
2465 3219 2676 3303 co'e‘git
2719 3219 2790 3283 in

734 3315 865 3380 suis
902 3316 1129 3382 studiis
1156 3316 1579 3382 obmutiscere
1608 3317 1943 3381 senectus?
1979 3339 2060 3380 an
2095 3315 2160 3379 in
2187 3312 2480 3378 omnibus
2517 3311 2618 3376 his
2655 3323 2792 3378 stu-

654 3429 707 3470 24
734 3409 981 3475 diorum
1027 3411 1291 3496 agitatio
1328 3411 1496 3476 vitae
1542 3410 1826 3494 aequalis
1872 3410 2034 3475 fuit?
2095 3430 2245 3496 age,
2290 3416 2364 3472 ut
2407 3407 2531 3472 ista
2575 3407 2793 3473 divina

731 3504 943 3570 studia
1004 3506 1403 3581 omittamus,
1468 3527 1730 3590 possum
1792 3506 2120 3570 nominare
2183 3525 2266 3570 ex
2326 3525 2483 3589 agro
2550 3501 2792 3569 Sabino

730 3599 1001 3664 rusticos
1038 3598 1385 3675 Romanos,
1422 3598 1664 3663 vicinos
1700 3609 1763 3663 et
1797 3599 2128 3664 familiaris
2163 3619 2371 3674 me08,
2408 3595 2642 3681 quibus
2679 3597 2793 3660 ab·

732 3692 1019 3758 sentibus
1054 3712 1409 3776 numquam
1445 3691 1581 3757 fere
1616 3692 1752 3757 ulla
1793 3693 1861 3757 in
1908 3714 2065 3778 agro
2103 3692 2346 3757 maiora
2363 3712 2577 3780 ⁴opera
2609 3691 2791 3767 fiunt,

729 3811 863 3852 non
896 3786 1211 3863 serendis,
1247 3808 1376 3851 non
1410 3787 1869 3872 percipiendiS,
1905 3809 2034 3852 non
2072 3785 2420 3853 condendis
2457 3784 2790 3851 fructibus.

733 3903 1125 3968 quamquam
1158 3882 1225 3946 in
1261 3881 1360 3946 his
1396 3883 1607 3947 minus
1654 3883 1776 3947 hoc
1820 3881 2055 3947 mirum
2092 3894 2189 3947 est
2199 3907 2217 3960 3
2263 3902 2452 3947 nemo
2490 3881 2658 3945 enim
2698 3891 2795 3946 est

732 3989 867 4041 tam
893 3999 1090 4042 senex
1108 3977 1219 4061 qui
1250 4000 1318 4042 se
1346 3999 1584 4042 annum
1613 3999 1746 4041 non
1769 3988 1952 4062 putet
1979 3999 2168 4064 posse
2198 3977 2443 4052 vivere3
2482 3974 2596 4040 sed
2621 3974 2792 4040 idem

732 4068 800 4131 in
828 4069 920 4133 eis
951 4071 1299 4148 elaborant,
1334 4093 1501 4154 quae
1530 4071 1739 4136 sciunt
1768 4071 1927 4135 nihil
1957 4071 2042 4136 ad
2069 4093 2136 4136 se
2158 4070 2414 4136 omnino
2444 4069 2790 4155 pertinere:
