3292 4559
640 1558 692 1599 5⁷

608 3193 679 3247 23

616 3264 669 3305 58

738 174 875 242 290
1354 186 1430 243 M.
1469 184 1743 243 TULLII
1777 182 2178 245 monachus
2278 166 2306 183 “

742 312 1035 381 sacrificii
1085 310 1246 375 Lari
1312 305 1746 396 [verbecibus]
1811 308 1956 386 fiat,
2017 330 2211 393 quem
2270 308 2355 375 ad
2406 308 2674 375 modum
2725 330 2793 374 os

738 416 1056 475 resectum
1118 415 1289 470 terra
1352 404 1698 490 obtegatur
1759 424 2054 487 quaeque
2104 403 2174 467 in
2223 425 2418 489 porca
2471 414 2798 469 contracta

740 501 883 567 iura
932 499 1088 576 eint,
1140 518 1271 582 quo
1326 508 1615 584 tempore
1666 498 1930 583 incipiat
1979 498 2340 583 sepulcrum
2393 519 2532 563 esse
2589 507 2659 563 et
2699 520 2797 563 re-

738 593 975 681 ligione
1020 603 1333 659 teneatur.
1422 614 1501 659 ac
1546 592 1704 657 mihi
1741 592 2000 676 quidem
2035 590 2547 675 antiquissimum
2585 591 2798 677 sepul·-

738 700 921 755 turae
964 710 1170 775 genus
1212 686 1374 753 illud
1416 686 1617 755 fixisse
1662 688 1942 765 videtur,
1994 708 2121 771 quo
2177 686 2350 774 apud
2391 685 2798 772 Xenophon-

738 795 871 849 tem
926 780 1139 869 Cyrus
1191 782 1420 849 utitur:
1482 782 1775 849 redditur
1827 782 1998 849 enim
2048 793 2256 848 terrae
2307 804 2539 867 corpus
2595 791 2665 847 et
2713 781 2798 846 ita

738 878 1021 943 locatum
1082 898 1161 941 ac
1223 876 1418 943 situm
1480 878 1666 960 quasi
1717 876 2108 963 operimento
2159 875 2379 941 matris
2431 875 2795 941 obducitur.

738 973 1094 1057 eodemque
1126 972 1257 1037 ritu
1289 972 1359 1037 in
1392 994 1470 1038 eo
1507 973 1834 1059 sepulcro,
1877 971 2055 1057 quod
2090 972 2259 1036 haud
2288 971 2514 1057 procul
2549 994 2592 1037 a
2625 970 2800 1037 Fon-

738 1066 821 1132 tis
856 1090 969 1133 ara
1004 1077 1132 1143 est,
1168 1089 1400 1153 regem·
1425 1078 1716 1133 nentrum
1751 1066 2033 1134 Numam
2069 1066 2394 1131 conditum
2429 1065 2798 1153 accepimus

737 1172 1125 1247 gentemque
1162 1158 1533 1227 Corneliam
1576 1182 1786 1246 usque
1831 1161 1913 1227 ad
1948 1161 2320 1227 memoriam
2353 1171 2644 1247 nostram
2679 1160 2800 1225 hac

736 1256 1067 1341 sepultura
1118 1256 1354 1321 ecimus
1408 1278 1549 1321 esee
1600 1279 1806 1321 usam.
1903 1252 1982 1322 C.
2037 1255 2235 1321 Marii
2287 1255 2440 1320 sitas
2493 1255 2797 1339 reliquias

736 1349 911 1435 apud
962 1349 1283 1415 Anienem
1345 1348 1643 1435 dissipari
1703 1350 1891 1415 iussit
1941 1349 2125 1415 Sulla
2175 1349 2404 1425 victor,
2469 1349 2797 1415 acerbiore

736 1442 883 1507 odio
918 1441 1247 1520 incitatus,
1283 1463 1480 1527 quam
1515 1444 1551 1479 '¹‘
1588 1445 1625 1481 ¹*
1661 1444 1915 1529 sapiens
1949 1443 2176 1510 fixisset
2211 1464 2407 1527 quam
2441 1442 2573 1509 fuit
2609 1442 2798 1509 vehe-

735 1558 935 1603 mens·
1024 1536 1199 1621 quod
1242 1536 1418 1603 haud
1462 1538 1595 1604 scio
1641 1562 1726 1604 an
1762 1538 1991 1605 timens
2027 1560 2104 1603 ne
2138 1558 2256 1603 suo
2291 1537 2546 1623 corpori
2580 1548 2797 1623 posset

733 1631 1044 1709 accidere,
1081 1631 1323 1717 primus
1361 1654 1397 1697 e
1431 1632 1714 1718 patriciis
1745 1628 2061 1699 Corneliis
2096 1632 2234 1717 igni
2262 1630 2469 1696 voluit
2499 1630 2792 1697 cremari.

734 1725 1014 1792 declarat
1056 1725 1228 1791 enim
1270 1724 1521 1791 Ennius
1575 1726 1657 1792 de
1693 1726 2032 1792 Africano:
2089 1732 2108 1775 -‘
2119 1726 2225 1791 hic
2277 1736 2376 1793 est
2426 1725 2537 1791 ille
2593 1725 2796 1791 situs?

729 1840 909 1897 vcre3
962 1842 1113 1885 nam
1156 1820 1261 1885 siti
1295 1813 1591 1887 dicuntur
1624 1821 1700 1898 ii,
1737 1822 1848 1905 qui
1883 1822 2122 1887 conditi
2157 1832 2326 1886 sunt.
2419 1842 2540 1886 nec
2577 1831 2798 1887 tamen

729 1934 953 1979 eorum
997 1925 1145 1980 ante
1190 1916 1554 2000 sepulcrum
1598 1926 1724 1992 est,
1775 1936 1970 1998 quam
2015 1915 2186 1980 iusta
2227 1915 2402 1980 facta
2445 1926 2514 1981 et
2556 1937 2794 2001 porcus

728 2026 955 2072 caesus
1009 2018 1125 2072 est.
1214 2019 1279 2075 et
1329 2008 1505 2093 quod
1555 2031 1727 2075 nunc
1772 2009 2196 2074 communiter
2236 2008 2305 2075 in
2347 2007 2650 2075 omnibus
2695 2033 2796 2075 se-

726 2100 921 2184 pultis
965 2103 1143 2167 venit
1184 2124 1339 2179 usu,
1386 2116 1454 2167 ut
1498 2103 1746 2168 humati
1790 2103 2112 2180 dicantur,
2163 2103 2234 2168 id
2277 2116 2415 2169 erat
2454 2104 2793 2190 proprium

724 2204 864 2259 tum
906 2194 975 2259 in
1006 2194 1116 2271 iis,
1160 2216 1322 2278 quos
1359 2196 1593 2262 humus
1628 2198 1861 2264 iniecta
1895 2208 2290 2275 contexerat,
2337 2220 2620 2283 eumque
2653 2220 2792 2264 mo—

722 2308 860 2351 rem
901 2287 1003 2351 ius
1056 2288 1421 2373 pontificale
1476 2292 1828 2356 confirmat.
1915 2314 2066 2357 nam
2116 2292 2295 2377 prius
2347 2312 2548 2376 quam
2597 2294 2670 2359 in
2721 2312 2789 2357 os

720 2378 957 2442 iniecta
997 2381 1190 2463 gleba
1234 2393 1360 2457 est,
1414 2382 1593 2448 locus
1638 2384 1780 2462 ille,
1834 2385 1948 2451 ubi
1991 2396 2344 2451 crematum
2387 2397 2487 2453 est
2532 2408 2785 2473 corpuS,

720 2470 880 2535 nihil
913 2470 1108 2537 habet
1142 2474 1496 2559 religionis:
1532 2478 1769 2544 iniecta
1801 2480 1996 2565 gleba
2028 2481 2314 2545 tumulus
2353 2478 2452 2567 [et
2477 2480 2782 2546 humatus

720 2574 819 2629 est
859 2588 941 2631 ex
983 2564 1201 2651 gleba]
1257 2580 1544 2646 vocatur,
1592 2594 1669 2637 ac
1711 2583 1851 2638 tum
1897 2573 2174 2657 denique
2227 2575 2434 2639 multa
2484 2576 2784 2662 religiosa

717 2658 859 2725 iura
913 2661 1351 2746 conplectitur.
1440 2663 1660 2750 itaque
1713 2667 1783 2731 in
1833 2688 1944 2744 eo,
1998 2668 2112 2751 qui
2163 2668 2231 2733 in
2281 2690 2449 2735 nave
2493 2682 2782 2748 necatae,

718 2752 953 2820 deinde
996 2755 1064 2821 in
1106 2778 1283 2823 mare
1328 2758 1650 2845 proiectus
1697 2773 1896 2839 esset,
1941 2762 2224 2828 decrevit
2267 2762 2347 2827 P.
2383 2763 2656 2830 Mucius
2691 2764 2786 2829 fa-

716 2846 961 2915 miliam
994 2872 1243 2935 puram,
1282 2852 1456 2935 quod
1490 2874 1563 2918 os
1599 2877 1795 2941 supra
1829 2867 2065 2921 terram
2102 2880 2232 2923 non
2269 2870 2580 2937 exstaret3
2637 2882 2784 2945 por-

716 2960 860 3003 cam
903 2941 1124 3008 heredi
1176 2966 1316 3009 esse
1363 2958 1755 3013 contractam
1802 2960 1865 3014 et
1901 2950 2230 3017 habendas
2265 2953 2554 3018 triduum
2589 2954 2782 3021 ferias

716 3028 814 3113 [et
863 3055 1061 3116 porco
1112 3036 1356 3105 femina
1406 3040 1734 3125 piaculum
1788 3042 1986 3129 pati];
2041 3046 2097 3109 si
2149 3046 2217 3110 in
2269 3045 2435 3112 mari
2486 3061 2782 3115 mortuus

712 3134 901 3200 esset,
938 3126 1163 3193 eadem
1200 3143 1453 3215 praeter
1485 3134 1813 3219 piaculum
1852 3148 1915 3202 et
1949 3137 2160 3203 feriae.

842 3220 975 3327 Aitt.
1037 3221 1247 3289 Video
1302 3247 1469 3308 quae
1516 3227 1643 3293 sint
1687 3230 1753 3295 in
1797 3232 2119 3315 pontificio
2162 3233 2331 3312 iure,
2377 3235 2494 3301 sed
2539 3258 2780 3320 quaero

710 3311 1094 3392 ecquidnam
1130 3315 1215 3381 eit
1246 3317 1315 3382 in
1348 3319 1623 3405 legibue.
1710 3324 1802 3389 M.
1847 3324 2072 3391 Pauca
2105 3350 2290 3405 sane,
2338 3328 2520 3407 Tite,
2567 3342 2664 3407 et,
2711 3344 2782 3397 ut

706 3402 1008 3483 arbitror,
1054 3430 1185 3473 non
1227 3410 1452 3496 ignota
1496 3416 1678 3480 vobis
1686 3441 1706 3494 3
1760 3418 1876 3485 sed
1923 3442 2002 3484 ea
2043 3442 2173 3486 non
2218 3434 2352 3487 tam
2397 3424 2484 3488 ad
2519 3425 2781 3511 religio-

704 3515 854 3559 nem
906 3512 1227 3584 spectant,
1282 3525 1479 3587 quam
1534 3508 1618 3572 ad
1670 3510 1770 3575 ius
1825 3513 2285 3597 sepulcrorum.
2391 3516 2780 3587 hominem

704 3599 1105 3692 mortuum,
1150 3595 1357 3680 inquit
1398 3599 1506 3665 lex
1539 3601 1609 3665 in
1644 3602 2014 3684 duodecim,
2058 3608 2136 3673 in
2180 3610 2370 3676 urbe
2415 3634 2509 3678 ne
2555 3636 2782 3701 sepe-

701 3678 841 3743 htc
893 3706 1083 3751 neve
1134 3690 1356 3755 urite.
1446 3695 1637 3761 credo
1692 3697 1794 3763 vel
1845 3712 2108 3788 propter
2157 3703 2330 3790 ignis
2383 3706 2776 3791 periculum.

700 3773 893 3883 quod·
920 3788 1137 3885 autem
1178 3782 1361 3848 addit
1403 3809 1594 3853 neve
1628 3791 1862 3870 urite,
1909 3794 2179 3873 indicat,
2223 3820 2357 3864 non
2393 3800 2510 3883 qui
2547 3814 2780 3867 uratur

700 3866 983 3946 sepehn,
1026 3874 1142 3937 sed
1184 3877 1297 3959 qui
1341 3877 1660 3950 humetur.
1749 3889 1881 3953 Ate.
1947 3888 2165 3971 Quid?
2233 3894 2348 3978 qui
2391 3906 2546 3980 poet
2579 3920 2674 3962 m
2707 3898 2776 3963 in

698 3952 858 4019 urbe
895 3963 1127 4044 sepulti
1160 3980 1310 4035 sunt
1344 3972 1501 4041 σιω
1536 3976 1698 4043 viri?
1764 3980 1859 4046 M.
1925 3980 2170 4063 credo,
2207 3984 2378 4067 rite,
2415 3988 2626 4059 fuisse
2663 4002 2779 4058 aut

2965 1998 2968 2213 ὂ
