3292 4559
838 297 844 303 -
902 260 991 326 90
1388 222 1391 227 ’
1523 268 1601 322 Μ.
1640 264 1915 325 ‘runnu
1949 261 2352 320 cicmoms

907 394 1022 460 sed
1057 392 1249 460 etiam
1283 391 1552 478 singulis
1580 414 1620 455 a
1655 390 1753 454 dis
1787 385 2230 452 inmortalibus
2266 386 2513 450 consuli
2550 398 2612 452 et
2646 388 2971 474 provideri

909 490 1099 567 solet3
1134 488 1286 553 licet
1319 487 1491 552 enim
1518 483 1889 550 contrahere
1918 480 2396 546 universitatem
2424 481 2677 566 generis
2705 481 2974 548 humani

909 605 1180 668 eamque
1233 581 1552 668 gradatim
1605 579 1689 644 ad
1739 576 2103 664 pauciores,
2154 585 2477 660 postremo
2524 574 2840 642 deducere
2886 577 2974 641 ad

807 698 874 754 56
909 680 1215 766 singulos.
1303 700 1455 741 nam
1499 676 1554 740 si
1591 674 1887 739 omnibus
1930 670 2328 747 hominibus,
2374 669 2488 754 qui
2522 670 2763 754 ubique
2800 683 2973 749 sunt,

911 795 1313 859 quacumque
1356 772 1425 835 in
1459 792 1571 835 ora
1615 790 1692 833 ac
1734 779 1915 854 parte
1950 779 2264 831 terrarum
2300 766 2384 831 ab
2429 765 2695 831 huiusce
2742 777 2973 844 terrae,

913 890 1108 952 quam
1141 889 1258 931 nos
1293 866 1648 939 incolimuS,
1687 861 2161 928 continuatione
2198 861 2589 939 distantium,
2627 860 2781 926 deos
2818 882 2975 925 con·

913 963 1120 1028 sulere
1157 982 1489 1027 censemus
1525 959 1610 1024 ob
1647 981 1758 1023 eas
1804 978 2062 1033 causas,
2117 976 2279 1039 quas
2315 966 2463 1020 ante
2508 955 2816 1034 diximus,
2868 955 2969 1020 his

909 1078 1165 1142 quoque
1200 1054 1565 1120 hominibus
1594 1051 1955 1128 consulunt,
1991 1049 2104 1135 qui
2136 1050 2254 1115 has
2288 1049 2625 1115 nobiscum
2659 1061 2859 1115 terras
2884 1050 2975 1115 ab

811 1172 884 1214 :165
909 1152 1152 1217 oriente
1200 1150 1283 1215 ad
1319 1148 1717 1214 occidentem
1762 1147 1999 1210 colunt.
2088 1145 2189 1210 sin
2224 1155 2440 1210 autem
2474 1145 2569 1210 his
2607 1145 2969 1224 consulunt,

911 1247 1023 1331 qui
1059 1245 1246 1331 quasi
1279 1265 1584 1330 magnam
1617 1222 1943 1326 quanllam
1977 1239 2253 1304 insulam
2287 1239 2593 1317 incolunt,
2630 1260 2826 1323 quam
2851 1261 2975 1304 nos

911 1340 1135 1404 orbem
1171 1349 1376 1403 terrae
1421 1359 1757 1412 vocamus,
1811 1335 2000 1400 etiam
2034 1334 2160 1399 illis
2196 1335 2566 1412 consulunt,
2616 1334 2729 1418 qui
2769 1334 2975 1420 partis
3048 1399 3053 1410 ,

914 1435 1052 1500 eius
1087 1433 1332 1498 insulae
1369 1441 1607 1507 tenent,
1644 1429 1994 1516 Europam,
2030 1428 2279 1506 Asiam,
2315 1429 2628 1494 Africam.
2716 1451 2871 1514 ergo
2906 1441 2973 1494 et

915 1551 1137 1596 earum
1180 1529 1378 1614 partis
1434 1527 1738 1612 diligunt,
1792 1537 1867 1590 ut
1908 1525 2213 1601 Romam,
2268 1524 2592 1601 Athenas,
2649 1522 2969 1609 Spartam,
3029 1595 3045 1612 ι

914 1624 1250 1701 Rhodum,
1308 1634 1371 1688 et
1418 1645 1634 1688 earum
1683 1621 1941 1686 urbium
1986 1620 2330 1707 separatim
2366 1620 2450 1684 ab
2493 1618 2805 1685 universis
2842 1619 2973 1683 sin·

915 1719 1104 1804 gulos
1161 1715 1492 1804 [diligunt]
1505 1765 1522 1794 ,
1585 1728 1660 1780 ut
1709 1715 1947 1801 Pyrrhi
1999 1715 2168 1780 bello
2224 1712 2524 1790 Curium,
2577 1713 2970 1791 Fabricium,

919 1811 1424 1889 Coruncanium,
1460 1811 1668 1898 primo
1703 1809 1953 1875 Punico
1991 1807 2390 1885 Calatinum,
2427 1807 2789 1885 Duellium,
2823 1807 2975 1872 Me-

913 1907 1156 1985 tellum,
1192 1906 1552 1983 Lutatium,
1591 1905 1874 1971 secundo
1909 1904 2314 1981 Maxumum,
2351 1904 2759 1980 Marcellum,
2790 1902 2976 1967 Afri-

914 2023 1168 2079 canum,
1206 2011 1351 2087 post
1376 1996 1493 2064 hos
1514 1998 1818 2076 Paulum,
1849 1995 2240 2076 Gracchum,
2272 1993 2606 2076 Catonem,
2634 2008 2973 2084 patrumve

913 2096 1224 2162 memoria
1278 2095 1676 2181 Scipionem,
1730 2093 2059 2171 Laelium;
2111 2092 2477 2176 multosque
2528 2103 2857 2178 praeterea
2907 2104 2975 2157 et

913 2203 1135 2256 nostra
1179 2191 1401 2256 civitas
1447 2202 1511 2254 et
1546 2187 1826 2256 Graecia
1869 2189 2012 2253 tulit
2058 2188 2397 2274 singularis
2442 2188 2644 2265 viros,
2698 2208 2972 2271 quorum

914 2287 1236 2354 neminem
1279 2285 1403 2349 nisi
1455 2285 1717 2351 iuvante
1763 2282 1883 2349 deo
1928 2283 2123 2348 talem
2165 2283 2365 2349 fuisse
2413 2282 2802 2348 credendum
2842 2292 2969 2346 est:

815 2403 889 2444 166
917 2404 1084 2467 quae
1117 2381 1279 2444 ratio
1315 2385 1536 2465 poe’tas
1569 2399 1998 2461 maxumeque
2015 2379 2375 2444 Homerum
2406 2378 2657 2464 inpulit,
2692 2389 2767 2443 ut
2799 2377 2975 2463 prin-

919 2474 1166 2560 cipibus
1201 2476 1496 2551 heroum,
1542 2471 1753 2550 Ulixi,
1801 2472 2133 2549 Diomedi,
2170 2472 2675 2559 Agamemnoni,
2710 2472 2973 2549 Achilli,

919 2580 1122 2636 certos
1170 2569 1320 2634 deos
1366 2568 1802 2634 discriminum
1846 2579 1911 2635 et
1949 2568 2383 2654 periculorum
2434 2567 2696 2633 comites
2748 2567 2975 2632 adiun-

915 2675 1115 2752 geret.
1168 2673 1497 2751 praeterea
1530 2664 1816 2748 ipsorum
1844 2663 2109 2728 deorum
2143 2661 2780 2749 saepepraesentiae,
2815 2683 2976 2746 qua-

915 2762 994 2826 lis
1039 2782 1232 2846 supra
1289 2757 1813 2835 commemoravi,
1865 2757 2190 2823 declarant
2241 2758 2325 2822 ab
2374 2758 2454 2823 iis
2502 2768 2568 2831 et
2611 2758 2973 2824 civitatibus

917 2869 981 2921 et
1027 2853 1292 2940 singulis
1337 2850 1701 2917 hominibus
1739 2853 2013 2918 consuli:
2064 2852 2236 2938 quod
2279 2852 2540 2937 quidem
2584 2853 2978 2938 intellegitur

919 2949 1114 3013 etiam
1159 2946 1728 3032 significationibus
1771 2968 1985 3012 rerum
2020 2948 2407 3024 futurarum,
2451 2968 2618 3031 quae
2654 2959 2791 3012 tum
2829 2947 2977 3011 dor-

918 3041 1290 3116 mientibus,
1339 3050 1475 3104 tum
1518 3041 1935 3127 vigilantibus
1978 3040 2462 3127 portenduntur.
2550 3041 2756 3106 multa
2788 3063 2979 3127 prae-

919 3150 1097 3202 terea
1139 3136 1429 3212 ostentis,
1482 3137 1687 3202 multa
1734 3138 1897 3202 extis
1944 3137 2361 3202 admonemur
2392 3136 2738 3221 multisque
2780 3135 2976 3202 rebus

919 3231 1093 3308 aliis,
1147 3251 1305 3314 quas
1342 3231 1679 3296 diuturnus
1726 3254 1880 3295 usus
1915 3230 2007 3295 ita
2040 3231 2312 3308 notavit,
2366 3241 2438 3295 ut
2480 3242 2683 3296 artem
2728 3229 2979 3295 divina-

819 3345 892 3386 167
921 3326 1113 3392 tionis
1148 3325 1448 3391 efficeret.
1535 3347 1727 3392 nemo
1762 3325 1961 3411 igitur
1994 3326 2093 3389 vir
2128 3347 2400 3411 magnus
2437 3325 2573 3392 sine
2610 3325 2825 3409 aliquo
2862 3325 2981 3390 ad-

918 3423 1077 3487 flatu
1121 3421 1338 3485 divino
1382 3442 1691 3504 umquam
1736 3420 1877 3485 fuit.
1964 3441 2084 3485 nec
2132 3441 2283 3484 vero
2319 3423 2391 3484 id
2428 3419 2520 3484 ita
2552 3418 2982 3484 refellendum

917 3526 1043 3593 est,
1078 3527 1182 3591 ut,
1220 3515 1273 3579 si
1309 3513 1635 3600 segetibus
1673 3525 1785 3581 aut
1818 3513 2049 3580 vinetis
2085 3513 2443 3599 cuiuspiam
2479 3525 2824 3599 tempestas
2860 3535 2983 3576 no-

917 3609 1121 3675 cuerit
1174 3621 1285 3673 aut
1338 3608 1393 3672 si
1449 3609 1606 3692 quid
1662 3633 1697 3675 e
1747 3609 1918 3674 vitae
1981 3607 2329 3672 commodis
2383 3630 2570 3672 casus
2623 3607 2986 3683 abstulerit,

920 3727 1088 3780 eum,
1125 3703 1230 3768 cui
1265 3702 1420 3787 quid
1454 3703 1686 3767 horum
1720 3701 2051 3779 acciderit,
2096 3714 2209 3767 aut
2240 3702 2523 3768 invisum
2558 3701 2678 3767 deo
2715 3714 2827 3766 aut
2862 3723 2987 3766 ne-

917 3799 1203 3884 glectum
1238 3821 1277 3863 a
1322 3798 1442 3862 deo
1485 3796 1872 3862 iudicemus:
1926 3821 2163 3882 magna
2205 3797 2273 3861 di
2318 3809 2572 3875 curant,
2616 3820 2819 3883 parva
2863 3819 2989 3860 ne-

920 3886 1209 3976 glegunt.
1297 3891 1547 3977 magnis
1599 3901 1815 3956 autem
1868 3891 2018 3956 viris
2070 3913 2411 3978 prosperae
2458 3914 2709 3977 semper
2753 3913 2988 3956 omnes

923 4005 1057 4060 res,
1102 3985 1157 4048 si
1189 3985 1448 4069 quidem
1494 3985 1646 4050 satis
1684 4009 1723 4050 a
1755 3985 1986 4050 nostris
2023 3998 2087 4050 et
2133 4010 2172 4051 a
2204 3985 2492 4073 principe
2534 3985 2992 4073 philosophiae

847 4081 853 4089 '
927 4072 1193 4143 Socrate
1228 4079 1471 4143 dictum
1507 4091 1603 4143 est
1638 4080 1718 4145 de
1753 4079 2149 4145 ubertatibus
2187 4081 2437 4146 virtutis
2475 4092 2537 4146 et
2572 4079 2792 4166 copiis.
