3292 4559
1231 284 1566 343 LAELlUS
1601 286 1845 343 88—96.
2440 273 2569 341 289

509 408 784 474 busdam
825 408 1088 473 acerbos
1134 407 1424 475 inimicos
1471 409 1705 474 mereri
1747 430 1945 493 quam
1989 431 2098 473 eos
2142 409 2415 488 amicos,
2461 409 2571 493 qui

511 502 730 569 dulces
759 503 1122 567 videantur:
1158 502 1300 567 illos
1321 526 1544 570 verum
1575 494 1770 589 saepe
1792 504 2022 581 dicere,
2051 503 2167 568 hos
2196 525 2569 589 numquam.

511 608 704 681 atque
736 596 898 661 illud
931 596 1311 675 absurdum,
1356 598 1532 682 quod
1566 597 1642 674 ii,
1690 598 1801 681 qui
1840 608 2209 677 monentur,
2256 621 2401 663 eam
2435 619 2573 662 mo·-

509 692 789 766 lestiam,
825 712 1021 775 quam
1056 691 1296 759 debent
1329 714 1591 779 capere,
1623 714 1759 757 non
1798 692 2079 778 capiunt,
2114 716 2257 758 eam
2292 692 2576 778 capiunt,

510 807 640 870 qua
673 784 912 851 debent
945 806 1175 851 vacare
1187 810 1206 863 3
1245 808 1547 872 peccasse
1583 786 1758 851 enim
1804 809 1873 851 se
1906 808 2040 851 non
2074 798 2424 873 anguntur,-
2460 786 2577 850 ob-

508 879 752 965 iurgari
794 880 1060 945 moleste
1115 878 1362 945 ferunt:
1418 878 1593 963 quod
1647 889 1873 945 contra
1922 880 2291 965 oportebat,
2342 880 2573 945 delicto

511 972 748 1048 dolere,
785 972 1174 1037 correctione
1209 972 1515 1059 gaudere.
1604 984 1679 1036 ut
1711 972 1909 1057 igitur
1947 986 2012 1038 et
2046 993 2307 1038 monere
2342 982 2407 1037 et
2438 994 2577 1035 mo-
2608 970 2679 1026 25
2729 1018 2743 1029 .

511 1064 648 1129 neri
684 1066 1017 1151 proprium
1048 1076 1146 1130 est
1173 1088 1364 1133 verae
1391 1066 1709 1131 amicitiae
1730 1076 1792 1130 et
1820 1066 2091 1131 alterum
2115 1066 2314 1132 libere
2342 1065 2575 1143 facere,
2616 1042 2672 1083 ω’

511 1181 644 1225 non
668 1182 912 1245 aspere,
949 1162 1222 1226 alterum
1262 1161 1577 1247 patienter
1612 1160 1923 1246 accipere,
1958 1182 2087 1225 non
2121 1171 2577 1247 repugnanter,

513 1254 606 1319 sic
631 1253 1000 1319 habendum
1021 1265 1118 1319 est
1145 1256 1388 1320 nullam
1417 1256 1484 1320 in
1513 1254 1808 1320 amicitiis
1837 1266 2087 1340 pestem
2104 1277 2245 1320 esse
2270 1255 2577 1319 maiorem

512 1369 710 1432 quam
742 1348 1204 1427 adulationem,
1250 1349 1655 1427 blanditiam,
1702 1348 2215 1415 adsentationem
2223 1374 2243 1427 3
2280 1348 2577 1433 quamvis

515 1442 684 1507 enim
719 1442 936 1507 multis
970 1444 1336 1508 nominibus
1373 1456 1472 1509 est
1513 1443 1637 1508 hoc
1672 1443 1901 1508 vitium
1950 1444 2305 1509 notandum
2339 1443 2577 1509 levium

514 1536 846 1602 hominum
871 1549 1064 1623 atque
1092 1538 1440 1616 fallacium,
1477 1539 1562 1603 ad
1589 1538 1985 1604 voluntatem
2011 1539 2412 1623 loquentium
2440 1559 2576 1601 om-

513 1631 642 1708 nia,
676 1632 835 1697 nihil
869 1633 956 1697 ad
989 1634 1344 1699 veritatem.
1391 1656 1540 1698 cum
1568 1644 1788 1698 autem
1816 1633 2103 1697 omnium
2128 1654 2343 1697 rerum
2378 1630 2577 1695 simu·
2618 1650 2675 1691 92

516 1725 669 1789 latio
687 1726 918 1790 vitiosa
936 1737 1034 1791 est
1050 1728 1316 1792 —tollit
1342 1728 1511 1791 enim
1537 1725 1847 1791 iudicium
1876 1726 2015 1790 veri
2039 1725 2235 1809 idque
2263 1725 2581 1794 adulterat

515 1853 633 1895 —-,
667 1829 808 1882 tum
852 1819 1168 1885 amicitiae
1213 1830 1534 1905 repugnat
1577 1820 1887 1884 maxime:
1936 1818 2107 1883 delet
2140 1818 2311 1884 enim
2345 1819 2581 1884 verita·-

517 1924 668 1989 tem,
689 1912 826 1977 sine
845 1933 975 1995 qua
1001 1934 1242 1979 nomen
1259 1912 1576 2001 amicitiae
1594 1914 1808 1977 valere
1831 1934 1961 1977 non
1987 1923 2217 1998 potest.
2262 1936 2413 1976 nam
2433 1934 2581 1977 cum

518 2005 834 2071 amicitiae
863 2005 960 2071 vis
991 2006 1074 2070 sit
1100 2006 1172 2070 in
1197 2028 1294 2084 e0,
1330 2016 1403 2071 ut
1433 2029 1600 2071 unus
1635 2006 1823 2090 quasi
1855 2006 2105 2071 animus
2134 2006 2247 2071 fiat
2274 2029 2357 2072 ex
2380 2005 2583 2091 pluri-

516 2098 661 2175 bus,
697 2100 810 2183 qui
838 2099 906 2165 id
931 2100 1070 2165 fieri
1095 2100 1347 2186 poterit,
1384 2100 1438 2165 si
1468 2123 1550 2166 ne
1577 2101 1646 2165 in
1674 2122 1805 2165 uno
1837 2100 2101 2183 quidem
2126 2121 2384 2184 quoque
2411 2122 2581 2165 unus

518 2194 766 2259 animus
810 2194 928 2260 erit
962 2194 1270 2279 idemque
1305 2218 1587 2281 semper,
1637 2194 1753 2261 sed
1786 2195 2033 2271 varius,
2090 2194 2579 2273 commutabilis,

518 2287 895 2373 multiplex?
946 2288 1103 2372 quid
1147 2288 1318 2354 enim
1353 2300 1565 2375 potest
1599 2311 1747 2354 esse·
1778 2299 1911 2353 tam
1945 2288 2255 2365 flexibile,
2298 2299 2431 2353 tam
2468 2287 2580 2355 de-
2620 2308 2675 2350 os

519 2381 695 2446 vium
723 2403 920 2465 quam
944 2382 1196 2447 animus
1225 2382 1386 2461 eius,
1413 2383 1524 2466 qui
1550 2382 1635 2448 ad
1663 2381 1925 2447 alterius
1954 2403 2084 2447 non
2110 2382 2301 2447 modo
2318 2404 2581 2447 sensum

518 2499 596 2541 ac
614 2476 1027 2554 voluntatem,
1059 2476 1174 2542 sed
1191 2477 1386 2541 etiam
1410 2477 1658 2549 voltum
1684 2487 1879 2561 atque
1907 2488 2138 2542 nutum
2156 2476 2581 2543 convertitur?

560 2624 756 2698 negat
773 2600 939 2696 quis,
963 2636 1133 2699 nego
1143 2639 1162 2692 ;
1191 2614 1300 2690 ait,
1321 2614 1422 2680 aio
1432 2638 1452 2692 3
1477 2625 1804 2700 postremo
1822 2614 2133 2699 imperavi
2152 2624 2407 2699 egomet
2422 2612 2583 2677 mihi

563 2710 779 2773 omnia
813 2710 1134 2775 adsentari
1149 2756 1167 2785 ‚

521 2863 595 2917 ut
611 2851 701 2915 ait
725 2852 898 2917 idem
916 2852 1280 2929 Terentius,
1316 2854 1432 2921 sed
1456 2854 1564 2919 ille
1594 2854 1665 2917 in
1686 2850 2047 2918 Gnathonis
2076 2874 2371 2939 persona,
2408 2852 2582 2939 quod

523 2944 712 3011 amici
754 2966 960 3030 genus
995 2945 1297 3011 adhibere
1333 2947 1591 3012 omnino
1626 2946 1904 3011 levitatis
1948 2958 2067 3013 est.
2136 2947 2322 3013 multi
2366 2959 2580 3013 autem
2622 2966 2675 3007 94

525 3038 949 3106 Gnathonum
977 3038 1214 3105 similes
1244 3062 1394 3105 cum
1423 3040 1548 3106 sint
1581 3040 1745 3117 loco,
1780 3039 2058 3117 fortuna,
2094 3040 2269 3106 fama
2296 3040 2588 3127 superio-

521 3156 656 3209 res,
706 3132 941 3197 horum
983 3143 1082 3198 est
1132 3133 1488 3200 adsentatio
1542 3134 1843 3211 molesta,
1898 3156 2047 3199 cum
2098 3136 2182 3200 ad
2233 3135 2583 3201 vanitatem

523 3226 793 3293 accessit
860 3227 1222 3293 auctoritas.
1330 3229 1576 3295 secerni
1637 3240 1857 3294 autem
1916 3229 2191 3294 blandus
2246 3230 2488 3295 amicus
2543 3251 2585 3292 a
2622 3246 2675 3287 9⁵

523 3343 677 3388 vero
723 3331 788 3385 et
831 3320 1174 3387 internosci
1227 3331 1360 3387 tam
1411 3334 1625 3408 potest
1669 3322 1955 3388 adhibita
2007 3322 2337 3407 diligentia
2388 3342 2583 3405 quam

525 3414 741 3480 omnia
773 3414 996 3481 fucata
1026 3426 1093 3481 et
1129 3415 1429 3481 simulata
1463 3439 1503 3480 a
1537 3417 1798 3483 sinceris
1835 3427 2028 3500 atque
2072 3416 2264 3481 veris.
2350 3414 2581 3491 contiO,

524 3532 691 3595 quae
745 3532 826 3576 ex
887 3509 1398 3596 imperitissumis
1450 3522 1730 3589 constat,
1790 3522 2007 3576 tamen
2066 3509 2349 3575 iudicare
2402 3510 2581 3585 solet,

527 3604 683 3689 quid
735 3604 986 3670 intersit
1033 3604 1215 3693 >inter
1262 3606 1671 3692 popularem,
1729 3606 1799 3670 id
1850 3616 1946 3669 est
1998 3605 2469 3671 adsentatorem
2520 3613 2585 3669 et

523 3698 736 3763 levem
771 3698 1000 3773 civem,
1035 3710 1101 3764 et
1133 3698 1302 3765 inter
1335 3709 1735 3765 constantem
1770 3710 1835 3765 et
1868 3720 2163 3765 severum
2198 3710 2265 3763 et
2296 3719 2583 3783 gravem.

526 3792 762 3876 quihus
813 3792 1137 3860 blanditiis
1195 3791 1275 3860 C.
1319 3793 1623 3880 Papirius
1674 3815 1880 3879 nuper
1929 3793 2240 3860 influebat
2288 3792 2358 3857 in
2410 3791 2582 3858 auris
2626 3810 2679 3851 96

529 3886 840 3953 contionis
853 3935 872 3965 ,
925 3912 1074 3955 cum
1115 3888 1314 3956 ferret
1363 3890 1576 3976 legem
1622 3888 1703 3955 de
1747 3888 2018 3967 tribunis
2060 3888 2148 3974 pl.
2196 3884 2581 3951 reficiendisl

531 3981 946 4049 dissuasimus
997 4005 1147 4063 nos;
1201 3986 1315 4051 sed
1366 3984 1526 4051 nihil
1578 3985 1661 4051 de
1703 4006 1837 4061 me,
1889 3984 1971 4049 de
2017 3982 2321 4069 Scipione
2374 3981 2585 4047 dicam

527 4074 862 4141 libentiust
897 4088 1138 4161 quanta
1163 4079 1296 4159 illa,
1335 4080 1399 4145 di
1434 4080 1820 4159 inmortales,
1855 4077 1977 4143 fuit
2003 4078 2306 4167 gravitas,
2343 4086 2586 4164 quanta

637 4176 853 4221 ciceronis
872 4178 953 4222 vot.
975 4178 1062 4222 vn.
2159 4178 2227 4235 19
