3292 4559
1371 261 1711 323 LAELIUS
1746 264 1797 319 1.
1820 264 1875 317 2.
2098 309 2108 321 .
2526 246 2655 311 263

1127 826 1227 891 Μ.
1263 824 1594 891 TULLII
1631 801 2135 890 cICERoms

1369 953 1891 1047 LAELAIUS

1299 1072 1426 1136 DE
1473 1080 1959 1137 AMICITIA

944 1198 1078 1264 AD
1116 1199 1196 1263 T.
1233 1195 1824 1263 POMPONIUM
1857 1192 2311 1261 ATTICUM.

1298 1432 1959 1492 ARGUMENTUM.

701 1549 772 1604 In
797 1549 906 1605 hoc
935 1548 1184 1621 dialogo,
1223 1548 1319 1618 qui
1349 1563 1401 1601 a.
1422 1564 1475 1599 u.
1503 1547 1620 1601 710.
1652 1551 1783 1617 post
1809 1546 1983 1602 libros
2013 1546 2083 1601 de
2121 1545 2490 1614 divinatione,
2525 1550 2657 1601 ante

597 1627 771 1683 libros
799 1627 869 1682 de
899 1625 1102 1681 officiis
1130 1625 1228 1697 (cf.
1255 1624 1340 1693 H,
1370 1625 1498 1696 31.)‚
1539 1624 1780 1693 scriptus
1809 1629 1919 1693 est,
1958 1623 2153 1680 Cicero
2184 1623 2246 1679 O.
2267 1623 2528 1677 Laelium
2556 1621 2657 1677 Sa-

597 1706 848 1775 pientem
864 1703 1277 1772 colloquentem
1293 1701 1510 1755 inducit
1527 1718 1655 1755 cum
1676 1701 1895 1756 duobus
1914 1701 2154 1773 generis,
2188 1698 2256 1763 Q.
2278 1699 2467 1753 Mucio
2490 1697 2657 1753 Scae-

597 1782 727 1835 vola
747 1786 805 1837 et
821 1779 882 1835 O.
903 1780 1143 1847 FanniO,
1179 1778 1375 1849 paucis
1403 1777 1602 1831 diebus
1629 1783 1761 1847 post
1784 1784 2020 1831 mortem
2038 1778 2104 1831 P.
2123 1777 2383 1831 Africani
2408 1776 2655 1846 minoris,

599 1856 696 1927 qui
716 1874 765 1911 a.
785 1873 840 1909 u.
860 1856 999 1925 625„
1028 1872 1156 1909 cum
1184 1854 1498 1908 actionibus
1523 1853 1889 1923 popularibus
1908 1854 1969 1908 O.
1988 1852 2259 1923 Gracchi,
2282 1853 2343 1910 C.
2366 1853 2656 1923 Carbonis,

599 1933 676 1988 M.
704 1932 893 1987 Fulvii
919 1929 1244 1999 restitisset,
1281 1946 1446 1985 mane
1482 1929 1543 1983 in
1575 1930 1787 1985 lectulo
1825 1931 2083 1985 inventus
2111 1936 2199 1985 est
2222 1937 2500 2001 mortuus,
2536 1938 2663 1986 erat

600 2018 790 2068 autem
817 2010 1069 2081 suspitio,
1106 2015 1343 2063 mortem
1362 2008 1414 2063 ei
1443 2008 1517 2063 ab
1545 2008 1785 2062 inimicis
1813 2008 2030 2064 illatam
2049 2026 2189 2065 esse.
2262 2008 2331 2073 Q.
2350 2008 2569 2063 Mucius
2588 2008 2657 2073 Q.

597 2091 640 2145 f.
661 2089 936 2146 Scaevola
953 2088 1013 2143 in
1027 2087 1466 2158 iurisprudentia
1483 2087 1765 2155 excelluit,
1797 2103 1976 2159 augur
1992 2087 2175 2143 factus
2195 2092 2282 2142 est
2298 2087 2422 2143 vivo
2442 2104 2656 2157 socero,

599 2168 952 2223 consulatum
978 2167 1155 2239 gessit
1181 2183 1232 2221 a.
1252 2183 1307 2219 u.
1329 2166 1460 2235 6373
1497 2163 1559 2221 C.
1587 2164 1868 2234 Fannius,
1908 2165 2005 2235 qui
2028 2164 2297 2221 historiae
2326 2165 2657 2221 scribendae

601 2262 830 2317 operam
859 2245 1030 2313 dedit,
1062 2244 1138 2299 ad
1163 2244 1515 2299 consulatum
1542 2259 1657 2297 non
1682 2242 1954 2313 pervenit.
2026 2242 2260 2298 Laelius
2289 2248 2479 2298 autem
2495 2260 2657 2313 prae-

596 2324 765 2377 misso
789 2322 1074 2393 prooemio
1109 2321 1350 2392 primum
1369 2321 1533 2375 docet
1560 2320 1697 2390 quid
1724 2320 1798 2374 sit
1834 2319 2106 2389 amicitia,
2147 2319 2349 2390 quibus
2376 2321 2447 2376 dc
2474 2320 2657 2375 causis

599 2400 765 2457 amici
783 2406 1143 2471 quaerantur,
1182 2399 1384 2470 quibus
1401 2398 1585 2454 causis
1606 2398 1855 2453 amicitia
1872 2398 2251 2467 contrahatur,
2292 2398 2494 2453 deinde
2513 2399 2659 2453 inter

599 2496 738 2549 quos
756 2478 1004 2534 amicitia
1022 2494 1146 2533 esse
1175 2478 1370 2547 possit,
1409 2492 1554 2547 quae
1573 2477 1647 2529 sit
1666 2475 1948 2531 amicitiae
1974 2476 2082 2547 lex,
2121 2491 2267 2547 quae
2287 2472 2497 2544 officia,
2536 2472 2656 2544 qui-

595 2558 703 2613 bus
722 2556 962 2629 denique
981 2556 1164 2612 modis
1179 2561 1453 2627 perpetuo
1474 2559 1835 2609 conservetur

727 2831 813 2913 Q.
849 2832 1112 2897 Mucius
1147 2855 1356 2917 augur
1401 2832 1606 2897 multa
1638 2853 1899 2895 narrare
1934 2830 2015 2896 de
2053 2828 2131 2895 C.
2167 2829 2397 2896 Laelio
2431 2852 2652 2897 socero
2689 2832 2721 2884 1

599 2946 716 2989 suo
751 2925 1114 2991 memoriter
1148 2936 1212 2991 et
1255 2926 1532 2991 iucunde
1581 2925 1830 2990 solebat
1873 2946 1994 2989 nec
2030 2924 2323 2991 dubitare
2367 2925 2549 2989 illum
2584 2925 2653 2989 in
2688 2904 2713 2942 ²

599 3017 774 3084 omni
815 3040 1106 3084 sermone
1153 3021 1472 3104 appellare
1525 3020 1907 3104 sapientem3
1961 3041 2083 3105 ego
2129 3030 2343 3085 autem
2389 3043 2429 3085 a
2471 3030 2653 3107 patre

595 3113 686 3177 ita
721 3136 896 3178 eram
934 3111 1245 3177 deductus
1282 3114 1367 3178 ad
1402 3112 1785 3180 Scaevolam
1828 3125 2087 3200 sumpta
2120 3114 2289 3181 virili
2332 3127 2515 3201 toga,
2561 3126 2651 3192 ut,

596 3207 813 3292 quoad
846 3229 1103 3293 possem
1139 3217 1205 3272 et
1234 3208 1482 3285 liceret,
1528 3231 1568 3274 a
1602 3209 1773 3274 senis
1816 3209 2015 3275 latere
2048 3232 2402 3294 numquam
2450 3210 2655 3275 disce-

598 3302 834 3368 derem.
921 3302 1140 3386 itaque
1174 3303 1376 3367 multa
1410 3303 1493 3367 ab
1530 3326 1606 3370 eo
1650 3305 1998 3389 prudenter
2044 3304 2396 3389 disputata,
2450 3303 2652 3367 multa

597 3398 788 3462 etiam
833 3396 1114 3462 breviter
1157 3408 1221 3462 et
1265 3396 1597 3464 commode
1654 3399 1824 3465 dicta
1874 3399 2220 3465 memoriae
2264 3397 2653 3462 mandabam

469 3560 476 3567 ,
595 3490 860 3575 fierique
912 3489 1250 3557 studebam
1306 3491 1442 3558 eius
1495 3493 1837 3579 prudentia
1890 3494 2162 3571 doctior3
2218 3505 2346 3575 q'uo
2397 3500 2651 3557 mortuo

594 3608 698 3651 me
734 3584 819 3650 ad
851 3584 1218 3670 pontificem
1239 3584 1618 3652 Scaevolam
1645 3587 1905 3664 contuli,
1942 3609 2137 3671 quem
2170 3608 2372 3650 unum
2397 3594 2655 3649 nostrae

597 3679 869 3762 civitatis
922 3690 986 3746 et
1037 3680 1296 3765 ingenio
1351 3690 1417 3747 et
1474 3681 1716 3746 iustitia
1778 3682 2392 3769 praestantissimum
2444 3679 2653 3745 audeo

599 3772 805 3839 dicere
815 3797 834 3851 ς
873 3774 988 3839 sed
1021 3775 1103 3840 de
1137 3774 1262 3841 hoc
1296 3775 1482 3853 alias,
1518 3798 1691 3842 nunc
1725 3777 1918 3844 redeo
1954 3778 2038 3842 ad
2074 3798 2403 3863 augurem.
2502 3796 2650 3841 cum
2684 3792 2711 3833 8

599 3889 788 3952 saepe
823 3869 1056 3947 multa,
1099 3879 1238 3935 tum
1271 3870 1533 3937 memini
1568 3870 1744 3936 domi
1785 3870 1854 3936 in
1888 3872 2263 3957 hemicyclio
2301 3871 2648 3947 sedentem,

598 3971 671 4024 ut
714 3962 988 4040 solebat,
1041 3986 1190 4029 cum
1242 3975 1308 4031 et
1360 3987 1483 4051 ego
1527 3988 1737 4030 essem
1781 3988 1912 4032 una
1954 3977 2019 4031 et
2062 3964 2253 4052 pauci
2297 3964 2647 4029 admodum

596 4054 972 4136 familiares,
1025 4056 1094 4123 in
1146 4081 1295 4124 eum
1347 4082 1705 4127 sermonem
1755 4060 1937 4127 illum
1988 4060 2294 4139 incidere,
2348 4060 2459 4145 qui
2509 4070 2649 4127 tum
