3292 4559
748 261 877 328 160
1364 271 1445 325 M.
1482 269 1756 326 TULLII
1793 264 2196 326 CICERONIS

754 399 1108 481 armatique
1160 395 1227 460 in
1282 413 1437 481 agro
1492 392 1914 468 excubarent,
1966 392 2139 476 quod
2192 403 2396 458 terrae
2447 405 2660 460 motus
2713 396 2816 473 in-

760 502 975 570 staret,
1012 502 1169 568 tum,
1208 512 1357 555 cum
1392 499 1457 556 et
1491 489 1645 554 urbs
1683 498 1818 553 tota
1845 488 2095 554 conruit
2122 498 2186 553 et
2213 510 2250 556 e
2275 499 2494 554 monte
2512 488 2812 578 Taygeto
2990 487 2991 498 ³

749 597 1034 653 extrema
1068 585 1301 651 montis
1337 584 1524 668 quasi
1555 583 1791 671 puppis
1827 582 2048 650 avolsa
2083 593 2197 649 est.
2273 605 2360 648 ne
2393 581 2812 670 Pherecydes

750 680 1039 764 quidem,
1092 679 1199 746 ille
1231 678 1646 766 Pythagorae
1683 678 2016 767 magister,
2067 678 2282 764 potius
2319 677 2573 744 divinus
2609 679 2812 745 habe-
2990 729 2991 742 ,

749 775 921 840 bitur
949 795 1143 859 quam
1176 773 1504 860 physicus,
1541 773 1736 857 quod,
1773 795 1922 838 cum
1951 771 2215 839 vidisset
2249 771 2546 840 haustam
2571 793 2811 857 aquam

750 871 830 936 de
864 870 1001 956 iugi
1036 879 1251 956 putee,
1288 878 1496 934 terrae
1532 879 1744 932 motus
1781 866 1942 932 dixit
1974 867 2232 932 instare.

596 1023 599 1026 ,
648 981 723 1021 113
776 1017 779 1024 .
876 963 941 1028 Ν
942 986 1015 1029 ec
1042 984 1194 1029 vero
1225 984 1535 1047 umquam
1562 961 1815 1026 animus
1839 960 2114 1026 hominis
2146 960 2520 1026 naturaliter
2544 959 2810 1038 divinat,

748 1057 871 1122 nisi
906 1079 1053 1122 cum
1085 1057 1179 1122 ita
1214 1057 1461 1122 solutus
1500 1067 1597 1122 est
1630 1065 1696 1122 et
1739 1077 2014 1132 vacuus,
2067 1064 2136 1120 ut
2182 1055 2242 1120 ei
2285 1054 2476 1140 plane
2522 1053 2682 1118 nihil
2725 1053 2810 1120 sit
2989 1071 2992 1152 Q

750 1173 900 1217 cum
934 1172 1229 1236 corpore:
1276 1149 1452 1235 quod
1498 1159 1611 1214 aut
1643 1149 1902 1215 vatibus
1939 1148 2251 1234 contingit
2287 1159 2401 1213 aut
2435 1147 2812 1214 dormienti·
2990 1153 2991 1178 ³

748 1245 903 1322 bus;
954 1245 1171 1328 itaque
1216 1266 1297 1308 ea
1341 1243 1470 1308 duo
1514 1265 1757 1330 genera
1801 1267 1842 1308 a
1875 1241 2277 1308 Dicaearcho
2320 1242 2677 1327 probantur
2721 1253 2810 1320 et,

752 1351 823 1404 ut
860 1339 1022 1415 dixi,
1076 1361 1115 1403 a
1151 1334 1461 1424 Cratippo
1496 1348 1734 1403 nostro·
1823 1337 1878 1402 si
1911 1347 2278 1425 propterea,
2334 1335 2510 1420 quod
2549 1357 2627 1401 ea
2660 1358 2811 1421 pro-

750 1433 1120 1499 ficiscuntur
1156 1455 1195 1498 a
1227 1442 1477 1510 natura,
1513 1431 1639 1497 sint
1673 1453 1926 1496 summa
1959 1453 2134 1506 sane,
2169 1429 2361 1498 modo
2389 1453 2472 1496 ne
2507 1430 2668 1507 sola,
2709 1430 2810 1496 siu

753 1537 968 1592 autem
1011 1526 1167 1591 nihil
1214 1548 1353 1592 esse
1396 1526 1465 1591 in
1508 1525 1954 1592 observatione
1998 1535 2254 1611 putant,
2308 1524 2512 1590 multa
2553 1525 2809 1602 tollunt,

752 1619 985 1705 quibus
1016 1619 1191 1686 vitae
1226 1621 1387 1686 ratio
1424 1619 1802 1686 continetur.
1868 1620 1982 1685 sed
2017 1619 2322 1704 quoniam
2357 1619 2513 1684 dant
2545 1617 2807 1702 aliquid,

750 1714 947 1798 idque
993 1736 1122 1779 non
1164 1737 1463 1801 parvum,
1496 1713 2038 1802 [vaticinationes
2081 1736 2230 1780 cum
2275 1712 2533 1778 somniis
2545 1709 2596 1798 ,]
2649 1711 2810 1778 nihil

754 1820 852 1874 est
895 1809 1070 1892 quod
1112 1831 1261 1876 cum
1312 1809 1411 1874 his
1456 1830 1695 1896 magno
1741 1830 1933 1894 opere
1986 1829 2382 1894 pugnemus,
2434 1807 2809 1893 praesertim

628 1909 727 1964 ἰιι
754 1925 901 1969 cum
935 1902 1063 1968 sint
1098 1905 1209 1988 qui
1243 1903 1500 1970 omnino
1534 1903 1779 1968 nullam
1815 1901 2274 1968 divinationem
2307 1900 2600 1986 probent.
2653 1923 2812 1986 ergo

754 2009 817 2063 et
848 1997 925 2075 ii,
961 2019 1235 2081 quorum
1270 1997 1468 2064 animi
1502 1999 1731 2083 spretis
1769 1996 2144 2082 corporibus
2182 1997 2433 2062 evolant
2471 2007 2663 2080 atque
2697 2017 2810 2060 ex-

753 2102 1019 2156 currunt
1066 2092 1269 2169 foras,
1332 2092 1558 2157 ardore
1612 2091 1828 2175 aliquo
1881 2091 2259 2156 inflammati
2323 2100 2515 2173 atque
2569 2089 2811 2156 incitati

753 2195 1024 2251 cernunt
1047 2184 1159 2248 illa
1186 2185 1495 2269 profecto,
1532 2205 1699 2268 quae
1729 2185 2147 2250 vaticinantes
2174 2183 2609 2270 pronuntiant,
2644 2185 2814 2248 mul·

752 2279 962 2362 tisque
1013 2276 1207 2342 rebus
1256 2277 1734 2342 inflammantur
1783 2277 1944 2344 tales
1997 2277 2225 2354 animi,
2279 2278 2392 2362 qui
2437 2277 2811 2362 corporibus

754 2393 885 2436 non
917 2368 1275 2446 inhaerent,
1320 2379 1393 2434 ut
1435 2370 1509 2446 ii,
1564 2370 1676 2454 qui
1713 2391 1869 2436 sono
1905 2371 2186 2455 quodam
2221 2393 2454 2436 vocum
2499 2380 2565 2436 et
2597 2369 2814 2456 Phry-

756 2464 879 2548 giis
914 2462 1205 2528 cantibus
1238 2463 1602 2529 incitantur.
1692 2462 1929 2530 multos
1964 2486 2229 2530 nemora
2263 2465 2608 2548 silvaeque,
2643 2465 2816 2531 mul-

756 2567 857 2624 tos
922 2577 1143 2621 amnes
1204 2568 1315 2622 aut
1374 2556 1577 2621 mar-ia
1631 2569 2062 2635 commovent,
2127 2579 2401 2641 quorum
2461 2557 2814 2624 furibunda

757 2671 937 2716 mens
972 2649 1150 2715 videt
1182 2661 1329 2717 ante
1364 2650 1568 2715 multo
1604 2673 1769 2736 quae
1807 2652 1932 2716 sint
1966 2651 2202 2716 futura.
2291 2673 2419 2736 quo
2457 2651 2537 2718 de
2571 2675 2813 2739 genere

757 2745 868 2810 illa
902 2754 1079 2810 sunt:

1679 2838 1844 2905 eheu
1878 2837 2120 2904 videte!

843 2931 1153 2996 iudicabit
1186 2930 1475 2995 inclitum
1508 2931 1819 2998 iudicium
1852 2932 2017 2998 inter
2051 2933 2204 2998 deas
2241 2933 2354 2998 tris
2392 2933 2652 3017 aliquis:

846 3044 975 3108 quo
1016 3023 1251 3088 iudicio
1294 3024 1810 3092 Lacedaemonia
1843 3026 2100 3102 mulier,
2145 3025 2459 3092 furiarum
2492 3050 2648 3104 una,
2696 3028 2816 3092 ad-

1609 3120 1842 3186 veniet.

760 3227 985 3295 eodem
1012 3228 1182 3294 enim
1215 3228 1405 3296 modo
1436 3230 1639 3294 multa
1667 3253 1706 3295 a
1730 3230 2226 3296 vaticinantibus
2257 3253 2448 3317 saepe
2484 3232 2818 3316 praedicta

759 3334 909 3390 sunt
939 3344 1149 3408 neque
1183 3322 1389 3389 solum
1422 3324 1659 3402 verbis,
1695 3325 1810 3390 sed
1845 3325 2041 3390 etiam

962 3430 1274 3530 versibus,
1308 3473 1469 3537 quos
1502 3452 1657 3518 olim
1689 3451 1904 3518 Fauni
1939 3463 2246 3537 vatesque
2282 3452 2617 3519 canebant.

658 3605 733 3648 115
760 3590 1044 3655 similiter
1085 3587 1374 3654 Marcius
1419 3599 1485 3653 et
1522 3587 1860 3656 Publicius
1906 3600 2086 3654 vates
2141 3588 2445 3656 cecinisse
2494 3588 2817 3656 dicuntur.

760 3684 947 3750 credo
993 3683 1185 3748 etiam
1233 3679 1551 3746 anhelitus
1588 3683 1900 3766 quosdam
1935 3682 2134 3748 fuisse
2178 3694 2525 3762 terrarum,
2578 3683 2818 3768 quibus

758 3777 1013 3842 inflatae
1054 3785 1301 3840 mentes
1346 3773 1559 3839 oracla
1608 3775 1980 3854 funderent3
2033 3797 2163 3859 quo
2207 3776 2289 3842 de
2333 3799 2570 3862 genere
2606 3778 2824 3862 Apol-

657 3886 723 3940 51
758 3869 901 3934 linis
938 3878 1161 3955 operta
1193 3866 1444 3954 prolata
1470 3879 1637 3934 sunt.
1811 3869 2034 3953 Atque
2068 3869 2230 3936 haec
2265 3869 2530 3955 quidem
2566 3870 2818 3936 vatium

760 3963 921 4026 ratio
957 3974 1072 4041 est,
1105 3983 1227 4030 nec
1262 3962 1585 4028 dissimilis
1622 3985 1775 4028 sane
1813 3964 2230 4042 somniorum;
2265 3988 2419 4030 nam
2446 3988 2612 4049 quae
2646 3964 2822 4048 vigi-

761 4054 1041 4120 lantibus
1096 4055 1394 4122 accidunt
1455 4055 1740 4133 vatibus,
1803 4057 2029 4123 eadem
2079 4059 2266 4126 nobis
2305 4049 2780 4125 'dormientibus
2794 4080 2817 4122 ε
