3292 4559
1112 184 1586 246 Dsormcus
1619 187 1697 242 IL
1733 187 1977 242 43-48,
2404 226 2411 234 .
2486 155 2569 238 6'3

502 313 691 388 dere,
745 310 922 395 quod
971 331 1048 375 eo
1097 310 1378 375 firmiore
1428 310 1642 377 animo
1687 310 1953 386 facient,
2006 309 2159 394 quia
2200 331 2331 374 non
2376 309 2570 376 modo

501 428 642 471 non
693 405 1015 470 invidetur
1065 404 1158 468 illi
1211 404 1432 481 aetati,
1485 427 1711 470 verum
1768 405 1962 470 etiam
2004 403 2276 469 favetur.
2363 404 2571 490 prima

503 509 608 564 est
659 498 856 584 igitur
908 497 1302 562 adulescenti
1347 498 1815 564 commendatio
1859 497 1945 564 ad
1984 497 2287 583 gloriam,
2342 498 2399 562 si
2442 518 2571 582 qua

502 616 592 658 ex
644 591 885 658 bellicis
937 590 1132 656 rebus
1183 591 1518 677 conparari
1567 602 1810 677 potest,
1862 591 1930 658 in
1982 612 2113 674 qua
2162 591 2346 656 multi
2396 591 2571 676 apud

501 687 780 754 maiores
813 697 1066 751 nostros
1100 686 1506 763 exstiterunt3
1545 707 1797 772 semper
1831 687 2003 752 enim
2031 685 2165 751 fere
2194 686 2363 752 bella
2390 707 2573 772 gere·

502 783 762 848 bantur.
861 793 976 846 tua
1024 791 1252 847 'autem
1317 792 1494 847 aetas
1555 781 1779 846 incidit
1833 782 1901 845 in
1951 780 2021 844 id
2064 780 2335 857 bellum,
2388 781 2571 846 cuius

504 878 714 942 altera
755 899 906 962 pars
951 875 1206 940 sceleris
1247 876 1520 940 nimium
1563 875 1820 952 habuit,
1866 877 2067 940 altera
2100 874 2422 939 felicitatis
2458 897 2575 958 pa·-

504 993 685 1046 rum3
733 991 862 1054 quo
907 979 1124 1034 tamen
1165 968 1234 1032 in
1269 968 1438 1034 bello
1473 989 1622 1033 cum
1657 980 1721 1034 te
1756 968 2108 1054 Pompeius
2145 968 2285 1034 alae
2324 964 2569 1052 [alteri]

391 1122 401 1130 .
505 1063 956 1149 praefecisset,
1009 1084 1314 1147 magnam
1363 1061 1622 1127 laudem
1676 1074 1741 1128 et
1792 1085 1833 1126 a
1878 1083 2129 1126 summo
2174 1061 2313 1126 viro
2370 1071 2436 1126 et
2486 1061 2571 1124 ab

507 1159 796 1225 exercitu
841 1157 1316 1240 consequebare
1361 1156 1737 1240 equitandO,
1782 1157 2152 1234 iaculando,
2198 1155 2373 1222 omni
2406 1156 2573 1222 mili-

506 1253 636 1317 tari
678 1252 900 1318 labore
935 1251 1286 1316 tolerando.
1375 1263 1570 1335 atque
1605 1273 1683 1316 ea
1718 1252 1982 1336 quidem
2016 1262 2127 1316 tua
2159 1251 2300 1316 laus
2335 1251 2571 1337 pariter

507 1369 660 1412 cum
693 1369 766 1412 re
801 1347 1060 1432 publica
1095 1346 1344 1412 cecidit.
1399 1345 1558 1411 mihi
1593 1356 1811 1412 autem
1844 1347 2007 1412 haec
2041 1346 2243 1410 oratio
2274 1356 2571 1431 suscepta

507 1463 642 1506 non
676 1441 758 1506 de
792 1451 858 1507 te
891 1450 1018 1518 est,
1066 1441 1182 1506 sed
1215 1441 1296 1507 de
1331 1463 1568 1527 genere
1603 1452 1767 1506 toto:
1820 1461 2018 1525 quam
2052 1440 2137 1505 ob
2171 1462 2307 1506 rem
2342 1461 2573 1525 perga-

506 1559 654 1600 mus
707 1535 794 1601 ad
845 1557 952 1612 ea,
1003 1556 1172 1620 quae
1223 1547 1485 1602 restant.
1573 1548 1646 1601 ut
1698 1537 1897 1622 igitur
1946 1536 2014 1600 in
2065 1535 2327 1619 reliquis
2380 1534 2571 1600 rebus
2606 1545 2657 1584 4⁶

507 1631 714 1694 multo
767 1630 1012 1694 maiora
1053 1651 1249 1714 opera
1293 1642 1443 1696 sunt
1489 1631 1687 1694 animi
1733 1652 1929 1715 quam
1964 1630 2276 1714 corporis,
2322 1629 2415 1694 sic
2458 1651 2572 1694 eae

507 1745 612 1788 res
625 1770 644 1800 ‚
683 1743 844 1807 quas
877 1723 1137 1808 ingenio
1173 1745 1250 1788 ac
1281 1724 1528 1789 ratione
1562 1725 2035 1809 persequimur,
2080 1722 2389 1808 gratiores
2426 1733 2575 1786 sunt

508 1839 707 1900 quam
767 1816 946 1891 illae,
1001 1836 1162 1900 quas
1226 1816 1492 1882 viribus.
1577 1817 1789 1902 prima
1846 1817 2047 1902 igitur
2108 1817 2573 1882 commendatio

508 1909 931 1997 proficiscitur
963 1933 1005 1974 a
1037 1910 1352 1976 modestia
1383 1933 1534 1976 cum
1567 1911 1807 1997 pietate
1840 1911 1910 1976 in
1955 1911 2265 1997 parentis,
2310 1911 2379 1975 in
2425 1931 2573 1975 suos

515 2003 977 2070 benevolentia.
1077 2003 1406 2071 facillume
1460 2017 1680 2072 autem
1732 2017 1797 2072 et
1846 2006 1915 2070 in
1965 2005 2275 2090 optimam
2326 2014 2575 2090 partem

511 2108 994 2184 cognoscuntur
1021 2098 1492 2177 adulescentes,
1539 2100 1654 2184 qui
1688 2123 1758 2166 se
1792 2099 1882 2165 ad
1912 2099 2115 2165 claros
2162 2110 2226 2165 et
2269 2098 2572 2186 sapientis

510 2193 682 2258 viros
717 2193 882 2259 bene
919 2193 1304 2258 consulentis
1351 2193 1446 2259 rei
1492 2193 1791 2280 publicae
1832 2195 2265 2270 contulerunt,
2310 2192 2574 2276 quibus·-

512 2307 661 2364 curn
705 2286 762 2352 si
807 2286 1175 2370 frequentes
1220 2299 1398 2364 sunt,
1445 2288 1811 2374 opinionem
1856 2287 2157 2354 adferunt
2190 2286 2429 2372 populo
2466 2307 2573 2352 eo-

499 2381 654 2445 rum
706 2380 843 2446 fore
887 2403 957 2446 se
1009 2380 1228 2446 similis
1241 2428 1261 2458 ,
1313 2401 1476 2465 quos
1529 2382 1655 2447 sibi
1702 2382 1827 2467 ipsi
1880 2380 2234 2466 delegerint
2290 2381 2377 2445 ad
2430 2380 2575 2444 imi-

511 2475 796 2540 tandum.
901 2474 983 2540 P.
1055 2475 1282 2542 Rutilii
1351 2477 1851 2542 adulescentiam
1920 2475 2005 2540 ad
2074 2475 2440 2560 opinionem
2510 2485 2573 2540 et
2607 2490 2659 2530 4⁷

512 2569 913 2635 innocentiae
985 2580 1050 2635 et
1109 2570 1266 2636 iuris
1331 2571 1632 2638 scientiae
1692 2569 1773 2635 P.
1834 2570 2047 2635 Mucii
2104 2569 2575 2634 commendavit

515 2665 764 2728 domus.
850 2686 1004 2728 nam
1047 2663 1131 2728 L.
1168 2664 1432 2748 quidem
1469 2663 1777 2742 Crassus,
1822 2687 1971 2729 cnm
2016 2675 2181 2730 esset
2227 2663 2574 2728 admodum

516 2758 917 2832 adulescens,
959 2777 1092 2822 non
1137 2758 1392 2823 aliunde
1437 2769 1767 2823 mutuatus
1810 2768 1937 2834 est,
1984 2758 2099 2822 sed
2134 2757 2257 2822 sibi
2289 2757 2427 2840 ipse
2462 2778 2575 2840 pe-

515 2849 678 2935 perit
737 2871 1108 2914 maxumam
1167 2851 1428 2916 laudem
1489 2874 1572 2917 ex
1631 2851 1744 2916 illa
1804 2851 2207 2916 accusatione
2258 2849 2459 2915 nobili
2510 2861 2575 2914 et

514 2943 820 3032 gloriosa,
865 2955 957 3020 et,
1002 2964 1132 3027 qua
1179 2954 1384 3011 aetate
1419 2946 1532 3030 qui
1565 2957 1944 3011 exercentur
1995 2944 2189 3010 laude
2234 2944 2423 3010 adfici
2470 2957 2573 3008 so-

515 3041 667 3114 lent,
701 3048 775 3102 ut
810 3036 890 3102 de
924 3035 1363 3103 Demosthene
1399 3039 1785 3124 accepimus,
1818 3061 1899 3104 ea
1932 3049 2139 3104 aetate
2175 3037 2257 3103 L.
2296 3035 2571 3104 Crassus

516 3131 792 3198 ostendit
842 3131 910 3194 id
962 3153 1032 3196 se
1073 3130 1152 3194 ⁴in
1202 3130 1342 3195 foro
1395 3143 1656 3218 optume
1698 3133 1830 3198 iam
1872 3132 2117 3208 facere,
2160 3130 2337 3216 quod
2378 3131 2574 3197 etiam
2667 3172 2675 3181 =

517 3239 655 3292 tum
697 3235 946 3311 poterat
985 3224 1160 3289 domi
1195 3247 1344 3290 cum
1377 3225 1568 3292 laude
1600 3227 1914 3293 meditari.
2000 3226 2118 3292 sed
2152 3248 2301 3292 cum
2334 3226 2574 3311 duplex
2609 3213 2677 3327 ἒξ

516 3320 676 3386 ratio
711 3319 796 3385 sit
829 3319 1132 3386 orationis
1146 3366 1166 3396 ,
1211 3341 1485 3404 quarum
1518 3322 1586 3385 in
1621 3322 1823 3386 altera
1856 3342 2065 3385 sermo
2102 3330 2226 3397 est,
2268 3319 2339 3384 in
2372 3320 2573 3384 altera

517 3413 867 3491 contentiO,
921 3435 1052 3478 non
1103 3425 1202 3479 est
1251 3413 1319 3479 id
1372 3415 1636 3498 quidem
1691 3412 1989 3490 dubium,
2041 3413 2199 3496 quin
2250 3411 2571 3478 contentio

519 3507 878 3596 [orationis]
935 3509 1240 3575 maiorem
1297 3509 1426 3573 vim
1479 3508 1716 3575 habeat
1766 3508 1850 3574 ad
1902 3509 2173 3594 gloriam
2218 3543 2307 3556 -—
2348 3531 2427 3574 ea
2476 3520 2575 3574 est

516 3604 715 3681 enim,
759 3624 955 3688 quam
990 3603 1418 3688 eloquentiam
1451 3603 1725 3668 dicimus
1758 3639 1876 3679 —,
1914 3602 2031 3670 sed
2064 3614 2279 3668 tamen
2314 3601 2573 3668 difficile

518 3697 693 3763 dictu
727 3711 854 3776 est,
899 3709 1140 3782 quanto
1187 3719 1380 3786 opere
1415 3698 1709 3764 conciliet
1744 3697 1989 3764 animos
2026 3697 2289 3763 comitas
2324 3695 2574 3763 adfabi-

520 3791 790 3874 litasque
860 3793 1189 3860 sermonis.
1297 3803 1548 3858 exstant
1619 3792 1931 3878 epistulae
2002 3804 2065 3858 et
2133 3789 2421 3876 Philippi
2489 3788 2575 3854 ad

523 3884 962 3950 Alexandrum
997 3899 1060 3952 et
1093 3887 1420 3973 Antipatri
1454 3888 1538 3952 ad
1575 3884 2013 3952 Cassandrum
2050 3897 2113 3952 et
2140 3884 2455 3970 Antigoni
2490 3883 2574 3948 ad

518 3976 891 4063 Philippum
941 3979 1172 4059 filium,
1227 3982 1418 4052 trium
1471 3980 2111 4068 prudentissimorum
2144 4015 2232 4028 -—
2266 3979 2357 4048 sic
2402 3979 2573 4046 enim
