3292 4559
1065 258 1172 315 DE
1212 258 1544 317 OFFICIIS
1576 258 1622 315 1.
1678 258 1919 315 22—28.
2253 298 2261 309 ,
2478 242 2520 307 9
2592 252 2597 259 ’

469 386 624 449 mini
658 403 894 449 nocens
928 382 1350 467 vituperanda
1384 392 1500 459 est,
1537 382 1651 447 sed
1680 381 1989 467 fugienda
2017 402 2267 464 semper
2290 379 2523 445 iniuria

469 490 588 543 est.
673 499 972 545 maxume
1020 488 1238 541 autem
1279 476 1685 541 adducuntur
1719 476 2038 561 plerique,
2086 487 2161 539 ut
2194 496 2303 540 eos
2339 474 2523 537 iusti-
2559 491 2610 531 26

469 571 596 637 tiae
639 571 846 655 capiat
891 570 1156 647 oblivio,
1205 592 1354 635 cum
1395 570 1463 633 in
1506 569 1919 655 imperiorum
1932 616 1951 645 ,
1995 569 2309 634 honorum
2322 615 2339 643 ,
2385 567 2525 652 glo-

469 666 599 729 riae
651 664 1063 750 cupiditatem
1113 663 1490 729 inciderunt.
1579 663 1756 747 quod
1811 664 1983 727 enim
2028 673 2127 729 eet
2170 660 2345 746 apud
2390 659 2527 725 En·-
2578 746 2583 755 .

470 758 669 835 nium,

1361 885 1537 949 nulla
1572 894 1793 950 sancta
1830 884 2098 949 societas

812 1000 933 1043 nec
967 978 1126 1043 fides
1161 978 1342 1062 regni
1379 990 1495 1054 est,

471 1134 540 1197 id
572 1133 764 1198 latius
791 1142 980 1216 patet
989 1155 1010 1207 ;
1062 1154 1214 1195 nam
1249 1131 1558 1214 quicquid
1591 1131 1730 1195 eius
1766 1130 1941 1195 modi
1977 1141 2093 1207 est,
2130 1128 2199 1193 in
2236 1149 2365 1213 quo
2397 1150 2531 1193 non

471 1226 718 1312 possint
760 1227 976 1311 plures
1021 1225 1362 1303 excellere,
1407 1226 1475 1291 in
1523 1248 1598 1291 eo
1645 1226 1718 1289 fit
1753 1226 2131 1311 plerumque
2166 1235 2347 1289 tanta
2379 1244 2531 1287 con·-

471 1319 700 1397 tenti0,
743 1331 815 1384 ut
851 1318 1299 1383 difficillimum
1336 1319 1418 1383 sit
1451 1342 1707 1385 servare
1754 1327 2069 1385 ‘sanctam
2118 1317 2527 1385 societatem.’

473 1412 821 1478 declaravit
853 1412 921 1477 id
957 1412 1148 1477 modo
1185 1414 1506 1479 temeritas
1539 1412 1616 1479 C.
1650 1411 1968 1491 Caesaris,
2006 1414 2119 1498 qui
2152 1412 2367 1478 omnia
2390 1411 2531 1475 iura

473 1506 690 1571 divina
723 1517 788 1572 et
821 1506 1102 1571 humana
1135 1508 1443 1593 pervertit
1474 1519 1739 1593 propter
1774 1530 1952 1584 eum,
1998 1528 2192 1591 quem
2236 1506 2359 1572 sibi
2393 1506 2532 1590 ipse

473 1600 786 1685 opinionis
823 1614 1036 1667 errore
1069 1601 1366 1677 finxerat,
1402 1602 1852 1687 principatum.
1925 1613 2023 1667 est
2056 1613 2273 1667 autem
2306 1600 2376 1663 in
2410 1600 2532 1664 hoc

475 1715 708 1779 genere
751 1695 1123 1771 molestum,
1168 1696 1344 1777 quod
1385 1696 1454 1759 in
1495 1695 1791 1760 maximis
1838 1695 2065 1759 animis
2100 1692 2535 1779 splendidissi-

475 1788 724 1868 misque
783 1787 1058 1871 ingeniis
1118 1788 1496 1872 plerumque
1551 1788 1865 1853 exsistunt
1916 1788 2203 1865 honoris,
2264 1784 2533 1869 imperii,

474 1878 825 1965 potentiae,
871 1880 1112 1964 gloriae
1160 1881 1572 1965 cupiditate-:13
1627 1902 1757 1965 quo
1798 1882 2007 1966 magis
2044 1880 2401 1945 cavendum
2436 1890 2535 1941 est

476 1996 558 2038 ne
611 1973 770 2057 quid
818 1973 888 2037 in
933 1994 1011 2038 eo
1051 1995 1288 2059 genere
1333 1992 1650 2060 peccetur.
1740 1976 1855 2041 sed
1897 1976 1964 2039 in
2010 1974 2183 2040 omni
2226 1972 2535 2037 iniustitia

477 2067 866 2153 permultum
917 2066 1211 2144 interest,
1267 2079 1482 2133 utrum
1538 2069 2016 2154 perturbatione
2060 2068 2275 2152 aliqua
2318 2066 2533 2141 animi,

479 2182 644 2243 quae
679 2162 1054 2247 plerumque
1092 2161 1306 2228 brevis
1343 2174 1439 2227 est
1474 2174 1540 2228 et
1573 2164 1659 2227 ad
1694 2173 1977 2249 tempus,
2022 2184 2105 2227 an
2149 2161 2437 2227 consulto
2474 2170 2537 2224 et

477 2254 758 2340 cogitata
799 2255 912 2321 fiat
953 2255 1214 2333 iniuria3
1261 2256 1502 2323 leviora
1545 2258 1719 2323 enim
1764 2269 1913 2323 sunt
1955 2280 2063 2334 ea,
2108 2278 2273 2341 quae
2306 2274 2537 2341 repen-

478 2349 611 2412 tino
655 2349 868 2432 aliquo
913 2360 1092 2415 motu
1139 2351 1466 2429 accidunt,
1513 2373 1709 2435 quam
1752 2376 1859 2429 ea,
1904 2374 2071 2436 quae
2116 2351 2423 2417 meditata
2470 2360 2535 2413 et

476 2455 856 2528 praeparata
907 2444 1284 2511 inferuntur.
1367 2468 1444 2511 ac
1497 2446 1576 2511 cle
1620 2446 1953 2512 inferenda
1996 2446 2256 2531 quidem
2300 2444 2535 2509 iniuria

477 2536 632 2601 satis
669 2537 909 2603 dictum
945 2549 1060 2604 est.

607 2630 1226 2699 Praetermittendae
1309 2644 1528 2701 autem
1603 2634 1993 2701 defensionis
2075 2632 2537 2714 deserendique

478 2723 676 2788 officii
707 2726 923 2811 plures
959 2727 1165 2792 solent
1199 2751 1340 2793 esse
1377 2750 1644 2805 causae3
1698 2751 1849 2793 nam
1885 2739 1995 2793 aut
2030 2726 2392 2791 inimicitias
2426 2734 2541 2789 aut

478 2817 764 2881 laborem
810 2830 922 2881 aut
965 2831 1260 2904 sumptus
1306 2822 1629 2907 suscipere
1677 2822 1906 2886 nolunt
1950 2832 2061 2885 aut
2096 2820 2291 2885 etiam
2322 2819 2540 2904 negle-

479 2910 729 2995 gentia,
766 2912 1054 2995 pigritia,
1088 2913 1320 2979 inertia
1353 2925 1466 2980 aut
1499 2915 1632 2981 suis
1670 2914 1895 2979 studiis
1931 2913 2317 2997 quibusdam
2352 2934 2542 2977 occu-

481 3003 926 3088 pationibusve
963 3005 1056 3069 sic
1088 3006 1520 3091 inpediuntur,
1557 3020 1631 3073 ut
1664 3030 1795 3085 eos,
1834 3030 1995 3091 quos
2024 3008 2217 3073 tutari
2245 3006 2539 3081 debeant,

483 3098 768 3163 desertos
833 3121 971 3163 esse
1027 3099 1372 3184 patiantur.
1460 3102 1677 3187 itaque
1732 3102 2079 3169 videndum
2132 3112 2229 3167 est
2278 3124 2361 3165 ne
2413 3121 2543 3163 non

483 3191 637 3257 satis
699 3192 779 3257 sit
841 3192 937 3269 id,
1006 3193 1180 3275 quod
1245 3195 1419 3279 apud
1470 3195 1812 3261 Platonem
1866 3206 1961 3262 est
2013 3196 2080 3261 in
2131 3193 2539 3281 philosophos

485 3286 755 3363 dictum,
809 3287 982 3370 quod
1035 3286 1104 3351 in
1155 3288 1290 3353 veri
1333 3288 1823 3375 investigatione
1867 3300 2201 3356 versentur
2242 3289 2541 3373 quodque

485 3402 594 3457 ea,
639 3401 803 3463 quae
839 3381 1127 3465 plerique
1164 3382 1574 3447 vehementer
1611 3393 1945 3469 expetant,
1994 3383 2077 3447 de
2110 3381 2345 3465 quibus
2379 3381 2543 3445 inter

487 3496 558 3539 se
611 3474 945 3560 digladiari
999 3478 1278 3555 soleant,
1331 3489 1745 3545 contemnant
1788 3488 1853 3544 et
1893 3501 2012 3563 pro
2055 3476 2255 3541 nihilo
2296 3484 2541 3561 putent,

485 3580 828 3656 propterea
891 3571 1092 3635 iustos
1163 3594 1321 3637 esse.
1423 3570 1606 3659 [nam
1668 3573 1935 3639 alterum
1999 3570 2277 3635 iustitiae
2338 3591 2542 3655 genus

489 3664 946 3747 adsequuntur,
981 3666 1314 3733 inferenda
1347 3691 1429 3736 ne
1465 3670 1572 3735 cui
1595 3680 1871 3735 noceant
1892 3668 2146 3743 iniuria,
2180 3667 2248 3731 in
2276 3666 2544 3731 alterum

489 3757 808 3837 incidunt3
845 3760 1128 3825 discendi
1165 3761 1334 3827 enim
1369 3763 1580 3829 studio
1615 3763 1883 3848 inpediti
1918 3782 2079 3846 quos
2112 3759 2281 3827 tueri
2312 3759 2549 3825 debent

493 3850 843 3939 deserunt]
929 3855 1148 3939 itaque
1193 3878 1302 3921 eos
1351 3881 1432 3923 ne
1477 3858 1560 3923 ad
1603 3880 1741 3923 rem
1785 3856 2111 3942 publicam
2144 3854 2405 3939 quidem
2440 3874 2547 3917 ae-

493 3968 782 4013 cessuros
850 3960 1034 4033 putat
1100 3951 1224 4015 nisi
1295 3962 1569 4017 coactos.
1661 3952 1927 4035 aequius
1998 3960 2216 4015 autem
2284 3958 2421 4015 erat
2478 3948 2549 4011 id

495 4041 819 4109 voluntate
871 4043 1007 4109 fieri
1017 4068 1035 4121 3
1105 4068 1257 4111 nam
1307 4045 1430 4111 hoc
1481 4046 1695 4133 ipsum
1746 4047 1838 4111 ita
1888 4046 2133 4111 iustum
2184 4054 2309 4121 est,
2358 4043 2547 4131 'quod

2569 1992 2617 2031 2⁷
