3292 4559
742 263 876 332 218
1370 275 1449 331 Μ.
1484 273 1762 334 TULLII
1797 272 2200 334 CICERONIS

1468 399 1506 434 ἒ
2060 400 2098 435 ⁴3

1764 446 1802 481 «Ι

680 497 715 550 1
880 510 919 548 ⁴*
955 494 1109 579 quia
1141 492 1417 580 pertinet
1453 491 1538 559 ad
1572 515 1812 569 mores,
1849 491 2025 578 quod
2059 479 2232 578 ἦθος
2265 491 2361 558 illi
2395 505 2659 574 vocant,
2695 518 2821 563 nos

690 571 715 609 ¹
751 612 895 656 eam
928 599 1179 676 partem
1224 586 1666 674 philosophiae
1702 586 1783 653 de
1818 585 2106 651 moribus
2152 587 2476 672 appellare
2512 590 2820 668 solemus,

750 684 867 751 sed
932 682 1117 749 decet
1180 691 1525 769 augentem
1584 681 1876 767 linguam
1935 679 2241 746 Latinam
2291 682 2624 750 nominare
2676 707 2820 751 mo·-

750 778 982 857 ralem3
1054 776 1559 864 explicandaque
1629 774 1728 840 vis
1791 785 1890 841 est
1948 774 2240 859 ratioque
2304 777 2818 846 enuntiationum

751 896 919 956 quae
956 868 1194 938 Graeci
1242 866 1588 954 ἀξιώματα
1624 879 1890 947 vocant,
1943 891 2112 954 quae
2159 869 2242 937 de
2284 893 2355 938 re
2401 871 2621 938 futura
2661 895 2814 940 cum

752 964 997 1052 aliquid
1059 965 1288 1031 dicunt
1359 965 1570 1048 deque
1633 985 1742 1042 eo,
1813 963 1992 1048 quod
2044 963 2249 1050 possit
2307 963 2451 1032 fieri
2511 977 2624 1033 aut
2680 988 2814 1034 non

748 1061 980 1148 possit,
1029 1083 1225 1146 quam
1276 1059 1411 1124 vim
1454 1057 1737 1125 habeant
1777 1057 2055 1124 obscura
2096 1059 2391 1143 quaestio
2435 1072 2566 1140 est,
2617 1083 2814 1148 quam

751 1158 907 1245 περὶ
958 1157 1249 1222 δυνατῶν
1300 1153 1666 1243 philosophi
1709 1153 2065 1241 appellant,
2118 1165 2382 1241 totaque
2425 1168 2523 1223 est
2563 1158 2811 1244 λογική,

751 1273 946 1336 quam
1008 1251 1317 1317 rationem
1384 1248 1740 1316 disserendi
1799 1270 1980 1314 voco.
2087 1250 2267 1334 quod
2329 1262 2541 1318 autem
2601 1253 2670 1317 in
2729 1252 2814 1318 iis

748 1346 927 1410 libris
988 1344 1142 1422 feci,
1210 1344 1323 1430 qui
1388 1354 1539 1410 sunt
1598 1345 1681 1410 de
1740 1355 1972 1410 natura
2042 1342 2338 1423 deorum,
2406 1345 2688 1430 itemque
2739 1347 2813 1412 in

748 1439 857 1518 iis,
912 1461 1074 1524 quos
1124 1439 1208 1505 de
1255 1438 1645 1505 divinatione
1694 1437 1896 1516 edidi,
1948 1450 2022 1505 ut
2065 1438 2134 1505 in
2175 1450 2511 1524 utramque
2554 1450 2812 1525 partem

749 1545 1063 1621 perpetua
1114 1534 1542 1620 explicaretur
1595 1533 1826 1612 oratic,
1878 1556 2009 1619 quo
2059 1533 2310 1600 facilius
2351 1534 2420 1600 id
2463 1557 2505 1598 a
2547 1556 2810 1620 quoque

748 1629 1157 1716 probaretur,
1194 1628 1369 1715 quod
1403 1628 1637 1714 cuique
1672 1628 1954 1696 maxime
1987 1627 2318 1715 probabile
2351 1627 2702 1708 videretur,
2736 1631 2813 1696 id

750 1726 818 1789 in
870 1724 992 1790 hac
1045 1724 1474 1811 disputatione
1526 1724 1608 1794 de
1659 1723 1795 1789 fato
1849 1745 2036 1790 casus
2088 1724 2352 1808 quidam
2392 1745 2476 1790 ne
2525 1723 2810 1792 facerem

678 1843 705 1884 2
748 1819 1078 1905 inpedivit.
1164 1843 1318 1886 nam
1354 1841 1503 1886 cum
1540 1840 1749 1885 essem
1779 1818 1850 1883 in
1884 1817 2246 1884 Puteolano
2280 1817 2661 1904 Hirtiusque
2691 1841 2814 1885 no-

748 1924 905 1992 ster,
940 1913 1166 1980 consul
1201 1913 1604 2001 designatus,
1640 1913 1848 1979 isdem
1873 1912 1950 1978 'in
1982 1913 2163 1992 locis,
2199 1913 2301 1978 vir
2333 1912 2519 1980 nobis
2555 1912 2812 1980 amicis·-

750 2009 949 2075 simus
994 2019 1059 2076 et
1104 2009 1205 2075 his
1251 2009 1508 2088 studiis,
1561 2009 1631 2074 in
1674 2008 1911 2093 quibus
1955 2030 2076 2074 nos
2111 2031 2152 2073 a
2192 2008 2470 2095 pueritia
2509 2009 2809 2087 viximus,

749 2104 1033 2182 deditus,
1086 2103 1363 2169 multum
1404 2127 1537 2170 una
1579 2125 1865 2181 eramus,
1918 2101 2198 2168 maxime
2233 2125 2352 2169 nos
2398 2103 2659 2188 quidem
2693 2125 2808 2170 ex-

750 2199 1074 2284 quirentes
1120 2221 1198 2264 ea
1241 2198 1534 2276 consilia,
1580 2219 1749 2284 quae
1785 2199 1871 2264 ad
1911 2220 2139 2285 pacem
2175 2209 2240 2265 et
2285 2197 2368 2264 ad
2403 2197 2809 2264 concordiam

750 2293 989 2360 civium
1050 2293 1458 2379 pertinerent.
1566 2315 1717 2360 cum
1769 2293 1940 2360 enim
1992 2315 2215 2360 omnes
2274 2303 2423 2379 post
2481 2293 2808 2358 interitum

749 2387 1049 2454 Caesaris
1099 2409 1414 2454 novarum
1465 2388 2020 2474 perturbationum
2072 2409 2306 2456 causae
2355 2387 2582 2472 quaeri
2629 2386 2810 2454 vide-

745 2492 965 2547 rentur
1013 2481 1219 2566 iisque
1264 2497 1405 2548 esse
1449 2482 1918 2550 occurrendum
1959 2493 2366 2568 putaremus,
2421 2481 2628 2547 omnis
2669 2481 2807 2548 fere

746 2586 964 2642 nostra
996 2575 1065 2642 in
1098 2574 1199 2641 his
1227 2575 1792 2642 deliberationibus
1821 2576 2318 2642 consumebatur
2343 2577 2576 2643 oratio:
2609 2575 2808 2661 idque

748 2681 808 2737 et
846 2693 1038 2757 saepe
1074 2668 1262 2747 alias,
1309 2680 1374 2736 et
1408 2671 1689 2756 quodam
1723 2669 2020 2738 liberiore
2055 2692 2252 2757 quam
2288 2670 2537 2736 solebat
2572 2680 2637 2736 et
2668 2693 2809 2735 ma-

744 2764 846 2852 gis
882 2785 1089 2832 vacuo
1126 2763 1210 2830 ab
1254 2763 1794 2831 interventoribus
1831 2765 1966 2843 die,
2011 2788 2163 2831 cum
2195 2765 2282 2830 ad
2314 2787 2418 2832 me
2453 2765 2576 2830 ille
2596 2765 2808 2832 venis-

746 2869 870 2935 set,
923 2858 1129 2945 primo
1186 2881 1292 2937 ea,
1346 2879 1513 2944 quae
1565 2871 1750 2926 erant
1802 2859 2124 2926 cotidiana
2173 2871 2239 2926 et
2281 2859 2470 2944 quasi
2518 2859 2808 2946 legitima

675 2956 710 3010 2
746 2952 963 3029 nobis,
1012 2951 1092 3018 de
1126 2973 1287 3038 pace
1322 2964 1388 3019 et
1423 2954 1503 3021 de
1539 2955 1670 3019 otio
1680 2979 1700 3032 3
1747 2954 1983 3038 quibus
2019 2954 2178 3020 actis
2224 2954 2410 3039 ‘quid
2445 2953 2663 3041 ergo?’
2709 2954 2809 3018 in-

677 3029 703 3068 ³
746 3045 886 3130 quit
908 3045 1015 3112 ille
1052 3046 1387 3130 ‘quoniam
1414 3049 1722 3114 oratorias
1750 3049 2235 3115 exercitationes
2265 3068 2398 3113 non
2426 3058 2497 3113 tu
2524 3047 2808 3133 quidem,

744 3153 817 3206 ut
853 3163 1071 3228 sper0,
1114 3140 1454 3227 reliquisti,
1500 3144 1614 3209 sed
1651 3155 1821 3210 certe
1865 3142 2338 3231 philosophiam
2379 3141 2505 3208 illis
2541 3151 2810 3227 antepo-

744 3236 958 3316 suisti,
1005 3259 1349 3325 possumne
1384 3237 1627 3322 aliquid
1663 3237 1954 3306 audire?’
2001 3244 2102 3304 ‘tu
2135 3237 2329 3317 vero,’
2373 3238 2635 3323 inquam
2670 3239 2808 3303 ‘vel

745 3333 966 3400 audire
1018 3333 1122 3400 vel
1175 3333 1418 3411 dicere;
1470 3355 1591 3400 nec
1636 3335 1837 3413 enim,
1887 3333 1957 3400 id
2006 3333 2183 3418 quod
2231 3345 2405 3400 recte
2458 3331 2808 3409 existimas,

745 3428 1023 3495 oratoria
1080 3429 1193 3494 illa
1245 3426 1460 3494 studia
1513 3427 1798 3507 deserui,
1867 3427 2102 3516 quibus
2156 3429 2350 3495 etiam
2410 3439 2476 3493 te
2525 3425 2806 3505 incendi,

746 3544 1140 3608 quamquam
1190 3521 1783 3610 flagrantissumum
1838 3545 2242 3610 acceperam,
2301 3543 2422 3588 nec
2477 3544 2586 3599 ea,
2637 3542 2806 3605 quae

742 3640 917 3686 nunc
960 3629 1163 3686 tracto
1174 3666 1197 3698 ,
1247 3618 1577 3695 minuunt,
1630 3618 1750 3684 sed
1783 3629 2024 3705 augent
2066 3617 2280 3704 potius
2313 3617 2494 3683 illam
2534 3616 2810 3682 faculta—

744 3725 903 3780 tem:
938 3737 1093 3780 nam
1130 3737 1279 3780 cum
1314 3712 1437 3780 hoc
1470 3735 1708 3800 genere
1741 3713 2204 3801 philosophiae,
2243 3712 2416 3798 quod
2449 3733 2568 3777 nos
2595 3711 2810 3795 sequi-

742 3831 907 3887 mur,
940 3831 1245 3895 magnam
1278 3807 1473 3874 habet
1508 3822 1722 3875 orator
1755 3808 2152 3887 societatem3
2189 3807 2606 3874 subtilitatem
2633 3805 2808 3872 enim

744 3902 829 3968 ab
861 3902 1222 3969 Academia
1264 3913 1597 3969 mutuatur
1641 3914 1707 3969 et
1752 3903 1813 3970 ei
1857 3901 2141 3970 vicissim
2185 3899 2400 3968 reddit
2444 3900 2808 3967 ubertatem

745 3997 1049 4062 orationis
1084 4008 1150 4064 et
1183 4008 1559 4064 ornamenta
1594 3996 1868 4064 dicendi.
1957 4019 2154 4084 quam
2190 3997 2274 4062 ob
2307 4018 2445 4064 rem
2455 3994 2496 4073 ,⁹
2542 3993 2810 4080 inquam

746 4092 1077 4178 ‘quoniam
1108 4094 1441 4181 utriusque
1462 4093 1668 4182 ,studii
1691 4106 1910 4162 nostra
1941 4094 2259 4183 possessio
2290 4103 2409 4171 est,
2443 4090 2637 4158 hodie
2663 4100 2809 4156 utro
