3292 4559
998 228 1105 283 DE
1134 228 1251 283 RE.
1274 225 1615 284 PUBLICA
1644 226 1750 283 VI.
1783 226 1958 282 44-8.
2378 212 2508 279 239

423 366 543 420 tos
598 362 913 419 constaret.
1003 353 1261 416 dicemus
1312 352 1504 437 iqitur
1555 362 1615 415 et
1655 371 1805 436 quos
1847 351 1918 414 in
1963 360 2198 416 tantum
2229 350 2509 464 philoso-

404 448 643 536 phum
686 446 913 533 referat
946 447 1259 531 quandam
1294 465 1577 509 censurae
1610 446 1936 509 exercuisse
1972 444 2267 541 levitatem
2302 448 2508 531 quisve

424 567 659 609 eorum
713 542 895 607 etiam
942 542 1239 625 scriptam
1288 539 1601 624 reliquerit
1653 533 2254 605 accusationem..
2341 540 2508 627 Epi-

426 660 765 702 cureorum
810 646 937 700 tota
964 633 1195 720 factio,
1243 654 1433 719 aequo
1478 654 1712 718 semper
1755 654 1953 698 errore
1987 655 2028 696 a
2059 654 2200 699 vero
2243 636 2418 699 devia
2451 647 2509 701 et

420 736 561 798 illa
616 734 970 798 existimans
1022 730 1283 794 videnda
1333 750 1489 813 quae
1538 730 1794 804 nesciat,
1847 749 2088 792 sacr-mn
2131 726 2407 794 volumen
2452 742 2510 795 et

424 828 885 914 auqustissima
925 826 1121 887 irrisit
1162 834 1419 887 naturae
1462 825 1647 897 seria,
1636 846 1654 862 ·
1713 820 1944 887 Colotes
1979 843 2118 887 vero
2151 823 2310 887 inter
2342 824 2510 910 Epi-

427 924 584 987 curt
627 921 935 986 auditores
970 918 1328 1002 loquacitate
1362 916 1696 980 notabilior
1729 916 1912 979 etiam
1943 917 2012 979 in
2049 915 2273 980 librum
2303 916 2510 981 retulit

429 1035 609 1101 quae
654 1016 728 1079 de
768 1010 879 1076 boc
922 1010 1194 1075 amarius
1230 1010 1545 1073 cavillatus
1580 1019 1689 1072 est.
1773 1011 1882 1073 sed
1913 1021 2122 1084 cetera,
2161 1030 2316 1095 quae
2345 1012 2509 1075 iniu-

426 1111 550 1173 ria
601 1108 863 1180 notavit,
917 1106 975 1169 si
1024 1100 1267 1189 quidem
1310 1104 1397 1166 ad
1434 1103 1764 1177 somnium,
1820 1104 1894 1167 de
1937 1124 2056 1188 quo
2103 1103 2200 1167 liic
2229 1106 2509 1189 procedit

430 1224 677 1275 sermo,
725 1221 851 1265 non
886 1200 1174 1271 attinent,
1222 1196 1337 1261 boc
1370 1196 1497 1261 loco
1534 1196 1710 1261 nobis
1745 1198 2078 1262 omittenda
2111 1208 2284 1261 sunt.-
2332 1198 2508 1263 illam

432 1297 823 1362 calumniam
865 1310 1323 1378 persequemur,
1387 1310 1541 1376 quae
1592 1291 1718 1354 nisi
1767 1292 2188 1377 supplodetur,
2241 1291 2510 1357 manebit
2623 1358 2628 1363 ,

438 1388 735 1457 Ciceroni
784 1409 919 1453 cum
959 1386 1224 1450 Platone
1266 1385 1617 1448 communis.
1707 1386 1798 1448 ait
1839 1406 1880 1447 a
1910 1385 2280 1472 philosopho
2312 1386 2510 1472 fabu-

433 1487 579 1551 lam
614 1506 739 1549 non
774 1482 1107 1568 oportuisse
1132 1480 1412 1564 confinqi,
1450 1479 1742 1564 quoniam
1767 1478 2003 1543 nullum
2011 1480 2299 1567 fiqmenti
2317 1492 2508 1567 genus

431 1581 575 1644 veri
608 1575 1065 1663 professoribus
1112 1576 1467 1638 conveniret.
1558 1596 1666 1637 cur
1708 1575 1895 1648 enim,
1943 1576 2172 1660 inquit,
2217 1577 2275 1639 si
2305 1596 2508 1640 rerum

436 1674 793 1737 caelestium
836 1670 1169 1743 notionem,
1215 1670 1273 1732 si
1314 1667 1589 1732 habitum
1630 1690 1744 1731 nos
1779 1665 2126 1732 animarum
2168 1671 2374 1735 docere
2405 1692 2512 1735 vo·-

440 1767 647 1839 luisti,
700 1786 827 1828 non
876 1762 1143 1847 simplici
1192 1773 1248 1826 et
1300 1762 1585 1826 absoluta
1625 1761 1737 1825 boc
1777 1762 2189 1828 insinuatione
2233 1774 2510 1827 curatum

438 1872 565 1935 est,
628 1860 737 1924 sed
795 1858 1068 1943 quaesita
1106 1876 1378 1941 persona
1432 1876 1724 1941 casusque
1775 1858 2114 1941 excoqitata
2163 1852 2407 1922 novitas.
2453 1870 2510 1923 et

440 1955 785 2041 composita
834 1952 1114 2015 advocati
1162 1972 1381 2015 scae-na
1415 1952 1706 2037 flymenti
1755 1954 1958 2037 ipsam
2012 1956 2342 2039 quaerendi
2382 1957 2510 2019 veri

438 2054 704 2115 ianuam
735 2047 1047 2111 mendacio
1073 2042 1471 2130 polluerunt?
1538 2045 1684 2111 haec
1718 2049 2030 2131 quoniam,
2069 2049 2215 2112 dum
2249 2050 2324 2113 de
2354 2049 2511 2114 Pla-

444 2145 651 2209 tonico
683 2141 819 2206 Ere
858 2140 1193 2213 iactantur,
1238 2140 1421 2203 etiam
1465 2141 1723 2224 quietem
1756 2140 2052 2227 Africani
2104 2144 2299 2207 nostri
2347 2138 2508 2208 som-

440 2238 683 2301 niantis
732 2237 1042 2308 incusant,
1104 2235 1455 2298 resistamus
1514 2236 1758 2319 urqenti
1821 2246 1878 2299 et
1925 2236 2175 2321 frustra
2245 2260 2508 2325 arguens

438 2331 792 2418 refellatur,
840 2340 909 2393 ut
950 2351 1077 2392 una
1095 2330 1099 2335 ’
1120 2329 1427 2393 calumnia
1462 2329 1760 2393 dissoluta
1793 2332 2112 2415 utriusque
2133 2330 2378 2417 factum
2409 2335 2509 2398 in-

444 2426 770 2499 colmam,
816 2434 885 2487 ut
914 2422 1029 2509 fas
1072 2433 1185 2497 est,
1228 2426 1485 2489 retineat
1526 2425 1908 2509 diqnitatem.
2000 2423 2404 2510 (Macrobius
2447 2426 2506 2505 Ι,

446 2522 513 2597 1,
552 2521 601 2602 §.
635 2517 892 2594 8—-11,
930 2518 981 2601 ξ.
1016 2514 1113 2603 5.)

578 2612 924 2699 Scipionem
964 2614 1169 2697 ipsum
1208 2613 1353 2677 haee
1396 2614 1625 2678 occasio
1669 2615 1759 2676 ad
1789 2616 2172 2677 narrandum
2206 2616 2508 2679 somnium

435 2708 828 2795 provocavit,
872 2708 1039 2791 quod
1072 2706 1250 2789 lonqo
1285 2716 1551 2790 tempore
1584 2727 1647 2769 se
1685 2716 1933 2769 testatus
1967 2718 2058 2771 est
2087 2702 2328 2771 silentio
2365 2730 2510 2771 eon-

446 2802 709 2872 didisse3
762 2820 897 2861 cum
946 2800 1107 2861 enim
1138 2798 1395 2862 Laelius
1440 2810 1787 2883 quereretur
1829 2800 2040 2863 nullas
2073 2798 2341 2864 Nasicae
2383 2812 2512 2865 sta-

450 2906 593 2957 tuas
633 2892 701 2955 in
734 2890 985 2975 publico
1028 2892 1099 2953 in
1138 2891 1439 2977 interfecti
1484 2893 1735 2976 tyranni
1775 2894 2314 2957 remunerationem
2351 2892 2511 2957 loca-

451 2999 569 3059 tas,
596 2985 909 3069 respondit
925 2981 1133 3069 Scipio
1150 2995 1299 3069 post
1326 2985 1455 3048 alia
1470 2987 1537 3049 in
1554 2984 1701 3049 haec
1715 2984 1932 3049 verba.-
1967 2982 2107 3051 Sed,
2119 3002 2511 3070 quamquam

451 3077 849 3163 sapientibus
912 3076 1301 3143 conscientia
1348 3078 1492 3164 ipsa.
1542 3078 1864 3144 factorum
1917 3079 2323 3165 egregiorum
2375 3104 2512 3157 am-

450 3172 809 3260 plissimum
857 3171 1109 3239 virtutis
1156 3182 1255 3235 est
1286 3172 1672 3257 praemium,
1719 3181 1938 3239 tamen
1977 3172 2088 3239 illa
2129 3174 2350 3241 divina.
2382 3176 2511 3241 vir-

450 3280 559 3333 tus
609 3288 739 3331 non
782 3275 1025 3330 statuas
1070 3265 1334 3351 plumbo
1378 3265 1768 3332 inhaerentis
1813 3288 1934 3333 nec
1977 3268 2334 3355 triumphos
2371 3292 2508 3335 are-

2557 2594 2594 2707 0000

452 3359 781 3427 scentibus
836 3358 1101 3435 laureis,
1166 3360 1281 3424 sed
1330 3358 1660 3425 stabiliora
1716 3362 2036 3444 quaedam
2089 3372 2155 3427 et
2207 3361 2512 3427 viridiora
2564 3360 2568 3365 ’

451 3454 880 3543 praemiorum
915 3475 1152 3538 genera
1186 3452 1525 3519 desiderat.
1613 3458 1810 3538 ‘quae
1845 3453 2108 3521 tandem
2139 3454 2264 3521 ista
2291 3456 2506 3522 suntP’

451 3548 659 3631 inquit
718 3546 1003 3615 Laelius.
1108 3556 1247 3610 tum
1310 3544 1528 3632 Scipio
1601 3546 1925 3631 ‘patimini
1991 3572 2096 3615 me
2108 3596 2128 3627 ,
2201 3550 2508 3633 quoniam

455 3642 711 3709 tertium
770 3641 942 3707 diem
1000 3640 1131 3705 iam
1181 3639 1391 3705 feriati
1442 3662 1666 3705 sumus
1679 3687 1698 3718 ,
1763 3654 1820 3706 et
1871 3654 2089 3718 cetera,
2155 3644 2374 3729 quibus
2426 3646 2513 3709 ad

456 3740 867 3801 narrationem
928 3737 1151 3799 somnii
1210 3737 1399 3810 venit,
1464 3737 1682 3801 docens
1741 3737 1857 3801 illa
1907 3759 2031 3802 esse
2081 3738 2401 3802 stabiliora
2453 3749 2512 3802 et

458 3832 751 3896 viridiora
790 3830 1207 3915 praemiorum
1255 3850 1479 3915 qenera
1494 3874 1515 3905 ,
1573 3850 1728 3917 quae
1769 3833 1900 3916 ipse
1945 3833 2192 3895 vidisset
2231 3833 2302 3895 in
2345 3831 2505 3896 caelo

462 3925 629 3987 bonis
662 3944 864 3987 rerum
890 3924 1279 4009 publicarum
1314 3934 1551 3989 servata
1584 3926 1931 3990 rectoribus.
2009 3923 2414 4008 (Macrobius
2449 3923 2506 4001 I,

460 4016 523 4094 4,
560 4018 607 4099 ξ.
644 4015 686 4080 2
722 4016 847 4102 sq.)
