3292 4559
1255 237 1596 281 ADNOTA'HO
1636 235 1889 279 cm‘rmA.
2595 229 2676 280 IX

473 352 708 411 Hieron.
738 346 997 405 WolfiuS.
1017 376 1087 390 —-
1113 348 1391 403 discribere
1426 364 1556 403 nos:
1574 396 1577 407 ,
1595 348 1683 403 eio
1712 347 1780 403 T.
1816 350 1835 416 ss
1874 352 1989 401 160.
2026 346 2263 415 effectum
2298 355 2373 401 est
2408 344 2581 399 Halm
2618 348 2677 400 et

475 430 762 483 describere
787 426 850 483 Ο.
904 423 991 481 Cf.
1020 423 1069 495 ξ.
1094 430 1177 479 21.
1205 430 1290 479 51.
1317 422 1394 494 II,
1429 431 1510 479 15.
1539 410 1957 493 11¹Fleckeisen:
1996 422 2231 501 effectum
2258 424 2325 477 sit
2352 420 2468 477 CT.
2490 452 2557 463 -—
2574 431 2677 477 ete-

481 512 596 561 126.
644 515 844 575 turpem
889 518 948 557 e:
989 502 1224 571 formam
1255 501 1557 571 ABHab,
1592 504 1743 559 nitu·
1762 502 2087 572 -prudenter
2106 499 2217 555 del.
2235 499 2450 573 Unger.

474 582 687 651 foedum
710 580 900 640 Klotz.
916 579 946 651 fl
977 585 1094 634 127.
1130 598 1227 635 nec
1261 580 1430 635 oratio
1470 580 1558 633 ob·
1734 604 1748 613 .

475 661 724 713 scenitate
747 656 1050 714 Manutim.
1073 658 1097 727 fl
1125 661 1240 711 128.
1268 656 1560 711 nominibus
1738 664 1819 719 Μ,
1838 663 2112 721 TULLII
2128 658 2532 720 CICERONIS

478 734 777 797 ABHab:
803 734 1098 787 nominibus
1124 750 1190 787 ac
1217 734 1388 786 uerbis
1407 748 1485 803 cp
1503 737 1564 787 et
1898 750 2005 803 DE
2042 746 2374 805 OFFIOHS
2410 730 2415 734 ’

479 812 549 867 Τ.
583 842 656 853 --
695 813 874 883 turpia
926 820 1048 865 sunt
1097 809 1331 878 BHae,
1387 810 1564 877 turpia

480 889 710 961 (omissa
741 886 972 958 copula)
1007 886 1126 941 Ab.
1156 917 1224 926 —
1252 894 1419 939 teneat
1445 884 1509 941 O.
1535 886 1556 954 ss

484 972 600 1020 130.
620 974 864 1021 venustas
889 973 966 1021 est
992 962 1279 1017 Halmius:
1315 970 1564 1017 uenustas
1668 963 1717 1033 §.
1749 969 1797 1015 1.
1848 966 1905 1015 in
1942 980 2084 1032 quo·
2104 962 2368 1017 -maxime
2402 963 2527 1015 utile
2564 960 2677 1014 del.

477 1043 546 1095 sit
563 1040 681 1097 OT.
704 1042 724 1111 ss
758 1046 874 1094 131.
893 1042 949 1093 ia
967 1043 1099 1095 ante
1116 1057 1168 1092 v.
1188 1042 1426 1108 inyreseu
1454 1053 1562 1091 om.
1598 1039 1969 1097 Heumannus
1996 1042 2057 1093 et
2071 1035 2459 1107 Pacciolatus3
2494 1046 2601 1089 tum
2620 1054 2685 1091 ex

481 1118 546 1173 C.
575 1118 595 1187 ss
623 1123 738 1171 135.
767 1126 825 1170 ut
861 1118 1049 1188 quique
1087 1117 1310 1170 aderunt
1335 1112 1564 1169 Lambi-
1601 1147 1624 1157 -
1641 1148 1664 1157 -
1682 1118 1908 1171 maxime
1924 1117 2049 1172 utile
2066 1112 2419 1169 om.<BHab.
2446 1116 2464 1182 ss
2489 1120 2539 1171 4.
2560 1122 2683 1169 tem-

482 1211 606 1250 nus,
639 1225 707 1235 —
735 1211 910 1249 omnes
945 1210 1053 1249 om.
1081 1190 1370 1247 ABHab.
1399 1194 1418 1260 ΙΙ
1447 1196 1563 1245 137.
1593 1194 1813 1264 poribus
1828 1190 2139 1249 Victorius:
2176 1192 2419 1262 temporie
2444 1188 2681 1267 BEab,

481 1288 730 1341 maenam
774 1280 948 1326 autem
985 1280 1192 1340 partem
1226 1266 1564 1326 Lambinus:
1601 1272 1821 1341 tempori
1851 1284 1901 1325 e.
1950 1270 1969 1339 Ι]
2009 1276 2057 1321 7.
2094 1270 2233 1339 quod
2274 1277 2522 1339 sequatur
2558 1282 2685 1322 cum

482 1366 680 1419 magna
704 1358 876 1403 autem
894 1356 1055 1417 parte
1080 1344 1144 1415 C,
1171 1363 1369 1415 mayna
1395 1355 1566 1402 autem
1599 1346 1859 1403 Ernestio
1877 1344 2119 1417 Kayser.
2146 1347 2167 1415 ss
2192 1351 2241 1400 8.
2268 1347 2601 1415 disputantur
2620 1340 2683 1397 C.

482 1429 540 1481 in
561 1435 716 1495 parte
732 1424 947 1496 Unger.
967 1454 1034 1465 —-
1063 1424 1118 1477 id
1141 1422 1203 1477 in
1231 1421 1450 1493 aliquot
1475 1438 1565 1477 eo·
1611 1428 1630 1494 u
1658 1430 1707 1479 9.
1734 1424 1887 1479 verbo
1918 1439 2024 1477 om.
2052 1440 2111 1493 p,
2150 1438 2259 1495 ego
2288 1438 2415 1477 cum
2442 1419 2571 1475 aliie
2598 1435 2683 1475 se-

484 1501 702 1557 dinibus
728 1500 991 1557 omissum
1015 1516 1126 1573 ego
1151 1499 1371 1556 seclusi.
1399 1500 1421 1571 fl
1447 1504 1564 1553 139.
1599 1500 1803 1572 elusi.11
1843 1507 1923 1557 10.
1947 1516 2145 1571 ymera
2169 1498 2406 1555 BHab:
2438 1514 2627 1567 ρατιονε
2654 1512 2687 1551 c

483 1580 627 1635 modi
649 1579 866 1636 Nonius
899 1580 980 1649 (p.
1012 1582 1128 1633 182.
1166 1581 1226 1632 et
1249 1594 1306 1647 p.
1339 1577 1482 1648 140.)
1511 1581 1569 1632 et
1603 1584 1663 1635 et
1698 1578 1767 1633 T.
1804 1608 1874 1617 -—
1910 1578 2154 1649 quicquid
2187 1578 2322 1631 enim
2350 1606 2373 1617 -
2403 1576 2587 1629 -idem
2622 1575 2687 1627 sit

473 1670 564 1727 ‘ep
577 1674 591 1711 z
605 1658 812 1727 qeneris
830 1670 868 1711 a
885 1659 944 1709 et
960 1654 1032 1725 T,
1053 1670 1160 1708 om.
1179 1652 1363 1707 BHb.
1383 1684 1450 1693 —
1469 1671 1566 1708 an·
1602 1658 1726 1709 utile
1745 1654 1855 1709 del.
1876 1654 2089 1724 Unger.
2116 1655 2135 1720 ΙΙ
2165 1658 2247 1705 11.
2266 1669 2393 1723 apes
2412 1650 2520 1705 del.
2541 1649 2685 1707 Fae·

485 1736 632 1803 tiqua
665 1742 713 1787 et
747 1748 906 1803 quam
931 1729 994 1786 Ο.
1026 1732 1047 1801 ΙΙ
1087 1736 1204 1785 140.
1240 1732 1428 1783 imitati
1459 1745 1568 1800 ego
1601 1731 1859 1787 uiolatus.
1880 1730 1899 1798 u
1943 1736 2025 1783 14.
2063 1746 2228 1799 opera
2258 1729 2449 1783 babere
2470 1727 2686 1782 Ascen—

485 1808 708 1863 seelusi.
749 1808 770 1878 ΙΙ
817 1812 932 1861 145.
971 1815 1193 1876 apparet
1220 1836 1243 1847 -
1262 1836 1284 1847 -
1314 1807 1570 1859 desiderat
1603 1808 1745 1865 sius:
1766 1824 1922 1877 opere
1936 1807 2123 1861 habere
2141 1803 2283 1859 C.—
2298 1822 2434 1876 quae
2449 1806 2553 1859 sint
2570 1806 2686 1857 ina-

486 1885 552 1940 C.
579 1886 599 1953 ss
627 1888 742 1939 146.
769 1882 1064 1937 Lacunam
1091 1886 1224 1938 ante
1249 1900 1300 1935 v.
1331 1882 1569 1935 animad-
1602 1886 1777 1941 nanae
1805 1882 1865 1939 C.
1886 1913 1957 1923 -—
1982 1892 2031 1937 et
2065 1899 2199 1952 quae
2230 1891 2420 1939 nocent
2443 1881 2564 1936 Iae.
2590 1879 2687 1933 Fr.

485 1977 824 2031 versoreeque
850 1974 958 2031 ego
985 1956 1304 2029 significavi
1367 1966 1568 2027 specta-
1603 1960 1955 2031 Heusinger:
1991 1952 2127 2028 quae
2148 1968 2339 2013 nocent
2362 1956 2578 2014 Nonius
2606 1956 2685 2027 (p.

487 2049 626 2093 tores
650 2035 934 2107 supplevit
957 2034 1220 2090 Klotzius
1256 2033 1340 2105 (in
1363 2032 1570 2088 Prooe-
1607 2038 1777 2109 330.)‚
1815 2042 1881 2092 et'
1898 2054 1991 2089 eae
2024 2053 2163 2106 quae
2180 2046 2371 2091 nocent
2395 2033 2564 2102 ΟΤ.”ΙΙ
2608 2040 2688 2087 15.

485 2114 652 2187 mio),
697 2114 890 2167 iudices
925 2111 1051 2181 alii3
1101 2111 1438 2183 particulam
1473 2129 1572 2182 que
1605 2117 1757 2169 nulla
1776 2131 1884 2171 esse
1893 2122 2075 2183 posset
2091 2128 2218 2167 cum
2238 2110 2689 2181 Guelferbytano

488 2191 601 2247 del.
614 2189 1042 2260 multi.-—quale
1075 2191 1297 2261 quidque
1337 2192 1569 2255 [eorum]
1606 2196 1808 2263 quarto
1838 2190 2083 2261 Kayser.
2110 2220 2181 2231 ·-
2206 2192 2300 2261 qui
2314 2220 2337 2231 -
2356 2220 2378 2231 -
2396 2190 2687 2243 subvenire-

486 2270 554 2321 sit
586 2266 802 2339 Unger.
829 2296 898 2307 —-
923 2268 1044 2323 illos
1077 2265 1479 2323 Anemoeciue:
1515 2267 1570 2319 in
1605 2280 1691 2324 tur
1704 2266 2028 2325 Gernhard:
2051 2269 2144 2338 qui
2157 2297 2179 2309 -
2198 2297 2221 2309 -
2240 2267 2536 2321 subueniret
2552 2260 2689 2334 BH,

487 2348 609 2400 illos
633 2343 866 2412 BHbe,
905 2345 1040 2399 alios
1063 2361 1122 2413 p,
1159 2344 1215 2397 in
1241 2344 1349 2399 illis
1367 2359 1404 2399 a
1422 2346 1482 2399 et
1497 2342 1568 2397 Τ.
1606 2348 1731 2418 quid
1756 2376 1779 2387 -
1807 2376 1828 2387 -
1857 2346 2153 2399 subueniret
2188 2344 2299 2413 ab,
2334 2346 2451 2415 quis
2478 2374 2502 2385 -
2520 2374 2543 2385 -
2570 2344 2691 2397 sub·

495 2422 518 2492 ss
546 2427 660 2477 149.
697 2423 848 2475 sicut
879 2437 918 2491 p
955 2424 1012 2475 et
1038 2418 1254 2477 Nonius
1291 2420 1370 2493 (p.
1400 2420 1568 2492 359.):
1605 2426 1804 2479 ueniret
1830 2439 1881 2479 e.
1906 2452 1977 2463 -·-
2002 2422 2397 2493 mutuandisque
2421 2419 2691 2489 facultati-

487 2514 599 2551 om.
633 2496 843 2552 BHab
856 2513 904 2551 e.
949 2499 968 2565 ss
1014 2503 1129 2552 150.
1167 2515 1388 2569 quorum
1436 2502 1570 2553 ante
1609 2503 1701 2555 bus
1719 2510 1768 2555 et
1786 2500 2173 2554 commodandis
2190 2498 2408 2555 Nonius
2428 2498 2507 2571 (p.
2520 2496 2691 2569 2¹75.):

488 2585 631 2629 artes
665 2591 792 2632 cum
824 2573 1086 2629 Ernestio
1125 2574 1232 2631 del.
1261 2574 1504 2647 Kayser.
1537 2577 1558 2644 ΙΙ
1606 2579 1969 2649 mutandisque
1985 2576 2325 2644 facultatibus
2342 2586 2393 2629 et
2410 2577 2692 2629 commodis

494 2657 610 2705 151.
654 2653 837 2723 quibus
883 2660 1054 2706 autem
1095 2654 1152 2705 in
1197 2653 1396 2706 artibus
1440 2668 1570 2707 nos:
1607 2654 1725 2711 CT.
1756 2654 1775 2725 ΙΙ
1802 2661 1883 2708 17.
1919 2655 1975 2709 in
2012 2655 2327 2709 tractatione
2358 2650 2599 2707 BHab:
2636 2653 2693 2705 in

487 2728 674 2799 quibus
709 2737 882 2781 autem
917 2729 1117 2781 artibus
1145 2727 1270 2799 OT,
1307 2732 1363 2783 in
1389 2730 1572 2801 quibus
1605 2750 1705 2785 usu
1733 2740 1781 2785 et
1805 2732 2117 2786 tractatione
2136 2748 2241 2802 ep,
2269 2732 2326 2784 in
2346 2730 2469 2800 [usu
2486 2734 2561 2794 et]
2582 2737 2693 2781 tra-

490 2813 664 2858 autem
701 2804 898 2856 artibus
924 2802 1111 2857 Lund.
1129 2834 1199 2845 -
1215 2806 1342 2859 nim
1373 2807 1574 2859 homine
1609 2810 1834 2863 ctatione
1884 2806 1955 2861 Τ.
2004 2808 2023 2875 ΙΙ
2090 2814 2173 2861 22.
2224 2817 2273 2861 et
2326 2808 2695 2877 beneficiorum

491 2880 622 2932 nihil
653 2879 816 2933 libero
843 2876 905 2932 O.
933 2881 953 2947 u
981 2886 1096 2933 152.
1132 2899 1244 2936 una
1269 2891 1344 2935 est
1369 2881 1572 2936 Fleek-
1606 2884 1850 2939 Pearee:
1870 2892 1962 2937 aut
1981 2884 2342 2956 beneficiorum
2359 2881 2423 2940 C.
2454 2884 2473 2953 ll
2495 2888 2579 2937 30.
2598 2901 2693 2935 no-

493 2954 678 3011 eisen:
734 2971 845 3007 uua
889 2956 954 3007 sit
996 2952 1114 3010 GT.
1159 2960 1180 3027 ΙΙ
1237 2963 1352 3013 153.
1399 2960 1576 3011 omnia
1609 2971 1727 3015 stra
1742 2962 2131 3015 ammirantium
2147 2961 2326 3016 Bake.
2344 2992 2415 3003 -
2431 2961 2566 3013 enim
2584 2978 2695 3013 una

491 3030 832 3087 Lambinus:
887 3035 1119 3102 quamvis
1171 3037 1348 3089 omnia
1399 3032 1463 3092 C.
1506 3064 1564 3074 -
1609 3054 1740 3093 nost
1776 3037 1911 3091 enim
1938 3046 2014 3092 est
2040 3056 2151 3092 una
2176 3036 2238 3093 C.
2258 3056 2507 3110 *aeque
2524 3035 2694 3092 Lund

493 3112 710 3163 deorum
744 3116 792 3163 et
827 3106 938 3163 del.
969 3105 1286 3165 Gemhard.
1301 3142 1372 3153 ·-
1398 3128 1576 3167 rerum
1610 3115 1825 3187 (deleto
1844 3125 1919 3169 est
1934 3120 2067 3185 post
2081 3116 2364 3187 utrisque):
2400 3134 2565 3187 eaque
2582 3113 2644 3170 Ο.
2671 3114 2691 3185 ss

493 3195 719 3241 naturae
736 3215 758 3225 -
777 3215 800 3226 -
819 3187 972 3241 nulla
997 3189 1132 3241 actio
1159 3186 1287 3244 Cat.
1309 3185 1575 3244 Scheibe:
1612 3198 1697 3247 31.
1732 3195 1825 3265 qui
1855 3193 2155 3257 inscribitur
2178 3194 2395 3250 Laelius
2432 3192 2541 3247 del.
2574 3188 2690 3246 Gru-

493 3273 722 3317 naturae
747 3294 770 3305 -
790 3293 812 3303 -
842 3266 994 3317 nulla
1027 3266 1162 3319 actio
1198 3284 1374 3320 rerum
1409 3265 1473 3321 O.
1507 3296 1578 3307 -
1612 3268 1903 3339 lielmiuS.ss
1920 3275 2002 3325 32.
2022 3272 2287 3325 uoluntate
2306 3270 2535 3341 benefica
2547 3270 2693 3323 bene-

495 3343 622 3395 haec
673 3340 894 3409 coqnitio
949 3344 1310 3411 anteponenda
1371 3358 1576 3413 operae
1611 3350 1839 3401 volentia
1857 3357 2089 3402 movetur
2108 3346 2218 3403 del.
2240 3345 2432 3401 Herm.
2446 3344 2691 3414 Sauppe.

497 3416 854 3473 Turieenses.
897 3418 918 3487 [Ι
969 3423 1085 3473 155.
1131 3420 1313 3492 officia
1355 3422 1580 3478 iustitiae
1613 3455 1680 3465 -
1699 3426 2017 3479 uehementer
2042 3434 2213 3479 autem
2236 3440 2389 3478 amor
2413 3420 2681 3490 BHb0.u

499 3494 607 3549 del.
653 3492 866 3565 Unger.
911 3526 983 3535 —
1025 3498 1296 3553 utilitatem
1338 3496 1577 3555 BHab:
1615 3507 1759 3558 83.et
1772 3503 1893 3573 fidi-3
1904 3501 2014 3555 del.
2026 3499 2383 3555 Faeciolatus
2396 3498 2706 3553 etPearee..

499 3573 876 3643 caritatem-ep
897 3577 954 3627 et
971 3571 1040 3627 Τ.
1067 3576 1086 3643 ΙΙ
1115 3579 1230 3628 157.
1250 3576 1441 3644 agendi
1455 3592 1580 3629 con·
1632 3581 1651 3649 ss
1684 3585 1768 3633 34.
1807 3578 2005 3633 iustitia
2024 3607 2045 3618 -
2066 3579 2293 3648 -poterit
2328 3591 2437 3645 ego
2474 3574 2693 3628 seclusi.

498 3650 850 3721 qreyandique
873 3649 1109 3721 BHab‚
1145 3654 1337 3721 agendi
1367 3670 1580 3705 concer-
1615 3656 1835 3728 (iustitia
1850 3686 1873 3697 -
1892 3655 2209 3725 -prudentia
2236 3652 2347 3708 del.
2372 3652 2632 3723 Pearee.)
2666 3654 2686 3719 ΙΙ

499 3728 744 3798 tandtque
767 3729 982 3803 Unger.
1008 3760 1078 3769 —
1102 3747 1166 3783 ex
1192 3734 1428 3799 utroque
1453 3729 1580 3783 loco
1616 3740 1701 3787 36.
1738 3750 1824 3787 eos
1856 3734 1996 3787 haud
2028 3739 2360 3785 contemnunt
2390 3730 2595 3800 quidem
2628 3726 2693 3782 b:

503 3801 615 3857 del.
633 3802 873 3877 Kayser.
891 3838 958 3849 —-
977 3810 1198 3879 itemque
1215 3837 1238 3847 -
1256 3808 1580 3861 -inmanitas
1615 3827 1704 3865 eos
1729 3818 2098 3878 contempnunt
2128 3809 2333 3879 quidem
2364 3819 2696 3877 nequaquam

502 3879 615 3933 del.
634 3880 865 3955 Pearee,
891 3890 1024 3955 post
1048 3884 1096 3955 §-
1121 3890 1234 3939 158.
1263 3882 1582 3953 transponit
1615 3904 1667 3957 ο,
1693 3904 1782 3942 eos
1808 3895 2140 3941 contemnunt
2170 3886 2371 3956 quidem
2398 3884 2697 3953 neutiquam

499 3954 719 4029 Unger.
754 3990 825 4003 --
857 3971 1058 4019 remota
1088 3964 1464 4017 vcommunitate
1507 3958 1579 4016 G:
1615 3980 1743 4020 cum
1769 3962 1971 4019 ceteris
1998 3963 2068 4018 Τ.
2098 3964 2207 4033 (coe
2232 3980 2341 4016 non
2368 3966 2701 4015 contemnunt

503 4044 703 4091 remota
722 4053 758 4093 a
775 4041 1135 4095 communitate
1160 4057 1288 4096 eum
1303 4040 1580 4097 Anemoe-
1614 4044 1817 4115 quidem
1834 4039 2110 4113 Madvig.)
2153 4037 2242 4099 cf.
2261 4037 2435 4094 Hand
2453 4035 2694 4092 Tursell.

1876 854 2053 895 LIBER
2080 852 2393 893 SECUNDUS.
