3292 4559
1061 266 1167 327 DE
1203 263 1541 323 LEGIBUS
1574 265 1655 319 ΙΙ.
1691 264 1839 318 27-
1848 264 1936 319 31.
2393 250 2520 325 281

563 392 926 459 Feriarum
961 389 1401 473 fastorumque
1436 387 1686 453 dierum
1719 386 1884 451 ratio
1920 387 1988 452 in
2021 385 2240 453 liberis
2275 388 2525 471 requie-
2561 384 2630 439 12

300 511 304 522 '
424 504 569 559 tem
609 488 837 555 litium
873 485 1069 551 habet
1104 495 1169 551 et
1201 483 1576 570 iurgiorum,
1612 482 1682 551 in
1717 482 1916 548 servis
1954 504 2219 568 operum
2255 493 2320 547 et
2346 456 2619 548 labo-²⁹

420 609 619 661 rum3
661 604 835 666 quas
860 578 1213 665 conpositio
1244 579 1397 645 anni
1423 576 1714 643 conferre
1741 576 1935 643 debet
1961 577 2046 643 ad
2070 576 2524 663 perfectionem

423 699 727 766 operum
774 673 1173 739 rusticorum.
1262 672 1437 756 quod
1482 675 1568 737 ad
1608 682 1862 757 tempus
1897 682 1971 735 ut
2009 668 2522 757 [sacrificiorum]

421 776 813 840 libamenta
863 777 1199 833 serventur
1250 766 1552 850 fetusque
1604 786 1942 850 pecorum,
2007 786 2173 849 quae
2237 765 2406 830 dicta
2455 765 2524 828 in

424 870 587 953 lege
630 874 817 940 sunt,
854 860 1194 946 diligenter
1226 860 1526 927 habenda
1550 860 1714 925 ratio
1741 859 2159 927 intercalandi
2189 870 2314 936 est3
2351 859 2524 944 quod

423 960 826 1027 institutum
869 956 1071 1041 perite
1106 978 1146 1020 a
1178 954 1399 1021 Numa
1440 954 1862 1041 posteriorum
1896 954 2270 1039 pontificum
2303 954 2525 1039 negle-

424 1056 673 1144 gentia
712 1052 1099 1119 dissolutum
1134 1060 1253 1117 est.
1330 1051 1459 1115 iam
1495 1046 1656 1115 illud
1692 1072 1774 1115 ex
1807 1050 2113 1115 institutis
2147 1048 2522 1136 pontificum

426 1164 499 1219 et
536 1146 981 1233 haruspicum
1012 1167 1145 1211 non
1181 1144 1562 1210 mutandum
1597 1156 1725 1222 est,
1770 1144 2004 1229 quibus
2039 1144 2263 1212 hostiis
2297 1144 2525 1209 immo-

422 1246 723 1313 landum
770 1240 1000 1323 cuique
1046 1240 1198 1316 dee,
1246 1238 1350 1305 cui
1394 1237 1774 1316 maioribus,
1821 1239 1926 1305 cui
1959 1238 2373 1315 lactentibus,
2419 1238 2525 1303 cui

424 1337 768 1411 maribus,
796 1334 899 1401 cui
927 1332 1204 1398 feminis.
1273 1333 1489 1417 plures
1516 1344 1732 1398 autem
1759 1333 2026 1399 deorum
2053 1331 2359 1409 omnium,
2395 1332 2524 1397 sin-

426 1432 579 1519 guli
617 1427 1031 1515 singulorum
1066 1427 1425 1493 sacerdotes
1461 1437 1527 1494 et
1558 1428 1988 1513 respondendi
2021 1428 2180 1493 iuris
2216 1438 2282 1494 et
2326 1427 2524 1493 confi-

428 1526 831 1593 ciendarum
858 1522 1240 1607 religionum
1258 1522 1627 1588 facultatem
1646 1521 1963 1589 adferunt.
2028 1544 2304 1607 cumque
2320 1524 2524 1590 Vesta

423 1620 631 1705 quasi
657 1618 889 1683 focum
923 1616 1124 1693 urbis,
1162 1626 1234 1683 ut
1255 1614 1509 1683 Graeco
1544 1617 1802 1692 nomine
1839 1627 1936 1682 est
1972 1618 2312 1703 appellata,
2348 1616 2524 1700 quod

429 1735 556 1779 nos
595 1734 814 1800 prope
848 1710 1021 1777 idem
1040 1708 1389 1787 Graecum,
1425 1735 1550 1777 non
1575 1710 2061 1796 interpretatum
2087 1733 2322 1776 nomen
2348 1722 2525 1776 tene-

430 1832 611 1887 mus,
653 1806 976 1891 conplexa
1011 1806 1111 1882 sit,
1148 1806 1208 1871 ei
1242 1806 1559 1871 colendae·
1581 1804 1864 1891 virgines
1900 1806 2201 1891 praesint,
2236 1816 2310 1869 ut
2344 1804 2523 1871 advi-

432 1905 689 1990 giletur
745 1900 999 1967 facilius
1044 1899 1127 1964 ad
1172 1899 1527 1965 custodiam
1578 1898 1748 1985 ignis
1802 1910 1864 1965 et
1909 1900 2184 1965 sentiant
2226 1899 2522 1965 mulieres

432 2011 755 2063 naturam
790 1994 1173 2061 feminarum
1209 2016 1465 2061 omnem
1502 1994 1858 2059 castitatem
1892 1994 2047 2079 pati.

576 2089 789 2173 Quod
834 2088 1123 2171 sequitur
1166 2110 1318 2153 vero
1331 2136 1350 2165 ,
1394 2110 1526 2154 non
1560 2088 1769 2153 solum
1803 2088 1888 2153 ad
1922 2089 2296 2173 religionem
2331 2089 2524 2175 perti·
2565 2110 2616 2150 ιο

436 2197 575 2262 net,
628 2184 750 2251 sed
786 2183 979 2247 etiam
1014 2183 1098 2248 ad
1134 2181 1409 2247 civitatis
1445 2192 1705 2260 statum,
1749 2193 1824 2247 ut
1859 2182 1997 2247 sine
2029 2182 2135 2259 iis,
2181 2183 2292 2267 qui
2329 2181 2522 2247 sacris

436 2279 717 2366 publice
762 2278 1073 2363 praesint,
1118 2276 1411 2362 religioni
1445 2277 1734 2363 privatae
1771 2276 1926 2341 satis
1960 2276 2174 2343 facere
2209 2300 2340 2341 non
2374 2298 2523 2361 pos-

438 2375 610 2450 sint3
670 2370 953 2437 continet
996 2371 1167 2435 enim
1210 2392 1349 2436 rem
1390 2372 1719 2457 publicam
1755 2370 2016 2437 consilio
2051 2382 2116 2436 et
2149 2371 2522 2437 auctoritate

440 2464 865 2552 optimatium
909 2486 1161 2551 semper
1201 2467 1513 2551 populum
1556 2465 1878 2551 indigere,
1925 2464 2378 2551 discriptioque
2422 2486 2524 2530 sa-

442 2560 795 2627 cerdotum
854 2560 1104 2626 nullum
1166 2562 1369 2627 iustae
1422 2561 1746 2647 religionis
1800 2583 2006 2646 genus
2059 2560 2521 2645 praetermittit.

444 2678 607 2719 nam
666 2664 817 2718 sunt
870 2653 957 2717 ad
1004 2653 1351 2737 placandos
1406 2656 1560 2721 deos
1610 2654 1718 2719 alii
1763 2654 2116 2731 constituti,
2169 2656 2282 2738 qui
2328 2656 2524 2719 sacris
2599 2686 2610 2693 ·

444 2745 749 2833 praesint
818 2746 1264 2822 sollemnibus,
1334 2748 1419 2810 ad
1488 2747 1968 2830 interpretanda
2031 2747 2138 2809 alii
2198 2747 2525 2829 praedicta

448 2840 740 2916 vatium,
784 2858 997 2921 neque
1038 2840 1417 2916 multorum,
1463 2862 1545 2904 ne
1590 2850 1762 2905 esset
1804 2840 2152 2915 infinitum,
2197 2860 2408 2922 neque
2451 2850 2526 2905 ut

446 2958 533 3003 ea
580 2934 759 3020 ipsa,
814 2954 979 3017 quae
1024 2944 1319 3019 suscepta
1361 2934 1619 3019 publice
1665 2945 1906 3009 essent,
1959 2932 2301 3016 quisquam
2345 2944 2528 2999 extra

452 3029 829 3114 conlegium
864 3039 1098 3095 nosset.
1172 3028 1523 3093 maximum
1558 3039 1776 3093 autem
1811 3038 1875 3093 et
1909 3027 2524 3113 praestantissimum
2567 3048 2619 3089 ει

451 3126 525 3189 in
580 3144 655 3187 re
701 3122 959 3209 publica
998 3122 1099 3187 ius
1145 3132 1243 3188 est
1286 3144 1606 3208 augurum
1651 3143 1798 3186 cum
1843 3120 2216 3189 auctoritate
2261 3123 2525 3189 coniun-

456 3229 663 3283 ctum.
751 3240 961 3302 neque
997 3239 1150 3283 vero
1185 3217 1328 3295 hoc,
1364 3217 1518 3301 quia
1550 3239 1694 3283 sum
1728 3216 1867 3301 ipse
1904 3238 2140 3302 augur,
2175 3217 2266 3283 ita
2301 3218 2524 3296 senti0,

455 3312 579 3378 sed
646 3312 800 3395 quia
860 3313 951 3378 sic
1014 3312 1375 3378 existimare
1434 3334 1551 3377 nos
1606 3322 1704 3377 est
1757 3332 2039 3377 necesse.
2145 3312 2303 3396 quid
2355 3313 2525 3377 enim

455 3405 675 3471 maius
718 3416 845 3482 est,
892 3407 948 3471 si
991 3407 1073 3471 de
1117 3406 1256 3473 iure
1292 3406 1687 3491 quaerimus,
1734 3427 1931 3490 quam
1963 3427 2152 3491 posse
2187 3428 2228 3470 a
2261 3406 2526 3471 summis

457 3499 751 3585 imperiis
815 3510 882 3565 et
942 3500 1206 3565 summis
1258 3500 1682 3586 potestatibus
1735 3499 2092 3567 comitiatus
2145 3509 2210 3564 et
2261 3499 2528 3567 concilia

460 3595 569 3659 vel
614 3591 908 3659 instituta
952 3594 1267 3660 dimittere
1312 3594 1418 3659 vel
1464 3592 1687 3658 habita
1719 3592 2119 3659 rescindere?
2189 3592 2346 3676 quid
2380 3616 2528 3679 gra·-

462 3688 610 3753 vius
664 3709 860 3772 quam
911 3712 1049 3755 rem
1102 3700 1464 3775 susceptam
1516 3687 1755 3764 dirimi,
1809 3687 1864 3751 si
1908 3709 2076 3751 unus
2121 3710 2330 3773 augur
2373 3688 2525 3753 ‘alio

462 3785 592 3847 die'
628 3782 898 3849 dixerit?
969 3783 1126 3867 quid
1161 3782 1674 3869 magnificentius
1711 3803 1906 3867 quam
1940 3804 2128 3867 posse
2165 3782 2523 3860 decernere,

465 3888 541 3941 ut
602 3878 981 3963 magistratu
1044 3901 1114 3944 se
1178 3877 1477 3943 abdicent
1538 3877 1872 3942 consules?
1950 3876 2106 3959 quid
2166 3876 2525 3961 religiosius

466 3990 665 4052 quam
709 3994 853 4037 cum
898 3973 1166 4058 populo,
1212 3994 1360 4039 cum
1402 3971 1590 4058 plebe
1636 3970 1872 4057 agendi
1914 3971 2014 4035 ius
2061 3981 2173 4035 aut
2216 3971 2370 4036 dare
2414 3982 2526 4035 aut

468 4084 600 4127 non
666 4066 854 4131 dare?
916 4064 1106 4151 [quid
1115 4064 1175 4152 Ρ]
1237 4066 1415 4153 leges
1466 4088 1597 4132 non
1646 4066 1786 4131 iure
1838 4076 2096 4152 rogatas
2148 4065 2398 4143 tollere,
2453 4076 2525 4130 ut
