3292 4559
1054 271 1161 338 DE
1195 283 1297 336 RE
1331 279 1676 340 PUBLIUA
1707 284 1755 339 Ι.
1793 287 1963 340 1-4,
2417 273 2542 340 149

473 431 895 478 communem
938 407 1210 473 salutem
1254 405 1724 472 defendendam
1761 408 2010 485 datum,
2059 419 2127 474 ut
2163 432 2241 514 ea
2275 413 2371 476 vis
2408 433 2544 477 om-

470 509 595 572 nia
626 503 1067 570 blandimenta
1100 503 1445 587 voluptatis
1482 502 1722 586 otiique
1757 503 1998 594 vicerit.

613 599 755 664 Nec
798 619 949 663 vero
995 596 1231 662 habere
1276 596 1576 662 virtutem
1622 597 1776 662 satis
1820 607 1917 663 est
1960 595 2144 681 quasi
2189 612 2394 666 artem
2428 600 2542 664 ali-

473 718 713 780 quam,
747 693 870 757 nisi
908 689 919 779 Ι
956 702 1169 757 utare:
1220 690 1341 757 etsi
1377 707 1481 756 ars
1516 690 1776 775 quidem
1789 739 1807 768 ,
1843 713 1992 756 cum
2027 715 2104 757 ea
2137 715 2268 758 non
2304 692 2398 780 [pL
2437 695 2539 759 78.

476 801 695 866 utare,
752 786 1017 851 scientia
1066 796 1283 851 tamen
1333 786 1474 872 ipsa
1525 787 1729 854 teneri
1771 796 2011 873 potest3
2063 787 2264 852 virtus
2307 790 2376 854 in
2419 813 2543 855 usu

474 885 585 951 sui
618 891 755 948 tota
787 880 996 966 posita
1029 891 1145 957 est,
1180 902 1335 945 usus
1372 891 1587 948 autem
1624 881 1760 946 eius
1795 891 1892 946 est
1927 881 2243 948 maximus
2271 883 2542 948 civitatis

478 975 867 1064 gubernatio
906 985 969 1040 et
1004 997 1227 1042 earum
1260 975 1545 1061 ipsarum
1580 996 1816 1053 rerum,
1854 996 2013 1059 quas
2044 976 2152 1041 isti
2187 977 2254 1041 in
2291 979 2543 1064 angulis

2591 581 2628 692 ²⁰10

478 1079 856 1158 personant,
910 1091 1167 1154 reapse,
1220 1090 1349 1133 non
1404 1069 1690 1136 oratione
1743 1069 2072 1156 perfectio.
2161 1071 2319 1135 nihil
2374 1072 2544 1139 enim
2597 1147 2602 1152 p

470 1165 719 1233 dicitur
771 1187 811 1228 a
870 1163 1296 1248 philosophis,
1362 1164 1535 1247 quod
1597 1163 1858 1247 quidem
1917 1175 2090 1230 recte
2151 1165 2542 1250 honesteque

476 1259 768 1333 dicatur,
812 1257 985 1341 quod
1029 1280 1154 1320 non
1200 1256 1283 1320 ab
1326 1257 1405 1321 iis
1439 1267 1696 1343 partum
1731 1257 2300 1344 confirmatumque
2345 1261 2456 1336 sit,
2505 1284 2546 1324 a

480 1351 721 1437 quibus
748 1350 1110 1416 civitatibus
1141 1349 1283 1415 iura
1310 1350 1611 1436 discripta
1638 1362 1806 1417 sunt.
1861 1353 2031 1419 unde
2053 1351 2062 1437 Ι
2085 1353 2253 1419 enim
2285 1351 2380 1440 [p
2395 1354 2540 1418 123.

477 1449 689 1534 pietas
735 1457 847 1511 aut
890 1469 930 1510 a
963 1444 1197 1527 quibus
1242 1444 1509 1532 religio?
1560 1445 1734 1512 unde
1777 1447 1878 1512 ius
1926 1458 2037 1512 aut
2087 1449 2376 1534 gentium
2431 1459 2543 1513 aut

478 1543 607 1606 hoc
667 1541 880 1626 ipsum
941 1539 1127 1604 civile
1194 1539 1385 1623 quod·
1436 1539 1706 1604 dicitur?
1766 1541 1964 1615 ,unde
2025 1541 2298 1618 iustitia,
2359 1541 2540 1618 fides,

475 1634 813 1719 aequitas?
854 1632 1027 1699 unde
1062 1631 1289 1717 pudor,
1328 1633 1736 1710 continentia,
1771 1634 1932 1721 fuga.
1967 1636 2390 1720 turpitudinis,
2429 1636 2542 1700 ad-

480 1728 767 1816 petentia
807 1726 1019 1791 laudis
1066 1736 1131 1790 et
1162 1725 1552 1792 honestatis?
1604 1727 1776 1793 unde
1809 1729 1878 1791 in
1912 1728 2238 1792 laboribus
2277 1738 2341 1794 et
2374 1729 2544 1814 peri-

480 1824 647 1889 culis
683 1822 1031 1888 fortitudo?
1082 1843 1315 1906 nempe
1352 1823 1434 1887 ab
1469 1823 1576 1898 iis,
1614 1823 1729 1906 qui
1764 1824 1922 1888 haec
1960 1822 2310 1909 disciplinis
2343 1823 2543 1888 infor-

480 1928 664 1982 mata
712 1915 839 1980 alia
887 1915 1175 1980 moribus
1230 1914 1714 1993 confirmarunt,
1768 1928 2115 1982 sanxerunt
2158 1927 2372 1982 autem
2415 1917 2542 1982 alia

480 2011 759 2097 legibus.
864 2009 1020 2093 quin
1082 2009 1277 2074 etiam
1338 2009 1758 2076 Xenocraten
1818 2009 2058 2087 ferunt,
2129 2011 2410 2077 nobilem
2469 2011 2540 2075 in

480 2105 709 2192 primis
734 2103 1205 2190 philosophum,
1234 2125 1383 2168 cum
1412 2103 1846 2188 quaelreretur
1865 2127 1945 2169 ex
1964 2127 2062 2182 ec,
2091 2106 2246 2188 quid
2273 2102 2368 2191 [p.
2391 2104 2536 2169 124.

476 2200 987 2284 adsequerentur
1011 2197 1149 2262 eius
1175 2196 1491 2282 discipuli,
1526 2198 1950 2284 respondisse,
1979 2207 2053 2264 ut
2077 2199 2145 2263 id
2171 2221 2289 2264 sua
2315 2210 2542 2284 sponte

478 2294 789 2369 facerent,
826 2291 1019 2374 quod·
1036 2302 1414 2377 cogerentur
1448 2291 1662 2358 facere
1697 2292 1968 2378 legibus.
2041 2315 2196 2378 ergo
2231 2293 2338 2358 ille
2365 2293 2541 2370 civis,

474 2387 599 2472 qui
640 2385 709 2450 id
759 2387 931 2470 cogit
978 2385 1184 2450 omnis
1228 2385 1495 2470 imperio
1536 2386 1881 2472 legumque
1933 2409 2170 2472 poena,
2217 2387 2390 2472 quod
2435 2389 2544 2452 vix

479 2481 709 2568 paucis
746 2479 1129 2564 persuadere
1164 2480 1448 2545 oratione
1481 2480 1842 2566 philosophi
1875 2492 2172 2566 possunt,
2217 2482 2407 2547 etiam
2443 2483 2541 2559 iis,

474 2574 599 2660 qui
654 2575 766 2639 illa
828 2575 1181 2660 disputant,
1249 2575 1405 2659 ipsis
1474 2586 1573 2640 est
1630 2575 2088 2662 praeferendus
2144 2577 2534 2642 doctoribus:
2602 2572 2607 2576 ⁵

476 2693 651 2755 quae
705 2679 802 2734 est
856 2669 1025 2734 enim
1075 2669 1343 2734 istorum
1396 2669 1595 2734 oratio
1651 2680 1784 2734 tam
1837 2671 2184 2753 exquisita,
2242 2693 2407 2753 quae
2460 2669 2543 2734 sit

475 2763 931 2849 anteponenda
988 2763 1153 2828 bene
1216 2763 1595 2828 constitut-ae
1661 2763 1903 2827 civitati
1965 2763 2225 2847 publico
2286 2763 2425 2826 iure
2479 2773 2544 2826 et

479 2859 809 2924 moribus?
844 2856 1140 2942 equidem
1178 2855 1189 2944 Ι
1224 2879 1418 2940 quem
1452 2856 1537 2920 ad
1567 2856 1834 2920 modum
1869 2857 2074 2920 ‘urbis
2102 2877 2238 2920 ma-
2275 2853 2368 2941 [p.
2393 2853 2540 2922 125.

478 2976 647 3039 guas
702 2962 893 3034 atque
944 2950 1370 3036 imperiosas,'
1425 2960 1499 3014 ut
1546 2949 1826 3035 appellat
1869 2948 2148 3026 Ennius,
2201 2947 2428 3014 viculis
2481 2960 2545 3016 et

478 3047 761 3113 castellis
796 3045 1245 3132 praeferendas
1278 3055 1467 3132 puto,
1504 3045 1595 3110 sic
1633 3066 1742 3110 eos
1757 3091 1775 3120 ,
1811 3044 1924 3127 qui
1957 3043 2056 3109 his
2091 3045 2357 3113 urbibus
2394 3067 2544 3112 con-

476 3142 626 3206 silio
682 3149 873 3224 atque
925 3141 1302 3206 auctoritate
1346 3149 1686 3224 praesunt,
1739 3139 1846 3215 iis,
1901 3137 2014 3221 qui
2057 3140 2261 3204 omnis
2305 3143 2547 3228 negotii

478 3234 727 3322 publici
781 3245 1071 3319 expertes
1124 3244 1302 3311 sunt,
1368 3235 1560 3319 longe
1626 3232 1794 3298 duco
1847 3232 2160 3318 sapientia
2210 3234 2352 3318 ipsa
2408 3259 2544 3302 esse

473 3327 986 3412 anteponendos.
1093 3337 1157 3392 et
1218 3328 1527 3411 quoniam
1588 3327 1866 3392 maxime
1917 3327 2202 3411 rapimur
2255 3328 2338 3391 ad
2389 3351 2544 3413 opes

476 3420 817 3508 augendas
859 3421 1113 3507 generis
1154 3420 1419 3488 humani
1464 3421 1928 3505 studemusque
1983 3421 2214 3485 nostris
2267 3420 2544 3486 consiliis

482 3529 547 3583 et
599 3515 929 3582 laboribus
981 3515 1280 3581 tutiorem
1331 3524 1396 3579 et
1450 3515 1912 3600 opulentiorem
1963 3514 2162 3580 vitam
2217 3513 2546 3579 hominum

482 3609 755 3676 reddere
801 3619 865 3675 et
910 3609 995 3674 ad
1038 3609 1203 3675 hanc
1240 3607 1251 3696 Ι
1290 3610 1690 3676 voluntatem
1721 3609 1923 3696 ipsius
1961 3621 2226 3674 naturae
2263 3605 2358 3696 [p.
2398 3609 2542 3673 126.

478 3704 761 3772 stimulis
803 3704 1169 3782 incitamur,
1223 3714 1552 3770 teneamus
1596 3727 1747 3770 eum
1791 3726 2078 3781 cursum,
2135 3703 2246 3787 qui
2289 3726 2542 3789 semper

482 3799 609 3866 fuit
662 3798 888 3883 optimi
939 3795 1277 3883 cuiusque,
1329 3820 1539 3882 neque
1594 3821 1674 3864 ea
1725 3799 1912 3884 signa
1957 3798 2320 3876 audiamus,
2377 3820 2542 3882 quae

477 3893 775 3978 receptui
808 3903 1075 3969 canunt,
1118 3905 1193 3957 ut
1224 3915 1331 3958 eos
1368 3893 1562 3985 etiam
1597 3904 1930 3970 revocent,
1977 3893 2090 3991 qui
2123 3894 2251 3966 iam
2284 3914 2542 3978 proces·

478 3988 727 4054 serint.

615 4079 743 4144 His
789 4080 1142 4146 rationibus
1195 4091 1327 4146 tam
1380 4081 1567 4146 certis
1622 4092 1882 4165 tamque
1927 4080 2300 4154 inlustribus
2347 4101 2626 4166 oppo-4

2597 4037 2633 4091 3
