<?xml version="1.0" encoding="UTF-8"?>
<!DOCTYPE html PUBLIC "-//W3C//DTD XHTML 1.0 Transitional//EN"
    "http://www.w3.org/TR/xhtml1/DTD/xhtml1-transitional.dtd">
<html xmlns="http://www.w3.org/1999/xhtml" xml:lang="en" lang="en">
 <head>
  <title>
</title>
<meta http-equiv="Content-Type" content="text/html;charset=utf-8" />
  <meta name='ocr-system' content='tesseract 3.04.00' />
  <meta name='ocr-capabilities' content='ocr_page ocr_carea ocr_par ocr_line ocrx_word'/>
</head>
<body>
  <div class='ocr_page' id='page_1' title='image "./mtulliiciceroni03unkngoog_0136.png"; bbox 0 0 3292 4559; ppageno 0'>
   <div class='ocr_carea' id='block_1_1' title="bbox 955 254 2391 318">
    <p class='ocr_par' dir='ltr' id='par_1_1' title="bbox 955 254 2391 318">
     <span class='ocr_line' id='line_1_1' title="bbox 955 254 2391 318; baseline -0.003 0"><span class='ocrx_word' id='word_1_1' title='bbox 955 254 1079 318; x_wconf 65' lang='lat' dir='ltr'><strong>11]ss</strong></span> <span class='ocrx_word' id='word_1_2' title='bbox 1565 259 1645 314; x_wconf 79' lang='lat' dir='ltr'><strong>M.</strong></span> <span class='ocrx_word' id='word_1_3' title='bbox 1682 256 1955 315; x_wconf 85' lang='lat' dir='ltr'>TULLII</span> <span class='ocrx_word' id='word_1_4' title='bbox 1989 255 2391 313; x_wconf 84' lang='lat' dir='ltr'><strong>CICERONIS</strong></span> 
     </span>
    </p>
   </div>
   <div class='ocr_carea' id='block_1_2' title="bbox 955 379 3009 465">
    <p class='ocr_par' dir='ltr' id='par_1_2' title="bbox 955 379 3009 465">
     <span class='ocr_line' id='line_1_2' title="bbox 955 379 3009 465; baseline -0.008 -7"><span class='ocrx_word' id='word_1_5' title='bbox 955 414 1067 458; x_wconf 66' lang='lat' dir='ltr'><strong>eur</strong></span> <span class='ocrx_word' id='word_1_6' title='bbox 1115 410 1242 454; x_wconf 79' lang='lat' dir='ltr'><strong>non</strong></span> <span class='ocrx_word' id='word_1_7' title='bbox 1283 382 1705 460; x_wconf 88' lang='lat' dir='ltr'><strong>Eumenides,</strong></span> <span class='ocrx_word' id='word_1_8' title='bbox 1758 402 2028 465; x_wconf 89' lang='lat' dir='ltr'><strong>quarum</strong></span> <span class='ocrx_word' id='word_1_9' title='bbox 2083 390 2147 444; x_wconf 88' lang='lat' dir='ltr'><strong>et</strong></span> <span class='ocrx_word' id='word_1_10' title='bbox 2191 379 2468 445; x_wconf 79' lang='lat' dir='ltr'><strong>Athenis</strong></span> <span class='ocrx_word' id='word_1_11' title='bbox 2520 379 2745 445; x_wconf 87' lang='lat' dir='ltr'><strong>fanum</strong></span> <span class='ocrx_word' id='word_1_12' title='bbox 2798 388 2893 444; x_wconf 88' lang='lat' dir='ltr'><strong>est</strong></span> <span class='ocrx_word' id='word_1_13' title='bbox 2941 389 3009 443; x_wconf 88' lang='lat' dir='ltr'><strong>et</strong></span> 
     </span>
    </p>
   </div>
   <div class='ocr_carea' id='block_1_3' title="bbox 955 474 3126 570">
    <p class='ocr_par' dir='ltr' id='par_1_3' title="bbox 955 474 3126 570">
     <span class='ocr_line' id='line_1_3' title="bbox 955 474 3126 570; baseline -0.006 -20"><span class='ocrx_word' id='word_1_14' title='bbox 955 486 1123 570; x_wconf 74' lang='lat' dir='ltr'><strong>apud</strong></span> <span class='ocrx_word' id='word_1_15' title='bbox 1163 504 1308 559; x_wconf 77' lang='lat' dir='ltr'><strong>nos,</strong></span> <span class='ocrx_word' id='word_1_16' title='bbox 1353 490 1429 544; x_wconf 92' lang='lat' dir='ltr'><strong>ut</strong></span> <span class='ocrx_word' id='word_1_17' title='bbox 1463 499 1585 564; x_wconf 90' lang='lat' dir='ltr'><strong>ego</strong></span> <span class='ocrx_word' id='word_1_18' title='bbox 1618 477 2026 562; x_wconf 87' lang='lat' dir='ltr'><strong>interpretor,</strong></span> <span class='ocrx_word' id='word_1_19' title='bbox 2060 475 2246 540; x_wconf 88' lang='lat' dir='ltr'><strong>lucus</strong></span> <span class='ocrx_word' id='word_1_20' title='bbox 2280 474 2593 554; x_wconf 83' lang='lat' dir='ltr'><strong>Furinae,</strong></span> <span class='ocrx_word' id='word_1_21' title='bbox 2638 475 2796 542; x_wconf 88' lang='lat' dir='ltr'><strong>deae</strong></span> <span class='ocrx_word' id='word_1_22' title='bbox 2832 486 3006 551; x_wconf 89' lang='lat' dir='ltr'><strong>sunt,</strong></span> <span class='ocrx_word' id='word_1_23' title='bbox 3125 505 3126 516; x_wconf 65' lang='lat'><em>2</em></span> 
     </span>
    </p>
   </div>
   <div class='ocr_carea' id='block_1_4' title="bbox 956 568 3010 666">
    <p class='ocr_par' dir='ltr' id='par_1_4' title="bbox 956 568 3010 666">
     <span class='ocr_line' id='line_1_4' title="bbox 956 568 3010 666; baseline -0.007 -20"><span class='ocrx_word' id='word_1_24' title='bbox 956 576 1431 666; x_wconf 67' lang='lat' dir='ltr'><strong>speculatrices,</strong></span> <span class='ocrx_word' id='word_1_25' title='bbox 1486 572 1707 649; x_wconf 91' lang='lat' dir='ltr'><strong>credo,</strong></span> <span class='ocrx_word' id='word_1_26' title='bbox 1762 584 1824 636; x_wconf 85' lang='lat' dir='ltr'><strong>et</strong></span> <span class='ocrx_word' id='word_1_27' title='bbox 1876 569 2161 635; x_wconf 86' lang='lat' dir='ltr'><strong>vindices</strong></span> <span class='ocrx_word' id='word_1_28' title='bbox 2206 568 2562 635; x_wconf 78' lang='lat' dir='ltr'><strong>facinorum</strong></span> <span class='ocrx_word' id='word_1_29' title='bbox 2606 581 2673 636; x_wconf 88' lang='lat' dir='ltr'><strong>et</strong></span> <span class='ocrx_word' id='word_1_30' title='bbox 2715 571 3010 636; x_wconf 80' lang='lat' dir='ltr'><strong>sceleris?</strong></span> 
     </span>
    </p>
   </div>
   <div class='ocr_carea' id='block_1_5' title="bbox 891 664 3009 758">
    <p class='ocr_par' dir='ltr' id='par_1_5' title="bbox 891 664 3009 758">
     <span class='ocr_line' id='line_1_5' title="bbox 891 664 3009 758; baseline -0.004 -19"><span class='ocrx_word' id='word_1_31' title='bbox 891 698 911 706; x_wconf 89' lang='grc'><em>·</em></span> <span class='ocrx_word' id='word_1_32' title='bbox 955 678 1127 758; x_wconf 68' lang='lat' dir='ltr'><strong>quod</strong></span> <span class='ocrx_word' id='word_1_33' title='bbox 1163 674 1217 738; x_wconf 80' lang='lat' dir='ltr'><strong>si</strong></span> <span class='ocrx_word' id='word_1_34' title='bbox 1251 671 1409 737; x_wconf 86' lang='lat' dir='ltr'><strong>tales</strong></span> <span class='ocrx_word' id='word_1_35' title='bbox 1446 668 1550 735; x_wconf 90' lang='lat' dir='ltr'><strong>dei</strong></span> <span class='ocrx_word' id='word_1_36' title='bbox 1585 677 1764 744; x_wconf 81' lang='lat' dir='ltr'><strong>sunt,</strong></span> <span class='ocrx_word' id='word_1_37' title='bbox 1799 676 1873 730; x_wconf 92' lang='lat' dir='ltr'><strong>ut</strong></span> <span class='ocrx_word' id='word_1_38' title='bbox 1906 665 2098 731; x_wconf 89' lang='lat' dir='ltr'><strong>rebus</strong></span> <span class='ocrx_word' id='word_1_39' title='bbox 2134 665 2431 731; x_wconf 88' lang='lat' dir='ltr'><strong>humanis</strong></span> <span class='ocrx_word' id='word_1_40' title='bbox 2464 664 2777 743; x_wconf 80' lang='lat' dir='ltr'><strong>intersint,</strong></span> <span class='ocrx_word' id='word_1_41' title='bbox 2813 665 3009 731; x_wconf 88' lang='lat' dir='ltr'><strong>Natio</strong></span> 
     </span>
    </p>
   </div>
   <div class='ocr_carea' id='block_1_6' title="bbox 955 757 3012 1418">
    <p class='ocr_par' dir='ltr' id='par_1_6' title="bbox 955 757 3012 1418">
     <span class='ocr_line' id='line_1_6' title="bbox 959 757 3010 854; baseline -0.003 -24"><span class='ocrx_word' id='word_1_42' title='bbox 959 790 1211 854; x_wconf 69' lang='lat' dir='ltr'><strong>quoque</strong></span> <span class='ocrx_word' id='word_1_43' title='bbox 1252 766 1373 831; x_wconf 86' lang='lat' dir='ltr'><strong>dea</strong></span> <span class='ocrx_word' id='word_1_44' title='bbox 1415 762 1702 849; x_wconf 87' lang='lat' dir='ltr'><strong>putanda</strong></span> <span class='ocrx_word' id='word_1_45' title='bbox 1745 772 1872 838; x_wconf 90' lang='lat' dir='ltr'><strong>est,</strong></span> <span class='ocrx_word' id='word_1_46' title='bbox 1926 758 2059 837; x_wconf 90' lang='lat' dir='ltr'><strong>cui,</strong></span> <span class='ocrx_word' id='word_1_47' title='bbox 2114 780 2263 824; x_wconf 91' lang='lat' dir='ltr'><strong>cum</strong></span> <span class='ocrx_word' id='word_1_48' title='bbox 2305 757 2459 825; x_wconf 87' lang='lat' dir='ltr'><strong>fana</strong></span> <span class='ocrx_word' id='word_1_49' title='bbox 2493 760 2898 826; x_wconf 78' lang='lat' dir='ltr'><strong>circumimus</strong></span> <span class='ocrx_word' id='word_1_50' title='bbox 2938 759 3010 824; x_wconf 90' lang='lat' dir='ltr'><strong>in</strong></span> 
     </span>
     <span class='ocr_line' id='line_1_7' title="bbox 959 853 3012 946; baseline -0.003 -19"><span class='ocrx_word' id='word_1_51' title='bbox 959 886 1111 946; x_wconf 60' lang='lat' dir='ltr'><strong>agro</strong></span> <span class='ocrx_word' id='word_1_52' title='bbox 1156 859 1455 933; x_wconf 67' lang='lat' dir='ltr'><strong>Ardeati,</strong></span> <span class='ocrx_word' id='word_1_53' title='bbox 1506 879 1642 922; x_wconf 89' lang='lat' dir='ltr'><strong>rem</strong></span> <span class='ocrx_word' id='word_1_54' title='bbox 1690 855 1973 920; x_wconf 85' lang='lat' dir='ltr'><strong>divinam</strong></span> <span class='ocrx_word' id='word_1_55' title='bbox 2023 853 2236 919; x_wconf 87' lang='lat' dir='ltr'><strong>facere</strong></span> <span class='ocrx_word' id='word_1_56' title='bbox 2280 855 2557 920; x_wconf 89' lang='lat' dir='ltr'><strong>solemus</strong></span> <span class='ocrx_word' id='word_1_57' title='bbox 2571 879 2591 933; x_wconf 90' lang='lat'>;</span> <span class='ocrx_word' id='word_1_58' title='bbox 2646 876 2813 939; x_wconf 89' lang='lat' dir='ltr'><strong>quae</strong></span> <span class='ocrx_word' id='word_1_59' title='bbox 2858 854 3012 939; x_wconf 86' lang='lat' dir='ltr'><strong>quia</strong></span> 
     </span>
     <span class='ocr_line' id='line_1_8' title="bbox 955 942 3012 1042; baseline -0.002 -24"><span class='ocrx_word' id='word_1_60' title='bbox 955 942 1171 1042; x_wconf 64' lang='lat' dir='ltr'><strong>partus</strong></span> <span class='ocrx_word' id='word_1_61' title='bbox 1216 965 1653 1020; x_wconf 89' lang='lat' dir='ltr'><strong>matronarum</strong></span> <span class='ocrx_word' id='word_1_62' title='bbox 1698 961 1980 1027; x_wconf 89' lang='lat' dir='ltr'><strong>tueatur,</strong></span> <span class='ocrx_word' id='word_1_63' title='bbox 2035 972 2075 1013; x_wconf 90' lang='lat' dir='ltr'><strong>a</strong></span> <span class='ocrx_word' id='word_1_64' title='bbox 2117 948 2526 1015; x_wconf 82' lang='lat' dir='ltr'><strong>nascentibus</strong></span> <span class='ocrx_word' id='word_1_65' title='bbox 2561 949 2753 1014; x_wconf 89' lang='lat' dir='ltr'><strong>Natio</strong></span> <span class='ocrx_word' id='word_1_66' title='bbox 2805 950 3012 1014; x_wconf 87' lang='lat' dir='ltr'><strong>nomi-</strong></span> 
     </span>
     <span class='ocr_line' id='line_1_9' title="bbox 955 1042 3010 1128; baseline -0.002 -14"><span class='ocrx_word' id='word_1_67' title='bbox 955 1066 1103 1114; x_wconf 68' lang='lat' dir='ltr'><strong>nata</strong></span> <span class='ocrx_word' id='word_1_68' title='bbox 1139 1061 1253 1118; x_wconf 76' lang='lat' dir='ltr'><strong>est.</strong></span> <span class='ocrx_word' id='word_1_69' title='bbox 1340 1070 1418 1114; x_wconf 91' lang='lat' dir='ltr'><strong>ea</strong></span> <span class='ocrx_word' id='word_1_70' title='bbox 1453 1046 1508 1112; x_wconf 90' lang='lat' dir='ltr'><strong>si</strong></span> <span class='ocrx_word' id='word_1_71' title='bbox 1543 1045 1667 1111; x_wconf 90' lang='lat' dir='ltr'><strong>dea</strong></span> <span class='ocrx_word' id='word_1_72' title='bbox 1699 1056 1826 1121; x_wconf 89' lang='lat' dir='ltr'><strong>est,</strong></span> <span class='ocrx_word' id='word_1_73' title='bbox 1863 1044 1928 1109; x_wconf 92' lang='lat' dir='ltr'><strong>di</strong></span> <span class='ocrx_word' id='word_1_74' title='bbox 1964 1065 2185 1110; x_wconf 82' lang='lat' dir='ltr'><strong>omnes</strong></span> <span class='ocrx_word' id='word_1_75' title='bbox 2220 1042 2341 1122; x_wconf 89' lang='lat' dir='ltr'><strong>illi,</strong></span> <span class='ocrx_word' id='word_1_76' title='bbox 2396 1044 2509 1128; x_wconf 82' lang='lat' dir='ltr'><strong>qui</strong></span> <span class='ocrx_word' id='word_1_77' title='bbox 2553 1065 3010 1114; x_wconf 88' lang='lat' dir='ltr'><strong>commemora-</strong></span> 
     </span>
     <span class='ocr_line' id='line_1_10' title="bbox 955 1136 3011 1228; baseline -0.002 -18"><span class='ocrx_word' id='word_1_78' title='bbox 955 1150 1187 1210; x_wconf 63' lang='lat' dir='ltr'><strong>bantur</strong></span> <span class='ocrx_word' id='word_1_79' title='bbox 1221 1168 1261 1210; x_wconf 91' lang='lat' dir='ltr'><strong>a</strong></span> <span class='ocrx_word' id='word_1_80' title='bbox 1295 1153 1378 1222; x_wconf 90' lang='lat' dir='ltr'><strong>te,</strong></span> <span class='ocrx_word' id='word_1_81' title='bbox 1414 1140 1667 1218; x_wconf 90' lang='lat' dir='ltr'><strong>Honos,</strong></span> <span class='ocrx_word' id='word_1_82' title='bbox 1700 1139 1919 1217; x_wconf 80' lang='lat' dir='ltr'><strong>Fides,</strong></span> <span class='ocrx_word' id='word_1_83' title='bbox 1954 1137 2169 1216; x_wconf 85' lang='lat' dir='ltr'><strong>Mens,</strong></span> <span class='ocrx_word' id='word_1_84' title='bbox 2199 1136 2598 1219; x_wconf 83' lang='lat' dir='ltr'><strong>Concordia3</strong></span> <span class='ocrx_word' id='word_1_85' title='bbox 2634 1162 2789 1228; x_wconf 87' lang='lat' dir='ltr'><strong>ergo</strong></span> <span class='ocrx_word' id='word_1_86' title='bbox 2816 1140 3011 1206; x_wconf 86' lang='lat' dir='ltr'><strong>etiam</strong></span> 
     </span>
     <span class='ocr_line' id='line_1_11' title="bbox 959 1233 3008 1326; baseline -0.004 -20"><span class='ocrx_word' id='word_1_87' title='bbox 959 1242 1151 1326; x_wconf 71' lang='lat' dir='ltr'><strong>Spes,</strong></span> <span class='ocrx_word' id='word_1_88' title='bbox 1191 1238 1459 1303; x_wconf 88' lang='lat' dir='ltr'><strong>Moneta</strong></span> <span class='ocrx_word' id='word_1_89' title='bbox 1492 1235 1864 1319; x_wconf 85' lang='lat' dir='ltr'><strong>omniaque,</strong></span> <span class='ocrx_word' id='word_1_90' title='bbox 1910 1255 2078 1318; x_wconf 91' lang='lat' dir='ltr'><strong>quae</strong></span> <span class='ocrx_word' id='word_1_91' title='bbox 2114 1233 2498 1321; x_wconf 86' lang='lat' dir='ltr'><strong>cogitatione</strong></span> <span class='ocrx_word' id='word_1_92' title='bbox 2531 1235 2851 1300; x_wconf 86' lang='lat' dir='ltr'><strong>nobismet</strong></span> <span class='ocrx_word' id='word_1_93' title='bbox 2883 1233 3008 1320; x_wconf 89' lang='lat' dir='ltr'><strong>ipsi</strong></span> 
     </span>
     <span class='ocr_line' id='line_1_12' title="bbox 955 1328 3009 1418; baseline -0.002 -20"><span class='ocrx_word' id='word_1_94' title='bbox 955 1354 1294 1418; x_wconf 69' lang='lat' dir='ltr'><strong>possumus</strong></span> <span class='ocrx_word' id='word_1_95' title='bbox 1337 1331 1608 1417; x_wconf 81' lang='lat' dir='ltr'><strong>fingere:</strong></span> <span class='ocrx_word' id='word_1_96' title='bbox 1657 1329 1830 1413; x_wconf 88' lang='lat' dir='ltr'><strong>quod</strong></span> <span class='ocrx_word' id='word_1_97' title='bbox 1873 1328 1927 1393; x_wconf 90' lang='lat' dir='ltr'><strong>si</strong></span> <span class='ocrx_word' id='word_1_98' title='bbox 1972 1328 2107 1394; x_wconf 86' lang='lat' dir='ltr'><strong>veri</strong></span> <span class='ocrx_word' id='word_1_99' title='bbox 2152 1328 2354 1394; x_wconf 86' lang='lat' dir='ltr'><strong>simile</strong></span> <span class='ocrx_word' id='word_1_100' title='bbox 2388 1350 2519 1394; x_wconf 88' lang='lat' dir='ltr'><strong>non</strong></span> <span class='ocrx_word' id='word_1_101' title='bbox 2554 1340 2679 1407; x_wconf 89' lang='lat' dir='ltr'><strong>est,</strong></span> <span class='ocrx_word' id='word_1_102' title='bbox 2724 1351 2807 1394; x_wconf 89' lang='lat' dir='ltr'><strong>ne</strong></span> <span class='ocrx_word' id='word_1_103' title='bbox 2850 1329 3009 1394; x_wconf 87' lang='lat' dir='ltr'><strong>illud</strong></span> 
     </span>
    </p>
   </div>
   <div class='ocr_carea' id='block_1_7' title="bbox 855 1422 3009 1512">
    <p class='ocr_par' dir='ltr' id='par_1_7' title="bbox 855 1422 3009 1512">
     <span class='ocr_line' id='line_1_13' title="bbox 855 1422 3009 1512; baseline -0.001 -22"><span class='ocrx_word' id='word_1_104' title='bbox 855 1446 919 1498; x_wconf 66' lang='lat'><strong>15·</strong></span> <span class='ocrx_word' id='word_1_105' title='bbox 959 1430 1216 1512; x_wconf 68' lang='lat' dir='ltr'><strong>quidem</strong></span> <span class='ocrx_word' id='word_1_106' title='bbox 1251 1437 1374 1505; x_wconf 89' lang='lat' dir='ltr'><strong>est,</strong></span> <span class='ocrx_word' id='word_1_107' title='bbox 1428 1425 1586 1490; x_wconf 88' lang='lat' dir='ltr'><strong>haec</strong></span> <span class='ocrx_word' id='word_1_108' title='bbox 1629 1422 1802 1490; x_wconf 87' lang='lat' dir='ltr'><strong>unde</strong></span> <span class='ocrx_word' id='word_1_109' title='bbox 1835 1424 2175 1489; x_wconf 81' lang='lat' dir='ltr'><strong>fluxerunt.</strong></span> <span class='ocrx_word' id='word_1_110' title='bbox 2264 1423 2420 1509; x_wconf 88' lang='lat' dir='ltr'><strong>quid</strong></span> <span class='ocrx_word' id='word_1_111' title='bbox 2454 1435 2669 1489; x_wconf 89' lang='lat' dir='ltr'><strong>autem</strong></span> <span class='ocrx_word' id='word_1_112' title='bbox 2712 1423 2899 1501; x_wconf 86' lang='lat' dir='ltr'><strong>dicis,</strong></span> <span class='ocrx_word' id='word_1_113' title='bbox 2952 1425 3009 1488; x_wconf 88' lang='lat' dir='ltr'><strong>si</strong></span> 
     </span>
    </p>
   </div>
   <div class='ocr_carea' id='block_1_8' title="bbox 863 2068 3130 2172">
    <p class='ocr_par' dir='ltr' id='par_1_8' title="bbox 863 2068 3130 2172">
     <span class='ocr_line' id='line_1_14' title="bbox 863 2068 3130 2172; baseline 0 -18"><span class='ocrx_word' id='word_1_114' title='bbox 863 2106 911 2142; x_wconf 59' lang='lat'><strong>45</strong></span> <span class='ocrx_word' id='word_1_115' title='bbox 959 2105 1123 2166; x_wconf 71' lang='lat' dir='ltr'><strong>sunt,</strong></span> <span class='ocrx_word' id='word_1_116' title='bbox 1163 2089 1517 2154; x_wconf 84' lang='lat' dir='ltr'><strong>reiciemus.</strong></span> <span class='ocrx_word' id='word_1_117' title='bbox 1605 2086 1765 2172; x_wconf 85' lang='lat' dir='ltr'><strong>quid</strong></span> <span class='ocrx_word' id='word_1_118' title='bbox 1800 2087 2073 2152; x_wconf 79' lang='lat' dir='ltr'><strong>deinde?</strong></span> <span class='ocrx_word' id='word_1_119' title='bbox 2114 2086 2236 2151; x_wconf 89' lang='lat' dir='ltr'><strong>Ino</strong></span> <span class='ocrx_word' id='word_1_120' title='bbox 2282 2087 2404 2153; x_wconf 92' lang='lat' dir='ltr'><strong>dea</strong></span> <span class='ocrx_word' id='word_1_121' title='bbox 2439 2087 2708 2154; x_wconf 85' lang='lat' dir='ltr'><strong>ducetur</strong></span> <span class='ocrx_word' id='word_1_122' title='bbox 2743 2099 2810 2154; x_wconf 90' lang='lat' dir='ltr'><strong>et</strong></span> <span class='ocrx_word' id='word_1_123' title='bbox 2844 2098 3015 2155; x_wconf 86' lang='grc' dir='ltr'><em>Λευ-</em></span> <span class='ocrx_word' id='word_1_124' title='bbox 3129 2068 3130 2098; x_wconf 54' lang='lat'><em>³</em></span> 
     </span>
    </p>
   </div>
   <div class='ocr_carea' id='block_1_9' title="bbox 859 3986 907 4022">
    <p class='ocr_par' dir='ltr' id='par_1_9' title="bbox 859 3986 907 4022">
     <span class='ocr_line' id='line_1_15' title="bbox 859 3986 907 4022; baseline 0 0"><span class='ocrx_word' id='word_1_125' title='bbox 859 3986 907 4022; x_wconf 70' lang='lat'><strong>5¹3</strong></span> 
     </span>
    </p>
   </div>
   <div class='ocr_carea' id='block_1_10' title="bbox 955 1518 3014 2078">
    <p class='ocr_par' dir='ltr' id='par_1_10' title="bbox 955 1518 3014 2078">
     <span class='ocr_line' id='line_1_16' title="bbox 959 1518 3008 1604; baseline -0.001 -18"><span class='ocrx_word' id='word_1_126' title='bbox 959 1526 1023 1586; x_wconf 77' lang='lat' dir='ltr'><strong>di</strong></span> <span class='ocrx_word' id='word_1_127' title='bbox 1063 1534 1207 1586; x_wconf 71' lang='lat' dir='ltr'><strong>sunt</strong></span> <span class='ocrx_word' id='word_1_128' title='bbox 1239 1520 1359 1598; x_wconf 93' lang='lat' dir='ltr'><strong>illi,</strong></span> <span class='ocrx_word' id='word_1_129' title='bbox 1413 1540 1574 1604; x_wconf 89' lang='lat' dir='ltr'><strong>quos</strong></span> <span class='ocrx_word' id='word_1_130' title='bbox 1610 1518 1877 1584; x_wconf 85' lang='lat' dir='ltr'><strong>colimus</strong></span> <span class='ocrx_word' id='word_1_131' title='bbox 1912 1528 1976 1584; x_wconf 90' lang='lat' dir='ltr'><strong>et</strong></span> <span class='ocrx_word' id='word_1_132' title='bbox 2010 1518 2400 1604; x_wconf 89' lang='lat' dir='ltr'><strong>accepimus,</strong></span> <span class='ocrx_word' id='word_1_133' title='bbox 2454 1540 2568 1584; x_wconf 90' lang='lat' dir='ltr'><strong>cur</strong></span> <span class='ocrx_word' id='word_1_134' title='bbox 2611 1540 2741 1584; x_wconf 89' lang='lat' dir='ltr'><strong>non</strong></span> <span class='ocrx_word' id='word_1_135' title='bbox 2783 1518 3008 1584; x_wconf 91' lang='lat' dir='ltr'><strong>eodem</strong></span> 
     </span>
     <span class='ocr_line' id='line_1_17' title="bbox 959 1612 3007 1702; baseline -0.002 -20"><span class='ocrx_word' id='word_1_136' title='bbox 959 1622 1022 1682; x_wconf 74' lang='lat' dir='ltr'><strong>in</strong></span> <span class='ocrx_word' id='word_1_137' title='bbox 1059 1638 1293 1702; x_wconf 70' lang='lat' dir='ltr'><strong>genere</strong></span> <span class='ocrx_word' id='word_1_138' title='bbox 1314 1612 1607 1699; x_wconf 82' lang='lat' dir='ltr'><strong>Serapim</strong></span> <span class='ocrx_word' id='word_1_139' title='bbox 1625 1613 1912 1698; x_wconf 88' lang='lat' dir='ltr'><strong>Isimque</strong></span> <span class='ocrx_word' id='word_1_140' title='bbox 1944 1613 2391 1678; x_wconf 80' lang='lat' dir='ltr'><strong>numeremus?</strong></span> <span class='ocrx_word' id='word_1_141' title='bbox 2426 1612 2601 1698; x_wconf 87' lang='lat' dir='ltr'><strong>quod</strong></span> <span class='ocrx_word' id='word_1_142' title='bbox 2636 1613 2690 1679; x_wconf 92' lang='lat' dir='ltr'><strong>si</strong></span> <span class='ocrx_word' id='word_1_143' title='bbox 2716 1613 3007 1691; x_wconf 87' lang='lat' dir='ltr'><strong>facimus,</strong></span> 
     </span>
     <span class='ocr_line' id='line_1_18' title="bbox 959 1707 3009 1794; baseline 0 -20"><span class='ocrx_word' id='word_1_144' title='bbox 959 1734 1071 1774; x_wconf 70' lang='lat' dir='ltr'><strong>[eur</strong></span> <span class='ocrx_word' id='word_1_145' title='bbox 1107 1710 1522 1774; x_wconf 73' lang='lat' dir='ltr'><strong>harbarorum</strong></span> <span class='ocrx_word' id='word_1_146' title='bbox 1556 1708 1711 1774; x_wconf 88' lang='lat' dir='ltr'><strong>deos</strong></span> <span class='ocrx_word' id='word_1_147' title='bbox 1747 1707 2194 1794; x_wconf 79' lang='lat' dir='ltr'><strong>repudiemus?</strong></span> <span class='ocrx_word' id='word_1_148' title='bbox 2226 1708 2425 1773; x_wconf 89' lang='lat' dir='ltr'><strong>boves</strong></span> <span class='ocrx_word' id='word_1_149' title='bbox 2458 1709 2654 1794; x_wconf 87' lang='lat' dir='ltr'><strong>igitur</strong></span> <span class='ocrx_word' id='word_1_150' title='bbox 2689 1720 2753 1774; x_wconf 89' lang='lat' dir='ltr'><strong>et</strong></span> <span class='ocrx_word' id='word_1_151' title='bbox 2788 1730 3009 1793; x_wconf 89' lang='lat' dir='ltr'><strong>equos,</strong></span> 
     </span>
     <span class='ocr_line' id='line_1_19' title="bbox 959 1801 3009 1891; baseline -0.001 -21"><span class='ocrx_word' id='word_1_152' title='bbox 959 1806 1075 1870; x_wconf 56' lang='lat' dir='ltr'><strong>ibis</strong></span> <span class='ocrx_word' id='word_1_153' title='bbox 1091 1857 1107 1882; x_wconf 42' lang='lat'>2</span> <span class='ocrx_word' id='word_1_154' title='bbox 1147 1804 1503 1890; x_wconf 76' lang='lat' dir='ltr'><strong>accipitres,</strong></span> <span class='ocrx_word' id='word_1_155' title='bbox 1539 1801 1827 1889; x_wconf 83' lang='lat' dir='ltr'><strong>aspidas,</strong></span> <span class='ocrx_word' id='word_1_156' title='bbox 1862 1803 2242 1879; x_wconf 85' lang='lat' dir='ltr'><strong>crocodilos,</strong></span> <span class='ocrx_word' id='word_1_157' title='bbox 2277 1803 2499 1888; x_wconf 89' lang='lat' dir='ltr'><strong>piscis,</strong></span> <span class='ocrx_word' id='word_1_158' title='bbox 2536 1825 2755 1879; x_wconf 89' lang='lat' dir='ltr'><strong>canes,</strong></span> <span class='ocrx_word' id='word_1_159' title='bbox 2801 1803 3009 1891; x_wconf 89' lang='lat' dir='ltr'><strong>lupos,</strong></span> 
     </span>
     <span class='ocr_line' id='line_1_20' title="bbox 955 1896 3011 1983; baseline 0.001 -21"><span class='ocrx_word' id='word_1_160' title='bbox 955 1902 1167 1978; x_wconf 66' lang='lat' dir='ltr'><strong>faelis,</strong></span> <span class='ocrx_word' id='word_1_161' title='bbox 1212 1899 1445 1963; x_wconf 85' lang='lat' dir='ltr'><strong>multas</strong></span> <span class='ocrx_word' id='word_1_162' title='bbox 1488 1912 1822 1983; x_wconf 88' lang='lat' dir='ltr'><strong>praeterea</strong></span> <span class='ocrx_word' id='word_1_163' title='bbox 1864 1896 2087 1962; x_wconf 80' lang='lat' dir='ltr'><strong>beluas</strong></span> <span class='ocrx_word' id='word_1_164' title='bbox 2132 1897 2201 1961; x_wconf 91' lang='lat' dir='ltr'><strong>in</strong></span> <span class='ocrx_word' id='word_1_165' title='bbox 2237 1898 2501 1963; x_wconf 92' lang='lat' dir='ltr'><strong>deorum</strong></span> <span class='ocrx_word' id='word_1_166' title='bbox 2535 1920 2874 1976; x_wconf 89' lang='lat' dir='ltr'><strong>numerum</strong></span> <span class='ocrx_word' id='word_1_167' title='bbox 2907 1921 3011 1964; x_wconf 89' lang='lat' dir='ltr'><strong>re-</strong></span> 
     </span>
     <span class='ocr_line' id='line_1_21' title="bbox 955 1990 3014 2078; baseline 0 -20"><span class='ocrx_word' id='word_1_168' title='bbox 955 2016 1290 2078; x_wconf 67' lang='lat' dir='ltr'><strong>ponemus:</strong></span> <span class='ocrx_word' id='word_1_169' title='bbox 1327 2014 1511 2077; x_wconf 67' lang='lat' dir='ltr'><strong>quae</strong></span> <span class='ocrx_word' id='word_1_170' title='bbox 1531 1991 1585 2057; x_wconf 91' lang='lat' dir='ltr'><strong>si</strong></span> <span class='ocrx_word' id='word_1_171' title='bbox 1619 1990 1978 2068; x_wconf 88' lang='lat' dir='ltr'><strong>reiciamus,</strong></span> <span class='ocrx_word' id='word_1_172' title='bbox 2012 1991 2125 2056; x_wconf 90' lang='lat' dir='ltr'><strong>illa</strong></span> <span class='ocrx_word' id='word_1_173' title='bbox 2152 2012 2429 2076; x_wconf 88' lang='lat' dir='ltr'><strong>quoque,</strong></span> <span class='ocrx_word' id='word_1_174' title='bbox 2467 1993 2637 2058; x_wconf 91' lang='lat' dir='ltr'><strong>unde</strong></span> <span class='ocrx_word' id='word_1_175' title='bbox 2672 1992 2831 2059; x_wconf 87' lang='lat' dir='ltr'><strong>haec</strong></span> <span class='ocrx_word' id='word_1_176' title='bbox 2857 2007 3014 2058; x_wconf 90' lang='lat' dir='ltr'><strong>nata</strong></span> 
     </span>
    </p>
   </div>
   <div class='ocr_carea' id='block_1_11' title="bbox 955 2181 3015 2362">
    <p class='ocr_par' dir='ltr' id='par_1_11' title="bbox 955 2181 3015 2362">
     <span class='ocr_line' id='line_1_22' title="bbox 955 2181 3014 2261; baseline 0.002 -15"><span class='ocrx_word' id='word_1_177' title='bbox 955 2190 1163 2246; x_wconf 53' lang='lat' dir='ltr'><strong>anam</strong></span> <span class='ocrx_word' id='word_1_178' title='bbox 1203 2207 1240 2247; x_wconf 87' lang='lat' dir='ltr'><strong>a</strong></span> <span class='ocrx_word' id='word_1_179' title='bbox 1269 2181 1559 2259; x_wconf 86' lang='lat' dir='ltr'><strong>Graecis,</strong></span> <span class='ocrx_word' id='word_1_180' title='bbox 1594 2204 1636 2247; x_wconf 91' lang='lat' dir='ltr'><strong>a</strong></span> <span class='ocrx_word' id='word_1_181' title='bbox 1670 2181 1857 2247; x_wconf 88' lang='lat' dir='ltr'><strong>nobis</strong></span> <span class='ocrx_word' id='word_1_182' title='bbox 1885 2182 2145 2247; x_wconf 88' lang='lat' dir='ltr'><strong>Matuta</strong></span> <span class='ocrx_word' id='word_1_183' title='bbox 2181 2182 2445 2261; x_wconf 90' lang='lat' dir='ltr'><strong>dicetur,</strong></span> <span class='ocrx_word' id='word_1_184' title='bbox 2482 2205 2628 2249; x_wconf 90' lang='lat' dir='ltr'><strong>cum</strong></span> <span class='ocrx_word' id='word_1_185' title='bbox 2665 2185 2748 2250; x_wconf 88' lang='lat' dir='ltr'><strong>sit</strong></span> <span class='ocrx_word' id='word_1_186' title='bbox 2777 2182 3014 2250; x_wconf 87' lang='lat' dir='ltr'><strong>Cadmi</strong></span> 
     </span>
     <span class='ocr_line' id='line_1_23' title="bbox 955 2274 3015 2362; baseline 0.003 -24"><span class='ocrx_word' id='word_1_187' title='bbox 955 2278 1103 2354; x_wconf 64' lang='lat' dir='ltr'><strong>filia,</strong></span> <span class='ocrx_word' id='word_1_188' title='bbox 1147 2274 1330 2340; x_wconf 80' lang='lat' dir='ltr'><strong>Circe</strong></span> <span class='ocrx_word' id='word_1_189' title='bbox 1368 2286 1582 2341; x_wconf 91' lang='lat' dir='ltr'><strong>autem</strong></span> <span class='ocrx_word' id='word_1_190' title='bbox 1617 2287 1682 2341; x_wconf 94' lang='lat' dir='ltr'><strong>et</strong></span> <span class='ocrx_word' id='word_1_191' title='bbox 1698 2275 2023 2362; x_wconf 68' lang='lat' dir='ltr'><strong>Pasiphae</strong></span> <span class='ocrx_word' id='word_1_192' title='bbox 2057 2287 2121 2342; x_wconf 89' lang='lat' dir='ltr'><strong>et</strong></span> <span class='ocrx_word' id='word_1_193' title='bbox 2139 2279 2349 2343; x_wconf 87' lang='lat' dir='ltr'><strong>Aeeta</strong></span> <span class='ocrx_word' id='word_1_194' title='bbox 2384 2278 2741 2344; x_wconf 89' lang='lat' dir='ltr'><strong>ePerseide</strong></span> <span class='ocrx_word' id='word_1_195' title='bbox 2761 2277 3015 2345; x_wconf 87' lang='lat' dir='ltr'><strong>Oceani</strong></span> 
     </span>
    </p>
   </div>
   <div class='ocr_carea' id='block_1_12' title="bbox 957 2369 3132 2462">
    <p class='ocr_par' dir='ltr' id='par_1_12' title="bbox 957 2369 3132 2462">
     <span class='ocr_line' id='line_1_24' title="bbox 957 2369 3132 2462; baseline 0.003 -28"><span class='ocrx_word' id='word_1_196' title='bbox 957 2374 1087 2434; x_wconf 58' lang='lat' dir='ltr'><strong>filia„</strong></span> <span class='ocrx_word' id='word_1_197' title='bbox 1123 2369 1282 2446; x_wconf 75' lang='lat' dir='ltr'><strong>nati,</strong></span> <span class='ocrx_word' id='word_1_198' title='bbox 1335 2380 1518 2454; x_wconf 86' lang='lat' dir='ltr'><strong>patre</strong></span> <span class='ocrx_word' id='word_1_199' title='bbox 1555 2369 1738 2446; x_wconf 87' lang='lat' dir='ltr'><strong>Sole,</strong></span> <span class='ocrx_word' id='word_1_200' title='bbox 1788 2371 1859 2436; x_wconf 88' lang='lat' dir='ltr'><strong>in</strong></span> <span class='ocrx_word' id='word_1_201' title='bbox 1894 2370 2160 2437; x_wconf 89' lang='lat' dir='ltr'><strong>deorum</strong></span> <span class='ocrx_word' id='word_1_202' title='bbox 2203 2395 2469 2438; x_wconf 88' lang='lat' dir='ltr'><strong>numero</strong></span> <span class='ocrx_word' id='word_1_203' title='bbox 2503 2394 2634 2439; x_wconf 88' lang='lat' dir='ltr'><strong>non</strong></span> <span class='ocrx_word' id='word_1_204' title='bbox 2678 2374 3017 2440; x_wconf 89' lang='lat' dir='ltr'><strong>habebun-</strong></span> <span class='ocrx_word' id='word_1_205' title='bbox 3131 2447 3132 2462; x_wconf 12' lang='grc' dir='ltr'>χ</span> 
     </span>
    </p>
   </div>
   <div class='ocr_carea' id='block_1_13' title="bbox 955 2461 3018 2738">
    <p class='ocr_par' dir='ltr' id='par_1_13' title="bbox 955 2461 3018 2738">
     <span class='ocr_line' id='line_1_25' title="bbox 959 2461 3015 2551; baseline 0.005 -25"><span class='ocrx_word' id='word_1_206' title='bbox 959 2466 1099 2526; x_wconf 74' lang='lat' dir='ltr'><strong>tur?</strong></span> <span class='ocrx_word' id='word_1_207' title='bbox 1147 2484 1530 2547; x_wconf 84' lang='lat' dir='ltr'><strong>quamquam</strong></span> <span class='ocrx_word' id='word_1_208' title='bbox 1567 2461 1800 2531; x_wconf 88' lang='lat' dir='ltr'><strong>Circen</strong></span> <span class='ocrx_word' id='word_1_209' title='bbox 1835 2487 2093 2551; x_wconf 88' lang='lat' dir='ltr'><strong>quoque</strong></span> <span class='ocrx_word' id='word_1_210' title='bbox 2130 2467 2337 2532; x_wconf 88' lang='lat' dir='ltr'><strong>coloni</strong></span> <span class='ocrx_word' id='word_1_211' title='bbox 2379 2469 2579 2534; x_wconf 85' lang='lat' dir='ltr'><strong>nostri</strong></span> <span class='ocrx_word' id='word_1_212' title='bbox 2616 2468 3015 2537; x_wconf 86' lang='lat' dir='ltr'><strong>Circeienses</strong></span> 
     </span>
     <span class='ocr_line' id='line_1_26' title="bbox 959 2559 3017 2649; baseline 0.005 -27"><span class='ocrx_word' id='word_1_213' title='bbox 959 2559 1251 2642; x_wconf 69' lang='lat' dir='ltr'><strong>religiose</strong></span> <span class='ocrx_word' id='word_1_214' title='bbox 1295 2559 1531 2623; x_wconf 88' lang='lat' dir='ltr'><strong>colunt.</strong></span> <span class='ocrx_word' id='word_1_215' title='bbox 1620 2581 1776 2646; x_wconf 88' lang='lat' dir='ltr'><strong>ergo</strong></span> <span class='ocrx_word' id='word_1_216' title='bbox 1822 2560 1989 2626; x_wconf 89' lang='lat' dir='ltr'><strong>hanc</strong></span> <span class='ocrx_word' id='word_1_217' title='bbox 2025 2561 2213 2626; x_wconf 89' lang='lat' dir='ltr'><strong>deam</strong></span> <span class='ocrx_word' id='word_1_218' title='bbox 2257 2563 2492 2629; x_wconf 85' lang='lat' dir='ltr'><strong>duces?</strong></span> <span class='ocrx_word' id='word_1_219' title='bbox 2544 2564 2701 2649; x_wconf 88' lang='lat' dir='ltr'><strong>quid</strong></span> <span class='ocrx_word' id='word_1_220' title='bbox 2732 2563 3017 2632; x_wconf 87' lang='lat' dir='ltr'><strong>Medeae</strong></span> 
     </span>
     <span class='ocr_line' id='line_1_27' title="bbox 955 2652 3018 2738; baseline 0.004 -21"><span class='ocrx_word' id='word_1_221' title='bbox 955 2652 1398 2738; x_wconf 64' lang='lat' dir='ltr'><strong>respondebiS,</strong></span> <span class='ocrx_word' id='word_1_222' title='bbox 1451 2673 1619 2736; x_wconf 79' lang='lat' dir='ltr'><strong>quae</strong></span> <span class='ocrx_word' id='word_1_223' title='bbox 1655 2653 1907 2719; x_wconf 85' lang='lat' dir='ltr'><strong>duobus</strong></span> <span class='ocrx_word' id='word_1_224' title='bbox 1943 2655 2079 2720; x_wconf 85' lang='lat' dir='ltr'><strong>avis</strong></span> <span class='ocrx_word' id='word_1_225' title='bbox 2091 2703 2110 2733; x_wconf 93' lang='lat'><strong>,</strong></span> <span class='ocrx_word' id='word_1_226' title='bbox 2172 2654 2323 2722; x_wconf 86' lang='lat' dir='ltr'><strong>Sole</strong></span> <span class='ocrx_word' id='word_1_227' title='bbox 2359 2668 2423 2723; x_wconf 86' lang='lat' dir='ltr'><strong>et</strong></span> <span class='ocrx_word' id='word_1_228' title='bbox 2460 2655 2727 2724; x_wconf 87' lang='lat' dir='ltr'><strong>Oceano</strong></span> <span class='ocrx_word' id='word_1_229' title='bbox 2738 2706 2757 2737; x_wconf 99' lang='lat'><strong>,</strong></span> <span class='ocrx_word' id='word_1_230' title='bbox 2801 2659 3018 2727; x_wconf 82' lang='lat' dir='ltr'><strong>Aeeta</strong></span> 
     </span>
    </p>
   </div>
   <div class='ocr_carea' id='block_1_14' title="bbox 955 2746 3132 2841">
    <p class='ocr_par' dir='ltr' id='par_1_14' title="bbox 955 2746 3132 2841">
     <span class='ocr_line' id='line_1_28' title="bbox 955 2746 3132 2841; baseline 0.006 -31"><span class='ocrx_word' id='word_1_231' title='bbox 955 2765 1163 2834; x_wconf 65' lang='lat' dir='ltr'><strong>patre,</strong></span> <span class='ocrx_word' id='word_1_232' title='bbox 1215 2758 1419 2812; x_wconf 83' lang='lat' dir='ltr'><strong>matre</strong></span> <span class='ocrx_word' id='word_1_233' title='bbox 1461 2747 1676 2832; x_wconf 84' lang='lat' dir='ltr'><strong>Idyia,</strong></span> <span class='ocrx_word' id='word_1_234' title='bbox 1730 2760 2061 2834; x_wconf 89' lang='lat' dir='ltr'><strong>procreata</strong></span> <span class='ocrx_word' id='word_1_235' title='bbox 2105 2751 2242 2816; x_wconf 84' lang='lat' dir='ltr'><strong>est?</strong></span> <span class='ocrx_word' id='word_1_236' title='bbox 2293 2746 2452 2836; x_wconf 71' lang='lat' dir='ltr'><strong>qu‘id</strong></span> <span class='ocrx_word' id='word_1_237' title='bbox 2495 2753 2686 2819; x_wconf 89' lang='lat' dir='ltr'><strong>huius</strong></span> <span class='ocrx_word' id='word_1_238' title='bbox 2720 2755 3016 2841; x_wconf 84' lang='lat' dir='ltr'><strong>Absyrto</strong></span> <span class='ocrx_word' id='word_1_239' title='bbox 3122 2820 3132 2824; x_wconf 83' lang='lat'><strong>-</strong></span> 
     </span>
    </p>
   </div>
   <div class='ocr_carea' id='block_1_15' title="bbox 955 2840 3019 3114">
    <p class='ocr_par' dir='ltr' id='par_1_15' title="bbox 955 2840 3019 3114">
     <span class='ocr_line' id='line_1_29' title="bbox 955 2840 3019 2932; baseline 0.005 -26"><span class='ocrx_word' id='word_1_240' title='bbox 955 2845 1163 2918; x_wconf 59' lang='lat' dir='ltr'><strong>fratri,</strong></span> <span class='ocrx_word' id='word_1_241' title='bbox 1211 2840 1320 2926; x_wconf 91' lang='lat' dir='ltr'><strong>qui</strong></span> <span class='ocrx_word' id='word_1_242' title='bbox 1363 2851 1463 2907; x_wconf 87' lang='lat' dir='ltr'><strong>est</strong></span> <span class='ocrx_word' id='word_1_243' title='bbox 1496 2844 1671 2927; x_wconf 90' lang='lat' dir='ltr'><strong>apud</strong></span> <span class='ocrx_word' id='word_1_244' title='bbox 1704 2843 2063 2910; x_wconf 87' lang='lat' dir='ltr'><strong>Pacuvium</strong></span> <span class='ocrx_word' id='word_1_245' title='bbox 2098 2845 2491 2932; x_wconf 86' lang='lat' dir='ltr'><strong>Aegialeus?</strong></span> <span class='ocrx_word' id='word_1_246' title='bbox 2535 2850 2648 2914; x_wconf 91' lang='lat' dir='ltr'><strong>sed</strong></span> <span class='ocrx_word' id='word_1_247' title='bbox 2691 2850 2851 2915; x_wconf 86' lang='lat' dir='ltr'><strong>illud</strong></span> <span class='ocrx_word' id='word_1_248' title='bbox 2896 2873 3019 2915; x_wconf 91' lang='lat' dir='ltr'><strong>no-</strong></span> 
     </span>
     <span class='ocr_line' id='line_1_30' title="bbox 959 2935 3019 3024; baseline 0.006 -26"><span class='ocrx_word' id='word_1_249' title='bbox 959 2961 1100 2998; x_wconf 75' lang='lat' dir='ltr'><strong>men</strong></span> <span class='ocrx_word' id='word_1_250' title='bbox 1139 2945 1424 2999; x_wconf 64' lang='lat' dir='ltr'><strong>veterum</strong></span> <span class='ocrx_word' id='word_1_251' title='bbox 1456 2935 1682 3002; x_wconf 86' lang='lat' dir='ltr'><strong>litteris</strong></span> <span class='ocrx_word' id='word_1_252' title='bbox 1717 2937 2043 3004; x_wconf 77' lang='lat' dir='ltr'><strong>usitatius:</strong></span> <span class='ocrx_word' id='word_1_253' title='bbox 2080 2939 2194 3024; x_wconf 86' lang='lat' dir='ltr'><strong>qui</strong></span> <span class='ocrx_word' id='word_1_254' title='bbox 2227 2941 2282 3005; x_wconf 89' lang='lat' dir='ltr'><strong>si</strong></span> <span class='ocrx_word' id='word_1_255' title='bbox 2317 2941 2383 3005; x_wconf 90' lang='lat' dir='ltr'><strong>di</strong></span> <span class='ocrx_word' id='word_1_256' title='bbox 2415 2964 2547 3007; x_wconf 88' lang='lat' dir='ltr'><strong>non</strong></span> <span class='ocrx_word' id='word_1_257' title='bbox 2582 2955 2751 3022; x_wconf 89' lang='lat' dir='ltr'><strong>sunt,</strong></span> <span class='ocrx_word' id='word_1_258' title='bbox 2786 2967 3019 3011; x_wconf 85' lang='lat' dir='ltr'><strong>vereor</strong></span> 
     </span>
     <span class='ocr_line' id='line_1_31' title="bbox 959 3029 3018 3114; baseline 0.009 -24"><span class='ocrx_word' id='word_1_259' title='bbox 959 3030 1111 3110; x_wconf 76' lang='lat' dir='ltr'><strong>quid</strong></span> <span class='ocrx_word' id='word_1_260' title='bbox 1155 3039 1305 3114; x_wconf 72' lang='lat' dir='ltr'><strong>agat</strong></span> <span class='ocrx_word' id='word_1_261' title='bbox 1334 3029 1484 3108; x_wconf 90' lang='lat' dir='ltr'><strong>Ino;</strong></span> <span class='ocrx_word' id='word_1_262' title='bbox 1540 3031 1700 3098; x_wconf 88' lang='lat' dir='ltr'><strong>haec</strong></span> <span class='ocrx_word' id='word_1_263' title='bbox 1736 3033 1908 3098; x_wconf 90' lang='lat' dir='ltr'><strong>enim</strong></span> <span class='ocrx_word' id='word_1_264' title='bbox 1943 3034 2157 3100; x_wconf 89' lang='lat' dir='ltr'><strong>omnia</strong></span> <span class='ocrx_word' id='word_1_265' title='bbox 2192 3058 2273 3101; x_wconf 88' lang='lat' dir='ltr'><strong>ex</strong></span> <span class='ocrx_word' id='word_1_266' title='bbox 2317 3038 2544 3102; x_wconf 92' lang='lat' dir='ltr'><strong>eodem</strong></span> <span class='ocrx_word' id='word_1_267' title='bbox 2586 3039 2763 3106; x_wconf 82' lang='lat' dir='ltr'><strong>fonte</strong></span> <span class='ocrx_word' id='word_1_268' title='bbox 2808 3041 3018 3108; x_wconf 86' lang='lat' dir='ltr'><strong>fluxe·</strong></span> 
     </span>
    </p>
   </div>
   <div class='ocr_carea' id='block_1_16' title="bbox 887 3124 3017 3219">
    <p class='ocr_par' dir='ltr' id='par_1_16' title="bbox 887 3124 3017 3219">
     <span class='ocr_line' id='line_1_32' title="bbox 887 3124 3017 3219; baseline 0.008 -34"><span class='ocrx_word' id='word_1_269' title='bbox 887 3163 903 3178; x_wconf 35' lang='lat'><strong>,1</strong></span> <span class='ocrx_word' id='word_1_270' title='bbox 955 3134 1119 3186; x_wconf 74' lang='lat' dir='ltr'><strong>runt.</strong></span> <span class='ocrx_word' id='word_1_271' title='bbox 1211 3145 1294 3187; x_wconf 84' lang='lat' dir='ltr'><strong>an</strong></span> <span class='ocrx_word' id='word_1_272' title='bbox 1336 3124 1772 3210; x_wconf 87' lang='lat' dir='ltr'><strong>Amphiaraus</strong></span> <span class='ocrx_word' id='word_1_273' title='bbox 1829 3128 1949 3193; x_wconf 89' lang='lat' dir='ltr'><strong>erit</strong></span> <span class='ocrx_word' id='word_1_274' title='bbox 2005 3130 2161 3195; x_wconf 85' lang='lat' dir='ltr'><strong>deus</strong></span> <span class='ocrx_word' id='word_1_275' title='bbox 2204 3142 2271 3196; x_wconf 90' lang='lat' dir='ltr'><strong>et</strong></span> <span class='ocrx_word' id='word_1_276' title='bbox 2313 3131 2761 3219; x_wconf 80' lang='lat' dir='ltr'><strong>Trophonius?</strong></span> <span class='ocrx_word' id='word_1_277' title='bbox 2809 3138 3017 3202; x_wconf 88' lang='lat' dir='ltr'><strong>nostri</strong></span> 
     </span>
    </p>
   </div>
   <div class='ocr_carea' id='block_1_17' title="bbox 951 3217 3022 3493">
    <p class='ocr_par' dir='ltr' id='par_1_17' title="bbox 951 3217 3022 3493">
     <span class='ocr_line' id='line_1_33' title="bbox 955 3217 3017 3310; baseline 0.009 -32"><span class='ocrx_word' id='word_1_278' title='bbox 955 3218 1213 3298; x_wconf 70' lang='lat' dir='ltr'><strong>quidem</strong></span> <span class='ocrx_word' id='word_1_279' title='bbox 1265 3217 1615 3303; x_wconf 89' lang='lat' dir='ltr'><strong>publicani,</strong></span> <span class='ocrx_word' id='word_1_280' title='bbox 1670 3243 1819 3286; x_wconf 91' lang='lat' dir='ltr'><strong>cum</strong></span> <span class='ocrx_word' id='word_1_281' title='bbox 1873 3234 2087 3288; x_wconf 90' lang='lat' dir='ltr'><strong>essent</strong></span> <span class='ocrx_word' id='word_1_282' title='bbox 2137 3225 2276 3310; x_wconf 89' lang='lat' dir='ltr'><strong>agri</strong></span> <span class='ocrx_word' id='word_1_283' title='bbox 2316 3226 2384 3291; x_wconf 89' lang='lat' dir='ltr'><strong>in</strong></span> <span class='ocrx_word' id='word_1_284' title='bbox 2427 3227 2701 3293; x_wconf 89' lang='lat' dir='ltr'><strong>Boeotia</strong></span> <span class='ocrx_word' id='word_1_285' title='bbox 2743 3230 3017 3295; x_wconf 91' lang='lat' dir='ltr'><strong>deorum</strong></span> 
     </span>
     <span class='ocr_line' id='line_1_34' title="bbox 951 3311 3019 3406; baseline 0.009 -33"><span class='ocrx_word' id='word_1_286' title='bbox 951 3311 1382 3378; x_wconf 75' lang='lat' dir='ltr'><strong>inmortalium</strong></span> <span class='ocrx_word' id='word_1_287' title='bbox 1425 3315 1676 3400; x_wconf 88' lang='lat' dir='ltr'><strong>excepti</strong></span> <span class='ocrx_word' id='word_1_288' title='bbox 1718 3316 1863 3401; x_wconf 88' lang='lat' dir='ltr'><strong>lege</strong></span> <span class='ocrx_word' id='word_1_289' title='bbox 1915 3318 2230 3397; x_wconf 88' lang='lat' dir='ltr'><strong>censoria,</strong></span> <span class='ocrx_word' id='word_1_290' title='bbox 2283 3322 2610 3406; x_wconf 88' lang='lat' dir='ltr'><strong>negabant</strong></span> <span class='ocrx_word' id='word_1_291' title='bbox 2656 3323 3019 3391; x_wconf 85' lang='lat' dir='ltr'><strong>inmortalis</strong></span> 
     </span>
     <span class='ocr_line' id='line_1_35' title="bbox 951 3406 3022 3493; baseline 0.008 -23"><span class='ocrx_word' id='word_1_292' title='bbox 951 3430 1087 3470; x_wconf 67' lang='lat' dir='ltr'><strong>ess-e</strong></span> <span class='ocrx_word' id='word_1_293' title='bbox 1127 3406 1316 3484; x_wconf 82' lang='lat' dir='ltr'><strong>ullos,</strong></span> <span class='ocrx_word' id='word_1_294' title='bbox 1364 3409 1475 3493; x_wconf 88' lang='lat' dir='ltr'><strong>qui</strong></span> <span class='ocrx_word' id='word_1_295' title='bbox 1522 3409 1865 3493; x_wconf 87' lang='lat' dir='ltr'><strong>aliquando</strong></span> <span class='ocrx_word' id='word_1_296' title='bbox 1910 3411 2198 3479; x_wconf 89' lang='lat' dir='ltr'><strong>homines</strong></span> <span class='ocrx_word' id='word_1_297' title='bbox 2233 3414 2522 3481; x_wconf 87' lang='lat' dir='ltr'><strong>fuissent.</strong></span> <span class='ocrx_word' id='word_1_298' title='bbox 2610 3418 2724 3484; x_wconf 90' lang='lat' dir='ltr'><strong>sed</strong></span> <span class='ocrx_word' id='word_1_299' title='bbox 2768 3420 2823 3484; x_wconf 90' lang='lat' dir='ltr'><strong>si</strong></span> <span class='ocrx_word' id='word_1_300' title='bbox 2861 3432 3022 3485; x_wconf 90' lang='lat' dir='ltr'><strong>sunt</strong></span> 
     </span>
    </p>
   </div>
   <div class='ocr_carea' id='block_1_18' title="bbox 951 3493 3132 3584">
    <p class='ocr_par' dir='ltr' id='par_1_18' title="bbox 951 3493 3132 3584">
     <span class='ocr_line' id='line_1_36' title="bbox 951 3493 3132 3584; baseline 0.008 -22"><span class='ocrx_word' id='word_1_301' title='bbox 951 3502 1015 3562; x_wconf 77' lang='lat' dir='ltr'><strong>hi</strong></span> <span class='ocrx_word' id='word_1_302' title='bbox 1055 3504 1115 3566; x_wconf 85' lang='lat' dir='ltr'><strong>di</strong></span> <span class='ocrx_word' id='word_1_303' title='bbox 1131 3550 1145 3578; x_wconf 75' lang='lat'>‚</span> <span class='ocrx_word' id='word_1_304' title='bbox 1199 3512 1296 3566; x_wconf 82' lang='lat' dir='ltr'><strong>est</strong></span> <span class='ocrx_word' id='word_1_305' title='bbox 1338 3513 1509 3568; x_wconf 85' lang='lat' dir='ltr'><strong>certe</strong></span> <span class='ocrx_word' id='word_1_306' title='bbox 1543 3502 1973 3584; x_wconf 82' lang='lat' dir='ltr'><strong>Erechtheus,</strong></span> <span class='ocrx_word' id='word_1_307' title='bbox 2029 3507 2211 3572; x_wconf 89' lang='lat' dir='ltr'><strong>cuius</strong></span> <span class='ocrx_word' id='word_1_308' title='bbox 2245 3508 2522 3575; x_wconf 90' lang='lat' dir='ltr'><strong>Athenis</strong></span> <span class='ocrx_word' id='word_1_309' title='bbox 2558 3522 2622 3576; x_wconf 90' lang='lat' dir='ltr'><strong>et</strong></span> <span class='ocrx_word' id='word_1_310' title='bbox 2668 3513 3021 3580; x_wconf 89' lang='lat' dir='ltr'><strong>delubrum</strong></span> <span class='ocrx_word' id='word_1_311' title='bbox 3129 3493 3132 3523; x_wconf 25' lang='grc' dir='ltr'><strong>ἑ</strong></span> 
     </span>
    </p>
   </div>
   <div class='ocr_carea' id='block_1_19' title="bbox 951 3598 3027 4164">
    <p class='ocr_par' dir='ltr' id='par_1_19' title="bbox 951 3598 3027 4164">
     <span class='ocr_line' id='line_1_37' title="bbox 951 3598 3022 3691; baseline 0.008 -33"><span class='ocrx_word' id='word_1_312' title='bbox 951 3598 1225 3660; x_wconf 66' lang='lat' dir='ltr'><strong>vidimus</strong></span> <span class='ocrx_word' id='word_1_313' title='bbox 1259 3607 1325 3661; x_wconf 90' lang='lat' dir='ltr'><strong>et</strong></span> <span class='ocrx_word' id='word_1_314' title='bbox 1358 3598 1782 3664; x_wconf 80' lang='lat' dir='ltr'><strong>sacerdotem:</strong></span> <span class='ocrx_word' id='word_1_315' title='bbox 1819 3621 2010 3684; x_wconf 90' lang='lat' dir='ltr'><strong>quem</strong></span> <span class='ocrx_word' id='word_1_316' title='bbox 2046 3602 2102 3666; x_wconf 90' lang='lat' dir='ltr'><strong>si</strong></span> <span class='ocrx_word' id='word_1_317' title='bbox 2137 3602 2330 3667; x_wconf 90' lang='lat' dir='ltr'><strong>deum</strong></span> <span class='ocrx_word' id='word_1_318' title='bbox 2363 3604 2665 3683; x_wconf 86' lang='lat' dir='ltr'><strong>facimus,</strong></span> <span class='ocrx_word' id='word_1_319' title='bbox 2703 3608 2861 3691; x_wconf 92' lang='lat' dir='ltr'><strong>quid</strong></span> <span class='ocrx_word' id='word_1_320' title='bbox 2896 3624 3022 3674; x_wconf 87' lang='lat' dir='ltr'><strong>aut</strong></span> 
     </span>
     <span class='ocr_line' id='line_1_38' title="bbox 951 3686 3026 3788; baseline 0.009 -38"><span class='ocrx_word' id='word_1_321' title='bbox 951 3690 1027 3751; x_wconf 69' lang='lat' dir='ltr'><strong>de</strong></span> <span class='ocrx_word' id='word_1_322' title='bbox 1071 3686 1282 3754; x_wconf 70' lang='lat' dir='ltr'><strong>Codro</strong></span> <span class='ocrx_word' id='word_1_323' title='bbox 1317 3690 1609 3757; x_wconf 90' lang='lat' dir='ltr'><strong>dubitare</strong></span> <span class='ocrx_word' id='word_1_324' title='bbox 1643 3714 1982 3778; x_wconf 88' lang='lat' dir='ltr'><strong>possumus</strong></span> <span class='ocrx_word' id='word_1_325' title='bbox 2018 3708 2129 3760; x_wconf 90' lang='lat' dir='ltr'><strong>aut</strong></span> <span class='ocrx_word' id='word_1_326' title='bbox 2166 3697 2245 3762; x_wconf 92' lang='lat' dir='ltr'><strong>de</strong></span> <span class='ocrx_word' id='word_1_327' title='bbox 2282 3698 2526 3776; x_wconf 84' lang='lat' dir='ltr'><strong>ceteris,</strong></span> <span class='ocrx_word' id='word_1_328' title='bbox 2563 3700 2674 3784; x_wconf 90' lang='lat' dir='ltr'><strong>qui</strong></span> <span class='ocrx_word' id='word_1_329' title='bbox 2708 3724 3026 3788; x_wconf 87' lang='lat' dir='ltr'><strong>pugnan-</strong></span> 
     </span>
     <span class='ocr_line' id='line_1_39' title="bbox 955 3783 3024 3881; baseline 0.009 -36"><span class='ocrx_word' id='word_1_330' title='bbox 955 3797 1043 3846; x_wconf 74' lang='lat' dir='ltr'><strong>tes</strong></span> <span class='ocrx_word' id='word_1_331' title='bbox 1091 3806 1203 3866; x_wconf 70' lang='lat' dir='ltr'><strong>pro</strong></span> <span class='ocrx_word' id='word_1_332' title='bbox 1251 3783 1491 3869; x_wconf 88' lang='lat' dir='ltr'><strong>patriae</strong></span> <span class='ocrx_word' id='word_1_333' title='bbox 1543 3785 1835 3855; x_wconf 87' lang='lat' dir='ltr'><strong>libertate</strong></span> <span class='ocrx_word' id='word_1_334' title='bbox 1888 3788 2294 3855; x_wconf 79' lang='lat' dir='ltr'><strong>ceciderunt?</strong></span> <span class='ocrx_word' id='word_1_335' title='bbox 2344 3793 2516 3875; x_wconf 90' lang='lat' dir='ltr'><strong>quod</strong></span> <span class='ocrx_word' id='word_1_336' title='bbox 2564 3793 2619 3858; x_wconf 87' lang='lat' dir='ltr'><strong>si</strong></span> <span class='ocrx_word' id='word_1_337' title='bbox 2669 3796 3024 3881; x_wconf 86' lang='lat' dir='ltr'><strong>probabile</strong></span> 
     </span>
     <span class='ocr_line' id='line_1_40' title="bbox 952 3877 3027 3970; baseline 0.009 -32"><span class='ocrx_word' id='word_1_338' title='bbox 952 3898 1075 3938; x_wconf 75' lang='lat' dir='ltr'><strong>non</strong></span> <span class='ocrx_word' id='word_1_339' title='bbox 1131 3887 1256 3954; x_wconf 75' lang='lat' dir='ltr'><strong>est,</strong></span> <span class='ocrx_word' id='word_1_340' title='bbox 1306 3899 1389 3942; x_wconf 86' lang='lat' dir='ltr'><strong>ne</strong></span> <span class='ocrx_word' id='word_1_341' title='bbox 1430 3877 1542 3943; x_wconf 90' lang='lat' dir='ltr'><strong>illa</strong></span> <span class='ocrx_word' id='word_1_342' title='bbox 1586 3881 1846 3964; x_wconf 86' lang='lat' dir='ltr'><strong>quidem</strong></span> <span class='ocrx_word' id='word_1_343' title='bbox 1889 3885 2241 3969; x_wconf 89' lang='lat' dir='ltr'><strong>superiora,</strong></span> <span class='ocrx_word' id='word_1_344' title='bbox 2294 3887 2464 3951; x_wconf 84' lang='lat' dir='ltr'><strong>unde</strong></span> <span class='ocrx_word' id='word_1_345' title='bbox 2516 3885 2677 3954; x_wconf 85' lang='lat' dir='ltr'><strong>haec</strong></span> <span class='ocrx_word' id='word_1_346' title='bbox 2720 3909 3027 3970; x_wconf 87' lang='lat' dir='ltr'><strong>manant,</strong></span> 
     </span>
     <span class='ocr_line' id='line_1_41' title="bbox 955 3970 3022 4073; baseline 0.01 -43"><span class='ocrx_word' id='word_1_347' title='bbox 955 3970 1282 4050; x_wconf 73' lang='lat' dir='ltr'><strong>probanda</strong></span> <span class='ocrx_word' id='word_1_348' title='bbox 1324 3984 1493 4037; x_wconf 82' lang='lat' dir='ltr'><strong>sunt.</strong></span> <span class='ocrx_word' id='word_1_349' title='bbox 1589 3986 1783 4058; x_wconf 89' lang='lat' dir='ltr'><strong>atque</strong></span> <span class='ocrx_word' id='word_1_350' title='bbox 1825 3977 1895 4041; x_wconf 91' lang='lat' dir='ltr'><strong>in</strong></span> <span class='ocrx_word' id='word_1_351' title='bbox 1937 3977 2257 4063; x_wconf 85' lang='lat' dir='ltr'><strong>plerisque</strong></span> <span class='ocrx_word' id='word_1_352' title='bbox 2301 3980 2665 4047; x_wconf 86' lang='lat' dir='ltr'><strong>civitatibus</strong></span> <span class='ocrx_word' id='word_1_353' title='bbox 2716 3983 3022 4073; x_wconf 87' lang='lat' dir='ltr'><strong>intellegi</strong></span> 
     </span>
     <span class='ocr_line' id='line_1_42' title="bbox 955 4064 3024 4164; baseline 0.012 -41"><span class='ocrx_word' id='word_1_354' title='bbox 955 4074 1160 4142; x_wconf 64' lang='lat' dir='ltr'><strong>potest</strong></span> <span class='ocrx_word' id='word_1_355' title='bbox 1187 4064 1516 4149; x_wconf 75' lang='lat' dir='ltr'><strong>augendae</strong></span> <span class='ocrx_word' id='word_1_356' title='bbox 1543 4068 1795 4135; x_wconf 83' lang='lat' dir='ltr'><strong>virtutis</strong></span> <span class='ocrx_word' id='word_1_357' title='bbox 1828 4071 2054 4156; x_wconf 86' lang='lat' dir='ltr'><strong>gratia,</strong></span> <span class='ocrx_word' id='word_1_358' title='bbox 2092 4093 2221 4158; x_wconf 87' lang='lat' dir='ltr'><strong>quo</strong></span> <span class='ocrx_word' id='word_1_359' title='bbox 2245 4073 2549 4141; x_wconf 82' lang='lat' dir='ltr'><strong>libentius</strong></span> <span class='ocrx_word' id='word_1_360' title='bbox 2574 4076 2670 4143; x_wconf 89' lang='lat' dir='ltr'><strong>rei</strong></span> <span class='ocrx_word' id='word_1_361' title='bbox 2700 4078 3024 4164; x_wconf 88' lang='lat' dir='ltr'><strong>publicae</strong></span> 
     </span>
    </p>
   </div>
  </div>
 </body>
</html>
