3292 4559
313 4033 319 4070 k

1093 255 1200 313 DE
1237 255 1571 314 OFFIOHS
1605 257 1657 312 l.
1690 255 1932 314 56-62.
2454 239 2542 306 95

471 396 602 450 tur.
691 377 832 448 tum
867 379 1179 446 Οιιιιὶιιει
1187 401 1458 464 quaese,
1468 379 1741 466 ’inquit
1775 377 1961 466 ‘quid
1996 389 2095 446 est
2126 377 2269 456 hoc,
2304 377 2543 464 Pythi?

474 479 817 534 tantumne
860 465 1176 552 piscium?
1246 476 1580 532 tantumne
1625 465 2069 532 cumbarum?
2118 475 2181 530 et
2214 427 2321 530 il'le
2356 464 2545 549 ‘quid

473 561 782 628 mirum?
844 561 1054 646 inquit
1117 560 1271 626 ‘hoc
1327 561 1470 627 loco
1533 573 1634 628 est
1688 560 2028 648 Syracusis
2088 559 2393 644 quicquid
2448 569 2545 624 est
2649 609 2658 614 -

473 657 786 744 piscium,
828 656 934 722 hic
979 655 1269 740 aquati03
1320 655 1448 722 hac
1488 656 1644 722 villa
1676 657 1783 722 isti
1818 677 2035 722 carere
2066 676 2199 720 non
2233 653 2541 740 possunt-3

471 753 780 818 incensus
825 747 1076 819 Canius
1129 749 1480 836 cupiditate
1533 750 1863 817 contendit
1908 773 1947 814 a
1987 748 2227 834 Pythio
2272 758 2345 813 ut
2390 771 2545 814 ven-

475 846 678 913 deret.
767 853 1032 932 gravate
1066 844 1196 910 ille'·
1210 845 1440 930 primo.
1525 845 1685 929 quid
1718 844 1959 910 multa?
1992 844 2310 928 impetrat.
2392 842 2545 908 emit

473 940 674 1007 homo
729 939 1002 1024 cupidus
1055 949 1120 1005 et
1170 935 1456 1022 locuples
1492 938 1685 1015 tanti,
1731 936 1955 1022 quanti
1997 935 2275 1020 Pythius
2321 935 2542 1010 voluit,

475 1045 546 1100 et
579 1033 736 1099 emit
769 1032 1142 1108 instructos3
1193 1033 1453 1107 nomina
1487 1031 1675 1109 facit,
1724 1031 2057 1118 negotium
2093 1028 2368 1095 conficit.
2447 1028 2547 1094 in-

479 1127 644 1192 vitat
678 1123 926 1192 Canius
960 1125 1268 1212 postridie
1303 1125 1636 1192 familiaris
1673 1148 1855 1202 suos,
1892 1125 2067 1192 venit
2100 1125 2238 1211 ipse
2273 1133 2543 1227 mature,

479 1221 798 1286 scalmum
829 1221 1082 1286 nullum
1113 1220 1308 1288 videt.
1382 1220 1634 1305 quaerit
1670 1243 1751 1288 ex
1785 1221 2078 1307 proximo
2118 1219 2353 1296 vicino,
2386 1241 2544 1284 num

479 1314 682 1382 feriae
735 1315 1054 1400 quaedam
1098 1315 1490 1427 piscatorum
1535 1327 1777 1394 essent,
1830 1316 2004 1400 quod
2052 1337 2161 1381 eos
2204 1314 2415 1379 nullos
2450 1312 2546 1377 vi-

481 1409 700 1476 deret?
789 1411 1032 1476 ‘nullae
1045 1458 1065 1488 ,
1131 1410 1306 1495 quod
1369 1411 1622 1488 sciam,'
1686 1411 1897 1496 inquit
1958 1411 2104 1478 ‘sed
2154 1409 2261 1476 hic
2311 1407 2545 1496 piscari

479 1503 644 1568 nulli
695 1503 928 1582 solent3
979 1504 1200 1589 itaque
1242 1503 1382 1571 heri
1425 1505 1708 1571 mirabar
1751 1505 1909 1590 quid
1952 1504 2324 1570 accidisset!
2414 1514 2544 1568 sto-

479 1596 766 1664 machari
819 1595 1062 1664 Canius
1075 1646 1098 1676 ,
1157 1599 1276 1666 sed
1323 1598 1482 1683 quid
1547 1600 1827 1666 faceret?
1896 1599 2183 1666 nondum
2238 1599 2407 1664 enim
2462 1593 2541 1662 C.

479 1692 817 1776 Aquiliae,
863 1691 1112 1779 collega
1157 1705 1222 1760 et
1253 1693 1587 1760 familiaris
1621 1717 1839 1772 meus,
1884 1695 2234 1780 protulerat
2271 1693 2351 1757 de
2396 1690 2543 1756 dolo

481 1786 654 1850 malo
699 1785 1037 1864 formulas3
1089 1787 1160 1852 in
1195 1787 1431 1872 quibus
1463 1788 1651 1874 ipsis,
1696 1811 1846 1854 cum
1882 1811 1964 1854 ex
1998 1810 2075 1854 eo
2112 1796 2543 1873 quaereretur.

482 1878 644 1964 quid
695 1890 864 1944 esset
917 1879 1101 1944 dolus
1153 1882 1388 1958 malus,
1439 1882 1900 1968 respondebat,
1954 1903 2103 1947 cum
2158 1891 2323 1948 esset
2368 1879 2545 1946 aliud

481 1973 883 2051 simulatum,
919 1973 1096 2040 aliud
1131 1986 1376 2041 actum:
1419 1975 1544 2040 hoc
1580 1975 1839 2061 quidem
1878 1998 2033 2042 sane
2066 1975 2389 2040 luculente
2403 2022 2423 2050 ,
2471 1983 2545 2038 ut

483 2068 568 2132 ab
613 2066 872 2134 homine
913 2067 1118 2153 perito
1163 2068 1528 2136 definiendi.
1615 2093 1771 2156 ergo
1816 2082 1879 2136 et
1910 2068 2187 2156 Pythius
2222 2078 2288 2134 et
2321 2090 2543 2135 omnes

483 2158 660 2228 aliud
693 2171 978 2248 agentes,
1015 2162 1190 2229 aliud
1223 2163 1596 2230 simulantes
1622 2163 1869 2250 perfidi,
1904 2162 2179 2250 inprobi,
2212 2161 2542 2228 malitiosi=

2594 395 2646 438 59

2580 1526 2631 1566 6⁰

479 2255 731 2322 nullum
765 2255 962 2342 igitur
995 2279 1218 2324 eorum
1251 2257 1496 2324 factum
1528 2269 1742 2345 potest
1775 2258 1929 2326 utile
1965 2280 2129 2337 esse,
2163 2279 2313 2325 cum
2340 2257 2423 2323 sit
2450 2268 2543 2324 tot
2608 2330 2619 2337 ,

483 2350 652 2415 vitiis
687 2349 1112 2436 inquinatum.

613 2443 814 2528 Quod
865 2445 920 2511 si
955 2446 1310 2532 Aquiliana
1362 2448 1646 2516 definitio
1692 2471 1847 2516 vera
1890 2460 1985 2515 est
1997 2497 2017 2528 ,
2070 2471 2151 2524 ex¹
2194 2447 2371 2514 omni
2412 2447 2545 2513 vita

483 2539 806 2606 simulatio
850 2540 1399 2629 dissimulatioque
1442 2545 1725 2612 tollenda
1766 2554 1883 2611 est.
1969 2546 2063 2610 its
2102 2565 2224 2610 nec
2266 2554 2342 2610 ut
2371 2553 2545 2610 emat

485 2635 714 2700 melius
751 2657 876 2702 nec
910 2648 984 2702 ut
1019 2639 1258 2704 vendat
1293 2639 1642 2724 quicquam
1676 2639 2005 2706 simulabit
2038 2650 2151 2705 aut
2184 2639 2546 2706 dissimula·-

487 2730 580 2794 bit
631 2729 730 2796 vir
781 2730 1010 2797 bonus.
1097 2732 1280 2822 etqui
1327 2734 1448 2800 iste
1499 2735 1687 2800 dolus
1737 2737 1945 2803 malus
1998 2746 2063 2802 et
2110 2734 2365 2820 legibus
2411 2743 2547 2799 erat

487 2824 873 2901 vindicatus,
937 2836 1008 2891 ut
1061 2829 1266 2893 tutela
1317 2827 1661 2894 duodecim
1713 2829 1982 2906 tabulis,
2046 2826 2546 2914 circumscriptio

487 2917 990 2984 adulescentium
1032 2922 1180 3006 lege
1222 2920 1582 3000 Plaetoria,
1639 2931 1705 2989 et
1760 2923 1897 2989 sine
1949 2925 2095 3010 lege
2145 2921 2395 2988 iudiciis
2408 2967 2429 2999 ,
2478 2920 2549 2986 in

488 3010 722 3097 quibus
773 3011 1030 3078 additur
1079 3037 1162 3079 nx
1211 3019 1362 3080 rmn
1408 3039 1598 3084 sons.
1684 3017 2077 3102 reliquorum
2122 3027 2339 3084 autem
2381 3015 2549 3082 iudi-

489 3106 734 3172 ciorum
795 3106 956 3174 haec
1019 3109 1220 3176 verba
1270 3111 1550 3178 maxime
1603 3113 1955 3180 excellunt:
2018 3113 2087 3178 in
2140 3111 2401 3180 arbitrio
2454 3112 2549 3176 rei

485 3200 751 3270 uxoriae
795 3225 1016 3270 mmvs
1060 3214 1356 3284 Anevrvs,
1405 3206 1476 3272 in
1527 3205 1767 3274 fiducia
1806 3231 1889 3274 vvr
1929 3231 2115 3275 mma
2146 3228 2347 3275 sonos
2388 3227 2549 3272 nm

490 3317 694 3360 somn.
783 3296 942 3382 quid
987 3299 1182 3384 ergo?
1243 3311 1356 3366 aut
1385 3301 1456 3366 in
1490 3322 1598 3381 eu,
1643 3325 1813 3376 Qvon
1844 3323 2065 3370 immvs
2098 3323 2389 3380 mavum,
2434 3323 2550 3387 po-

488 3401 616 3455 test
666 3390 798 3456 ulla
848 3413 998 3478 pars
1048 3393 1260 3460 inesse
1309 3394 1598 3462 fraudis?
1668 3408 1811 3475 aut,
1826 3455 1855 3482 ,s
1872 3419 2023 3463 cum
2084 3395 2319 3462 dicitur
2366 3417 2551 3461 mm

489 3506 690 3551 sonos
737 3507 902 3552 Bm
953 3507 1176 3566 Acten,
1235 3489 1584 3573 quicquam
1631 3491 1745 3577 agi
1798 3491 2019 3558 dolose
2070 3499 2185 3556 aut
2232 3488 2549 3556 malitiose

494 3579 739 3665 potest?
825 3578 1011 3646 dolus
1047 3593 1264 3649 autem
1299 3583 1507 3650 malus
1541 3584 1614 3650 in
1647 3584 2074 3662 simulatione,
2110 3595 2184 3650 ut
2216 3583 2309 3650 ait
2340 3583 2551 3668 Aqui·-

495 3673 644 3750 lius,
699 3675 1087 3756 conductui-3
1139 3677 1494 3745 tollendum
1545 3690 1644 3744 est
1696 3679 1893 3766 igitur
1936 3701 2019 3744 ex
2062 3679 2255 3745 rebus
2301 3688 2552 3743 eontra-

495 3767 718 3834 hendis
780 3791 972 3838 omne
1021 3773 1451 3840 mendacium.
1555 3795 1689 3840 non
1740 3773 2187 3840 inlicitatorem
2239 3772 2550 3850 venditor,

493 3881 624 3927 non
667 3865 780 3948 qui
822 3877 1044 3934 contra
1087 3891 1160 3936 se
1191 3869 1462 3936 liceat-ur
1503 3881 1757 3956 emptor
1790 3869 2098 3956 adponet3
2149 3881 2452 3955 uterque,
2496 3868 2552 3933 si

500 3956 580 4022 ad
629 3959 1060 4042 eloquendum
1111 3964 1386 4042 venerit,
1439 3985 1570 4030 non
1615 3965 1761 4051 plus
1808 3985 2005 4049 quam
2050 3965 2251 4031 semel
2294 3964 2552 4048 eloque-

2582 2436 2651 2490 15

2594 2516 2643 2556 61

499 4064 617 4120 tur.
689 4053 972 4139 Quintus
1007 4059 1268 4146 quidem
1297 4059 1632 4140 Scaevola,
1668 4059 1892 4128 Publii
1922 4060 2114 4140 filius,
2150 4082 2299 4130 cum
2327 4069 2549 4148 postu·
2584 4076 2637 4118 62
