3292 4559
635 1729 668 1782 1

637 1803 662 1840 1

698 235 838 348 -124
1316 289 1410 344 M..
1430 287 1705 346 Tuam
1738 285 2135 345 cmmoms

707 411 993 468 divinandi
1025 427 1236 484 genera
1268 425 1402 466 vera
1435 426 1558 465 esse
1593 407 1893 464 statuentis
1928 407 2079 480 (cap.
2114 407 2223 479 32).
2311 406 2533 464 Deinde
2566 409 2757 480 perlu-

705 493 952 544 strantur
969 486 1327 544 divinationis
1346 483 1655 542 artificialis
1674 503 1901 558 genera,
1940 485 2015 540 ad
2034 499 2178 555 quae
2195 485 2537 555 haruspices,
2576 503 2756 558 augu-

704 583 820 635 res,
858 565 1200 621 coniectores
1205 563 1561 652 pertineant.
1631 561 1951 616 Eorundem
1980 562 2096 617 alia
2129 578 2251 617 esse
2285 562 2346 615 in
2372 561 2671 632 disciplina
2696 571 2759 618 et

705 641 1072 698 monumentis
1097 645 1301 710 posita,
1338 639 1454 694 alia
1479 639 1540 693 in
1557 639 1747 694 subita
1764 639 2085 694 coniectura
2100 637 2251 710 (cap.
2268 638 2339 694 33
2354 637 2533 711 —3⁷).
2605 638 2758 694 Tum

707 718 948 790 exponit,
987 717 1186 788 quibus
1205 715 1380 772 Stoici
1405 715 1715 771 rationibus
1743 713 2193 770 confirmaverint
2218 731 2341 770 esse
2368 732 2431 771 re
2455 731 2590 771 vera
2616 715 2755 769 divi-

703 795 989 850 nationem
1014 793 1164 864 (cap.
1182 793 1252 848 38
1269 791 1396 864 sq.).
1469 792 1610 861 Iam,
1650 791 1745 864 qui
1772 790 2168 846 divinationem
2186 807 2309 848 esse
2334 797 2560 864 negent,
2600 792 2756 862 quod

703 873 864 927 nulla
879 871 952 943 sit
969 871 1087 924 eius
1104 869 1250 925 ratio
1269 874 1328 924 et
1344 885 1532 938 causa,
1563 883 1659 926 eos
1677 885 1889 937 errare3
1916 883 2050 922 nam
2068 868 2447 938 quaerendum
2466 885 2589 922 esse
2608 869 2755 924 sitne

705 947 973 1002 divinatio
998 963 1194 1015 necne,
1231 961 1346 1001 non
1364 960 1473 1016 quo
1499 946 1667 1000 modo
1683 943 1805 1002 fiat.
1873 945 2071 1014 Neque
2095 960 2230 1000 vero
2257 949 2356 1000 aut
2380 944 2441 999 in
2464 945 2581 1000 vita
2606 960 2753 999 com-

703 1025 858 1078 muni
893 1027 993 1078 aut
1016 1039 1052 1077 a
1075 1020 1421 1094 philosophis
1457 1022 1702 1076 dubitari
1738 1021 1873 1092 quin
1906 1037 2035 1076 vere
2070 1022 2147 1074 sit
2170 1021 2435 1076 divinatio
2464 1021 2613 1092 (cap.
2640 1022 2755 1093 40).

703 1100 878 1156 Recte
906 1099 1076 1158 etiam
1103 1099 1312 1156 moveri
1339 1099 1554 1156 animos
1578 1099 1863 1154 hominum
1888 1097 2222 1168 antiquitate
2250 1096 2569 1152 clarissimis
2597 1098 2753 1153 testi-

705 1176 905 1231 moniis
927 1180 1139 1232 testata
1165 1182 1224 1232 et
1249 1176 1580 1248 consignata
1596 1176 1745 1248 (cap.
1763 1173 1875 1246 41),
1912 1179 1971 1230 et
1994 1175 2055 1229 in
2081 1173 2295 1244 optima
2322 1190 2543 1245 quaque
2560 1191 2622 1230 re
2648 1192 2753 1244 pu-

705 1253 856 1308 blica
880 1269 1006 1306 cum
1033 1257 1222 1308 cetera
1249 1251 1536 1306 divinandi
1569 1269 1781 1324 genera
1811 1257 1933 1306 tum
1969 1251 2221 1322 auspicia
2256 1267 2477 1322 semper
2508 1251 2753 1306 valuisse

704 1329 852 1400 (cap.
869 1329 1134 1400 42—48).
1206 1328 1439 1384 Omnem
1465 1344 1595 1383 vero
1615 1327 1970 1383 divinationis
1986 1328 2099 1382 vim
2114 1333 2175 1384 et
2206 1327 2481 1400 originem
2504 1327 2753 1383 referen-

704 1407 834 1460 dam
853 1421 974 1460 esse
994 1405 1068 1458 ad
1086 1406 1251 1461 deum
1267 1407 1414 1478 (cap.
1433 1404 1699 1477 49-55)‚
1730 1404 1805 1461 ad
1820 1404 2001 1460 fatum
2018 1404 2295 1478 (cap.·56)‚
2326 1411 2385 1460 et
2400 1405 2475 1460 ad
2492 1409 2753 1460 naturam

702 1481 852 1552 (cap.
869 1483 957 1537 57.
975 1483 1084 1547 58).

830 1724 1036 1791 Vetus
1083 1723 1297 1808 opinio
1341 1732 1439 1788 est
1481 1722 1612 1787 iam
1656 1743 1861 1808 usque
1904 1723 1988 1788 ab
2039 1722 2307 1788 heroicis
2354 1723 2547 1789 ducta
2590 1734 2753 1790 tem·

702 1817 962 1904 poribus
973 1860 992 1892 ,
1045 1837 1248 1900 eaque
1301 1827 1366 1882 et
1417 1817 1637 1901 populi
1682 1815 1955 1881 Romani
2011 1826 2075 1882 et
2127 1817 2412 1880 omnium
2462 1817 2753 1904 gentium

701 1911 951 1992 firmata
987 1931 1320 1987 consensu,
1357 1909 1595 1974 versari
1630 1910 1953 1994 quandam
1986 1909 2152 1975 inter
2185 1909 2473 1991 homines
2504 1909 2753 1976 divina-

702 2005 958 2082 tionem,
995 2025 1188 2088 quam
1225 2001 1462 2070 Graeci
1493 2004 1805 2090 μαντικήν
1841 2005 2179 2090 appellant,
2215 2004 2284 2068 id
2320 2014 2417 2070 est
2448 2026 2751 2090 praesen·
2778 2072 2785 2076 ,

703 2099 945 2166 sionem
989 2108 1054 2162 et
1095 2097 1422 2163 scientiam
1463 2119 1677 2162 rerum
1721 2097 2112 2162 futurarum:
2166 2097 2508 2183 magnifica
2554 2118 2753 2182 quae-

703 2193 851 2256 dam
885 2214 986 2256 res
1023 2201 1088 2255 et
1121 2191 1445 2265 salutaris,
1493 2189 1547 2254 si
1582 2191 1775 2255 modo
1810 2202 1909 2256 est
1952 2191 2111 2268 ulla,
2166 2211 2418 2275 quaque
2460 2190 2753 2276 proxime

703 2286 786 2350 ad
831 2285 1094 2348 deorum
1135 2283 1268 2346 vim
1310 2293 1541 2347 natura
1581 2284 1867 2348 mortalis
1908 2285 2111 2370 possit
2154 2285 2483 2362 accedere3
2533 2284 2755 2368 itaque

703 2389 774 2442 ut
811 2378 934 2441 alia
967 2397 1082 2440 nos
1116 2375 1342 2440 melius
1377 2377 1580 2440 multa
1613 2397 1805 2460 quam
1828 2376 2083 2453 Graeci,
2118 2377 2211 2443 sic
2244 2377 2392 2444 huic
2424 2388 2757 2464 praestan-

703 2469 980 2533 tissimae
1015 2467 1109 2532 rei
1142 2488 1376 2532 nomen
1409 2467 1609 2532 nostri
1640 2490 1684 2532 a
1719 2468 1901 2547 divis,
1940 2467 2195 2548 Graeci,
2230 2482 2304 2536 ut
2334 2471 2523 2536 Plato
2556 2470 2755 2537 inter-

703 2571 1016 2649 pretatur,
1070 2583 1110 2624 a
1161 2559 1372 2626 furore
1426 2560 1765 2626 duxerunt.
1880 2574 2139 2648 gentem
2190 2564 2449 2649 quidem
2508 2565 2755 2630 nullam

701 2655 887 2720 video
921 2674 1132 2738 neque
1166 2664 1298 2718 tam
1333 2653 1679 2718 humanam
1715 2666 1905 2740 atque
1937 2656 2207 2734 doctam,
2241 2677 2451 2741 neque
2487 2669 2617 2722 tam
2651 2658 2756 2722 in-

703 2771 955 2814 manem
991 2759 1248 2834 tamque
1283 2748 1648 2825 barbaram,
1696 2770 1861 2833 quae
1896 2771 2027 2814 non
2061 2751 2402 2835 significari
2435 2751 2651 2817 futura
2686 2764 2757 2818 et

705 2869 744 2909 a
779 2841 1160 2928 quibusdam
1206 2841 1490 2927 intellegi
1533 2843 1942 2928 praedicique
1984 2865 2178 2929 posse
2217 2857 2490 2911 censeat.
2576 2845 2757 2931 prin-

705 2938 869 3022 cipio
886 2935 1160 3020 Assyrii,
1196 2945 1269 2998 ut
1287 2936 1370 2999 ab
1397 2936 1657 3001 ultumis
1686 2936 2123 3002 auctoritatem
2147 2949 2454 3024 repetam,
2490 2949 2757 3025 propter

702 3030 1032 3116 planitiam
1071 3029 1703 3115 magnitudinemque
1747 3031 2111 3116 regionum,
2164 3053 2323 3116 quas
2366 3033 2755 3112 incolebant,

705 3147 851 3190 cum
886 3123 1133 3188 caelum
1168 3145 1250 3188 ex
1285 3125 1458 3188 omni
1502 3135 1683 3210 parte
1718 3137 1943 3210 patens
1978 3135 2171 3209 atque
2206 3137 2499 3212 apertum
2542 3128 2757 3192 intue-

703 3229 948 3303 rentur,
975 3217 1396 3302 „traiectiones
1441 3228 1779 3304 motusque
1824 3219 2148 3284 stellarum
2182 3221 2753 3298 observitaverunt,

705 3312 936 3398 quibus
969 3310 1220 3388 notatis,
1258 3310 1413 3395 quid
1441 3312 1673 3394 cuique
1709 3312 2189 3398 significaretur,
2223 3315 2567 3380 memoriae
2600 3337 2757 3401 pro-

705 3405 1030 3470 diderunt:
1082 3425 1212 3488 qua
1243 3404 1312 3468 in
1345 3404 1600 3468 natione
1637 3401 1975 3484 Chaldaei,
2020 3427 2149 3471 non
2184 3429 2265 3472 ex
2300 3407 2481 3484 artis,
2518 3409 2632 3474 sed
2668 3431 2753 3477 ex

705 3501 910 3585 gentis
943 3499 1255 3564 vocabulo
1289 3496 1624 3574 nominati,
1662 3499 1960 3564 diuturna
1994 3500 2434 3567 observatione
2470 3502 2753 3570 siderum

707 3593 1034 3658 scientiam
1067 3602 1372 3676 putantur
1407 3591 1715 3669 effecisse,
1751 3603 1823 3657 ut
1856 3595 2138 3679 praedici
2170 3606 2388 3682 posset
2421 3597 2575 3681 quid
2615 3597 2757 3661 cui-

708 3707 832 3768 que
867 3694 1243 3752 eventurum
1279 3695 1343 3749 et
1377 3706 1505 3769 quo
1540 3686 1810 3771 quisque
1844 3687 1979 3753 fato
2014 3698 2203 3754 natus
2238 3700 2424 3754 esset.
2479 3690 2753 3755 eandem

707 3790 908 3844 artem
944 3776 1134 3842 etiam
1153 3777 1464 3864 Aegyptii
1496 3779 1963 3868 longinquitate
1996 3791 2352 3867 temporum
2388 3783 2757 3848 innumera-

705 3871 938 3935 bilibus
971 3891 1174 3954 paene
1203 3873 1470 3938 saeculis
1497 3875 1821 3941 consecuti
1853 3885 2183 3961 putantum
2224 3873 2499 3942 Cilicum
2534 3886 2753 3941 autem

707 3973 770 4028 et
819 3962 1185 4028 Pisidarum
1237 3987 1397 4051 gens
1453 3977 1518 4032 et
1567 3967 1667 4032 his
1718 3968 2007 4033 finituma
2049 3968 2459 4054 Pamphylia,
2514 3970 2749 4054 quibus

705 4057 1064 4125 nationibus
1098 4060 1492 4146 praefuimus
1527 4060 1669 4151 ipsi,
1705 4062 2021 4126 volatibus
2058 4063 2273 4128 avium
2308 4063 2747 4148 cantibusque,
