3292 4559
968 307 1073 362 DE
1107 304 1631 364 DIVINATmNE
1667 302 1746 360 ιι.
1781 305 2092 362 118—123.
2430 286 2563 356 5207

503 433 779 510 insanis,
831 430 987 515 quid
1032 430 1225 496 ebriis
1269 450 1469 514 quam
1510 430 1717 494 multa
1755 427 1922 494 falsa
1963 427 2339 494 videantur?
2392 430 2566 514 quod

504 532 561 597 si
596 531 735 596 eius
769 527 943 592 modi
978 525 1131 591 visis
1167 526 1558 591 credendum
1584 546 1718 590 non
1751 534 1869 601 est,
1905 545 2022 590 cur
2055 523 2316 588 somniis
2343 524 2568 589 creda-

504 641 611 690 tur
642 623 886 690 neseio:
921 643 1075 686 nam
1108 632 1245 685 tam
1276 621 1427 686 licet
1455 621 1533 686 de
1561 619 1662 684 his
1691 618 2032 696 erroribus,
2070 618 2124 684 si
2152 617 2334 696 velis,
2370 637 2567 704 quam

504 720 587 786 de
622 717 885 784 somniis
921 716 1276 800 disputare,
1322 726 1397 779 ut
1432 737 1540 792 ea,
1574 735 1742 800 quae
1778 725 1978 791 stant,
2021 714 2267 780 moveri
2300 717 2356 778 si
2389 713 2568 778 vide-

502 825 724 891 antur,
786 824 997 876 terrae
1047 821 1295 874 motum
1350 808 1714 896 significare
1767 808 1944 874 dicas
1997 819 2112 872 aut
2169 810 2568 894 repentinam

504 910 791 994 aliquam
825 907 1074 992 fugam,
1110 903 1369 990 gemino
1404 915 1619 970 autem
1655 905 1956 969 lucernae
1991 903 2232 968 lumine
2261 903 2569 968 declarari

504 1003 971 1070 dissensionem
1000 1022 1077 1065 ac
1114 999 1491 1064 seditionem
1521 995 1850 1085 [mov-eri}
1917 999 2050 1062 iam
2085 1019 2166 1062 ex
2199 999 2568 1064 insanorum

507 1108 621 1164 aut
649 1096 970 1162 ebriorum
994 1092 1151 1158 visis
1177 1093 1670 1160 innumerabilia
1697 1092 2060 1157 coniectura
2084 1091 2250 1156 trahi
2278 1102 2566 1200 possunt,

500 1213 678 1276 quae
722 1189 942 1254 futura
993 1187 1351 1254 videantur.
1386 1203 1427 1241 ὓ
1443 1202 1481 1240 ⁴⁶·
1500 1202 1538 1240 ὓ
1625 1187 1768 1270 quis
1815 1197 1913 1251 est
1956 1187 2157 1262 enim,
2209 1185 2322 1270 qui
2365 1196 2571 1250 totum

508 1287 683 1352 diem
722 1285 1015 1350 iaculans
1046 1305 1178 1349 non
1214 1282 1557 1366 aliquando
1596 1281 1932 1348 conliniet?
1967 1293 2061 1348 tot
2095 1282 2300 1347 noetis
2337 1282 2572 1346 dormi-

514 1403 692 1458 mus,
736 1401 947 1464 neque
980 1379 1115 1444 ulla
1151 1388 1249 1444 est
1283 1377 1446 1454 fere,
1494 1400 1623 1462 qua
1659 1398 1790 1442 non
1824 1378 2244 1455 somniemus;
2282 1388 2348 1444 et
2379 1376 2572 1442 mira-

510 1497 655 1540 mur
688 1473 1032 1558 aliquando
1066 1473 1165 1550 id,
1202 1472 1379 1558 quod
1412 1472 1888 1549 somniarimus,
1926 1473 2238 1540 evadere?
2281 1473 2440 1558 quid
2476 1483 2573 1538 est

510 1581 647 1634 tam
694 1569 1013 1636 incertum
1064 1590 1259 1653 quam
1314 1569 1595 1634 talorum
1641 1567 1890 1633 iactus?
1943 1579 2160 1634 tamen
2209 1590 2401 1634 nemo
2451 1583 2571 1645 est,

508 1664 669 1749 quin
704 1686 895 1748 saepe
929 1665 1173 1730 iactans
1208 1663 1563 1729 Venerium
1595 1663 1790 1727 iaciat
1821 1661 2186 1746 aliquandO,
2221 1683 2354 1726 non
2386 1683 2574 1726 num—

508 1780 708 1841 quam
751 1758 946 1822 etiam
987 1757 1221 1831 iterum
1271 1779 1349 1820 ac
1392 1757 1672 1822 tertium.
1759 1778 1918 1820 num
1960 1757 2184 1840 igitur,
2236 1766 2310 1820 ut
2351 1755 2572 1842 inepti,

513 1851 789 1918 Veneris
848 1849 915 1914 id
976 1849 1239 1934 inpulsu
1298 1850 1438 1914 fieri
1484 1851 1810 1914 malumus
1869 1870 2066 1931 quam
2119 1871 2274 1914 casu
2325 1849 2574 1916 dicere?

508 1944 693 2028 quod
744 1943 801 2008 si
852 1943 1077 2008 ceteris
1131 1942 1530 2027 temporibus
1576 1941 1756 2006 falsis
1803 1942 1958 2006 visis
2003 1943 2392 2008 eredendum
2443 1961 2574 2007 non

510 2049 633 2117 est,
669 2060 799 2103 non
835 2037 1023 2103 video
1058 2035 1217 2122 quid
1251 2036 1583 2124 praecipui
1618 2058 1884 2102 somnus
1917 2036 2170 2115 habeat,
2204 2037 2275 2102 in
2299 2059 2428 2122 quo
2462 2060 2576 2102 va-

514 2135 689 2200 leant
722 2132 889 2198 falsa
920 2155 1039 2218 pro
1073 2132 1259 2198 veris.
1350 2133 1529 2215 quod
1564 2132 1621 2198 si
1664 2133 1757 2197 ita
1789 2143 2022 2197 natura
2053 2143 2352 2218 paratum
2387 2144 2572 2210 esset,

518 2239 595 2294 ut
644 2251 723 2294 ea
775 2228 1163 2294 dormientes
1208 2238 1505 2314 agerent,
1556 2249 1726 2312 quae
1779 2227 2193 2304 somniarent,
2246 2226 2575 2314 adligandi

512 2347 739 2390 omnes
792 2336 1031 2402 essent,
1084 2323 1197 2408 qui
1250 2323 1538 2388 cubitum
1590 2325 1786 2401 irent3
1839 2323 2112 2390 maiores
2157 2323 2325 2388 enim
2379 2343 2575 2407 quam

513 2421 630 2488 ulli
662 2420 871 2486 insani
906 2419 1234 2486 efficerent
1266 2429 1480 2484 motus
1518 2419 1929 2486 somniantes.
2021 2419 2196 2502 quod
2229 2418 2284 2483 si
2317 2418 2575 2484 insano-

514 2538 661 2582 rum
703 2514 857 2580 visis
909 2515 1067 2580 fides
1115 2535 1251 2579 non
1296 2523 1395 2580 est
1437 2513 1765 2592 habenda,
1821 2514 1976 2598 quia
2019 2513 2184 2579 falsa
2227 2525 2405 2592 sunt,
2461 2535 2576 2579 cur

514 2609 815 2676 credatur
848 2610 1303 2675 somniantium
1338 2608 1521 2686 visis,
1568 2631 1738 2694 quae
1771 2611 1976 2675 multo
2012 2609 2206 2676 etiam
2239 2609 2575 2695 perturba-

514 2703 677 2769 tiora
709 2715 892 2782 sunt,
938 2727 1069 2769 non
1110 2704 1433 2790 intellego·
1524 2727 1609 2768 an
1644 2705 1820 2787 quod
1855 2703 2062 2769 insani
2097 2727 2216 2770 sua
2249 2704 2388 2768 visa
2423 2725 2575 2768 con-

513 2798 739 2864 iectori
782 2820 915 2862 non
958 2810 1253 2875 narrant,
1304 2811 1569 2863 narrant
1614 2799 1726 2883 qui
1770 2799 2283 2864 somniaverunt?
2335 2819 2574 2884 quaero

517 2892 742 2966 etiam,
796 2891 851 2954 si
894 2891 1086 2955 velim
1130 2891 1410 2956 scribere
1446 2892 1604 2975 quid
1651 2901 1762 2955 aut
1801 2893 2018 2978 legere
2053 2905 2165 2959 aut
2209 2915 2436 2958 canere
2470 2893 2575 2958 vel

518 3005 679 3049 voce
714 2983 819 3048 vel
863 2983 1129 3060 fidibus,
1184 2995 1298 3048 aut
1338 2985 1802 3070 geometricum
1849 2987 2157 3070 quiddam
2203 2983 2314 3053 aut
2357 2987 2578 3074 physi-

516 3099 672 3144 cum
698 3087 811 3142 aut
836 3076 1239 3142 dialecticum
1266 3079 1608 3163 explicare,
1646 3081 2045 3148 somniumne
2073 3084 2578 3169 exspectandum

519 3172 604 3238 sit
650 3195 736 3238 an
782 3193 884 3236 ars
932 3172 1325 3249 adhibenda,
1381 3174 1519 3240 sine
1559 3196 1694 3258 qua
1735 3176 1892 3242 nihil
1935 3200 2154 3243 earum
2197 3201 2413 3245 rerum
2457 3200 2580 3244 nec

518 3267 659 3332 fieri
708 3287 830 3332 neo
884 3265 1171 3352 expediri
1214 3269 1463 3353 potest?
1513 3270 1694 3354 atqui
1734 3293 1818 3338 ne
1861 3272 1916 3336 si
1967 3272 2272 3358 navigare
2319 3272 2579 3355 quidem

518 3360 743 3438 velim,
794 3361 887 3426 ita
945 3362 1299 3448 gubernem
1312 3411 1331 3440 ,
1395 3375 1470 3428 ut
1521 3364 1999 3445 somniaverim3
2053 3387 2356 3452 praesens
2408 3365 2580 3431 enim

518 3477 731 3542 poena
764 3455 866 3520 sit.
955 3457 1069 3541 qui
1099 3457 1297 3543 igitur
1330 3459 1628 3525 convenit
1671 3481 1898 3546 aegros
1934 3483 1975 3524 a
2008 3460 2364 3525 coniectore
2409 3479 2578 3523 som-

516 3550 771 3618 niorum
824 3551 1035 3636 potius
1088 3573 1283 3636 quam
1336 3575 1379 3618 a
1427 3553 1678 3620 medico
1730 3564 1950 3641 petere
2003 3552 2424 3618 medicinam?
2493 3575 2580 3617 an

518 3645 980 3732 Aesculapius,
1033 3669 1119 3712 an
1172 3645 1435 3734 Serapis
1485 3658 1697 3735 potest
1743 3647 1930 3713 nobis
1981 3644 2413 3733 praescribere
2463 3667 2581 3732 per

519 3740 840 3806 somnium
886 3741 1282 3807 curationem
1328 3742 1742 3820 valetudinis,
1778 3743 2120 3829 Neptunus
2163 3740 2580 3826 gubernanti-

523 3833 645 3900 bus
678 3857 809 3901 non
835 3836 1085 3920 potest?
1119 3848 1185 3903 et
1210 3836 1347 3902 sine
1374 3837 1625 3903 medico
1653 3837 2035 3902 medicinam
2063 3835 2241 3900 dabit
2257 3835 2577 3911 Minerva,

520 3927 758 3994 Musae
808 3930 1160 4009 scribendi,
1212 3931 1501 4017 legendi,
1556 3943 1912 3998 ceterarum
1965 3931 2197 3996 artium
2247 3929 2578 3996 scientiam

522 4022 990 4090 somniantibus
1030 4047 1163 4090 non
1208 4026 1492 4091 dabunt?
1545 4037 1611 4092 at
1655 4027 1712 4092 si
1747 4025 1990 4092 curatio
2035 4025 2292 4092 daretur
2332 4025 2580 4090 valetu-

521 4116 723 4196 dinis,
766 4117 925 4186 haec
958 4141 1237 4206 quoque,
1272 4143 1439 4205 quae
1477 4121 1639 4199 dixi,
1687 4121 1990 4188 darentur
2000 4145 2017 4199 ;
2071 4142 2238 4207 quae
2273 4119 2580 4206 quoniam

2603 995 2671 1050 59

2597 1069 2671 1108 121

2603 2161 2677 2200 122

2606 3479 2681 3519 123
