3292 4559
1074 239 1181 300 DE
1219 238 1555 299 OFFICIIS·
1584 241 1695 300 111
1731 243 1972 302 36—40.
2133 259 2138 264 ’
2463 230 2548 298 89

450 391 728 456 ¹eoi-pus
771 366 1048 435 hominis
1090 367 1325 430 mortui
1359 364 1521 432 vidit
1552 367 1995 452 magnitudine
2031 366 2368 434 invisitata
2391 378 2549 435 anu-

474 467 753 548 lumque
798 481 1063 527 aureum
1106 460 1176 524 in
1199 459 1446 571 digito,
1480 476 1677 544 quem
1711 473 1786 541 ut
1819 462 2123 538 detraxit,
2168 460 2308 548 ipse
2339 439 2549 528 induit

476 595 571 606 ——-
620 565 761 622 erat
813 565 1030 621 autem
1078 555 1299 642 regius
1350 567 1694 641 pastor-
1703 567 1914 632 ,tum
1961 557 2060 622 ιιι.
2085 555 2444 623 concilium
2463 579 2568 623 se—

478 647 825 740 pasturum
854 650 1116 736 reeepit.
1206 649 1297 714 ibi
1333 671 1480 715 eum
1514 651 1732 736 palam
1767 650 1904 716 eius
1938 652 2116 716 anuli
2149 651 2234 716 ad
2267 652 2550 760 palmam

480 755 926 822 converterat,
967 763 1007 808 a
1051 743 1226 808 nullo
1274 743 1642 822 videbatur,
1689 745 1828 830 ipse
1873 756 2090 810 autem
2125 747 2339 810 omnia
2374 746 2551 812 vide·

480 841 629 917 bat3
680 839 861 905 idem
903 859 1123 904 rursus
1168 835 1535 916 videbatur,
1582 861 1732 903 eum
1775 838 1843 902 in
1885 839 2104 904 losum
2144 839 2471 904 anulum
2453 861 2550 904 ιιι-
2631 871 2634 877 ·

482 946 785 1014 veaemt.
882 934 1101 1017 itaque
1151 933 1273 998 hae
1326 933 1800 1020 opportunitate
1853 934 2031 998 anuli
2081 955 2236 998 usus
2290 931 2550 1018 reginae

480 1043 785 1118 stuprum
826 1027 1043 1095 intulit
1085 1048 1291 1112 eaque
1334 1027 1643 1093 adiutrice
1688 1049 1910 1114 regem
1955 1027 2284 1094 dominum
2319 1029 2552 1092 intere-

483 1126 638 1203 mit,
681 1119 939 1188 sustulit
980 1143 1145 1206 quos
1190 1119 1443 1214 obstare
1492 1121 1954 1201 arbitrabatur,
1999 1143 2125 1188 neo
2164 1123 2236 1186 in
2265 1122 2366 1187 his
2387 1144 2552 1188 eum
2647 1125 2653 1133 “
2714 1216 2720 1236 Ι

482 1219 880 1286 faemoribas
934 1217 1275 1302 quisquam
1326 1219 1541 1304 potuit
1590 1218 1840 1286 videret
1909 1219 2002 1286 sie
2063 1227 2324 1304 repente
2375 1217 2553 1282 anuli

484 1313 801 1380 benefioio
853 1333 967 1378 rex
1020 1322 1279 1377 exortus
1334 1322 1430 1378 est
1483 1313 1756 1397 Lydiae.
1855 1313 2028 1379 huno
2089 1313 2290 1400 igitur
2337 1312 2552 1398 ipsum

469 1409 755 1474 anulum
806 1407 861 1471 si
912 1405 1143 1472 habeat
1186 1405 1475 1491 sapiens,
1530 1407 1728 1472 nihilo
1771 1407 1920 1493 plus
1967 1407 2092 1473 sibi
2132 1407 2324 1472 licere
2369 1417 2551 1492 putet
2625 1412 2630 1426 ¹

482 1503 811 1590 [pe-mare,
838 1523 1032 1586 quam
1061 1502 1117 1566 si
1142 1522 1273 1566 non
1300 1499 1627 1588 haberet];
1666 1502 1935 1570 honesta
1963 1503 2134 1568 enim
2161 1502 2348 1568 bonis
2373 1501 2547 1578 viris,
2568 1546 2572 1559 .

481 1621 618 1666 non
635 1597 888 1662 occulta
904 1606 1317 1680 quaeruntur.
1374 1607 1569 1680 atque
1588 1597 1713 1663 hoe
1727 1598 1869 1662 loeo
1886 1597 2247 1708 philosophi
2265 1597 2547 1680 quidam,

482 1693 749 1758 minime
784 1692 935 1759 mali
978 1690 1071 1756 illi
1116 1691 1405 1775 quidem,
1454 1692 1569 1756 sed
1610 1713 1744 1758 non
1785 1693 1942 1758 satts
1991 1692 2192 1768 acuti,
2237 1691 2454 1755 fletam
2487 1702 2552 1755 et

480 1786 1000 1853 commenticiam
1033 1785 1323 1850 fabulam
1356 1784 1674 1872 prolatam
1708 1787 1932 1851 dieunt
1963 1809 2004 1850 a
2028 1783 2324 1862 Platone,
2365 1785 2551 1867 quasi

484 1902 640 1948 vero
696 1877 806 1946 ille
858 1890 971 1944 aut
1020 1879 1263 1947 factum
1318 1875 1387 1944 id
1442 1901 1585 1946 esse
1638 1891 1764 1945 aut
1805 1878 1946 1946 fieri
1994 1879 2276 1965 potuisse
2329 1877 2552 1942 defen-

483 1977 617 2041 dat.
706 1974 865 2040 haee
900 1985 997 2038 est
1030 1973 1129 2038 vis
1166 1973 1359 2038 huius
1396 1974 1575 2040 anuli
1604 1987 1670 2040 et
1702 1975 1895 2039 huius
1926 1973 2236 2058 exempli:
2273 1973 2326 2037 si
2361 1993 2550 2036 nemo

478 2071 793 2146 sciturus,
838 2087 1029 2134 nemo
1074 2086 1155 2132 ne
1186 2068 1636 2154 suspicaturus
1671 2063 1932 2153 quidem
1967 2068 2080 2144 sit,
2127 2089 2276 2132 eum
2309 2065 2552 2149 aliquid

480 2163 885 2239 divitiarum,
921 2161 1275 2246 potentiae,
1314 2161 1799 2240 dominationis,
1833 2161 2114 2228 libidinis
2151 2183 2346 2226 cau-sa
2381 2159 2551 2224 feee-

480 2259 605 2335 ris,
658 2257 718 2322 si
766 2255 837 2320 id
886 2251 985 2320 dis
1039 2254 1537 2340 hominibusque
1590 2255 1888 2322 futurum
1939 2256 2023 2321 sit.
2073 2275 2326 2340 semper
2366 2253 2552 2338 igno-

478 2366 647 2428 tum,
679 2347 855 2414 sisne
888 2347 1219 2413 faotmus?
1284 2360 1531 2435 negant
1564 2349 1633 2414 id
1669 2350 1809 2416 fieri
1843 2371 2053 2435 posse.
2142 2368 2552 2432 nequaquam

482 2455 699 2532 potest
731 2439 801 2508 id
831 2442 1133 2527 quidem,
1170 2444 1287 2509 sed
1318 2464 1561 2527 quaero
1573 2490 1592 2521 ,
1630 2445 1818 2528 'quod
1851 2453 2094 2529 negant
2127 2464 2348 2528 posse,
2393 2440 2463 2505 id
2497 2441 2552 2505 si

482 2550 727 2628 posset,
762 2539 1071 2623 quidnam
1104 2539 1427 2605 faeerent?
1496 2551 1778 2625 urguent
1810 2539 2046 2605 rustice
2083 2561 2266 2618 sane,
2249 2563 2269 2594 Ἀ
2313 2547 2552 2623 negant

484 2635 663 2712 enim
706 2655 895 2719 posse
940 2646 1007 2700 et
1056 2633 1123 2698 in
1168 2656 1246 2699 eo
1292 2645 1611 2742 perstant,
1667 2633 1790 2700 hoe
1833 2635 2106 2699 verbum
2149 2587 2306 2717 quid
2341 2632 2553 2696 valeat

484 2751 622 2794 non
672 2727 915 2808 vident.
1020 2749 1167 2793 eum
1220 2729 1393 2794 enim
1456 2729 1856 2812 quaerimus,
1919 2729 1974 2793 si
2027 2729 2234 2792 celare
2283 2726 2550 2811 possint,

486 2822 651 2906 qmd
682 2821 917 2888 facturi
960 2823 1117 2900 sint,
1163 2844 1295 2886 non
1338 2821 1737 2905 quaerimus,
1783 2821 2110 2906 possintne
2156 2819 2391 2894 celare,
2437 2818 2552 2882 sed

487 2928 823 3000 tamquam
854 2929 1183 2982 tormenta
1229 2917 1547 3001 quaedam
1594 2915 2002 2989 adhibemus,
2047 2923 2152 2990 ut,
2199 2911 2256 2978 si
2289 2932 2553 2996 respon-

485 3011 707 3078 derint
753 3033 826 3078 se
878 3010 1239 3098 inpunitate
1290 3011 1621 3098 proposita
1671 3010 1954 3075 facturos
2005 3007 2182 3091 quod
2233 3005 2551 3092 expediat,

484 3105 887 3184 &einai-oses
942 3129 1011 3172 se
1063 3127 1203 3172 esse
1256 3105 1611 3182 fateantur,
1665 3105 1720 3169 si
1761 3114 2030 3190 negent,
2084 3101 2299 3168 omnia
2343 3101 2555 3188 turpia

482 3214 607 3286 pet
644 3227 719 3269 se
748 3203 892 3288 ipsa
924 3197 1236 3287 fugienda
1270 3223 1411 3320 esse
1448 3199 1822 3269 conoedant.
1887 3199 2052 3266 sed
2035 3221 2168 3263 iam
2201 3197 2286 3263 ad
2320 3219 2554 3282 propo-

482 3295 690 3368 sitam
724 3307 1137 3364 revertamur.

586 3375 929 3464 Aneidunt
969 3392 1207 3456 multae
1250 3411 1445 3476 saepe
1492 3410 1756 3478 causae,
1803 3409 1968 3472 quae
2005 3385 2386 3452 conturbent
2421 3384 2556 3446 ani-

602 3513 633 3554 s
681 3485 969 3552 utilitatis
1016 3484 1258 3570 speeie,
1310 3505 1472 3560 non,
1537 3503 1694 3548 eum
1728 3483 1851 3546 hoc
1897 3480 2314 3554 deliberatur,
2365 3477 2556 3541 relin-

476 3599 515 3664 q
584 3581 838 3649 endane
901 3580 983 3644 sit
1042 3581 1343 3644 honestas
1398 3589 1658 3664 propter
1709 3574 1998 3642 utilitatis
2049 3571 2559 3658 magnitudinem

618 3697 772 3741 nam
814 3675 885 3740 id
915 3674 1181 3758 quidem
1215 3673 1556 3758 inprobum
1592 3680 1693 3737 est
1723 3705 1840 3747 -,
1886 3669 2000 3735 sed
2041 3667 2232 3744 illud,
2276 3665 2555 3751 possitne

478 3767 543 3830 id
644 3770 820 3854 quod
862 3769 1022 3834 utile
1064 3768 1391 3843 videatur,
1432 3766 1583 3830 fieri
1615 3785 1750 3830 non
1781 3763 2068 3849 turpiter.
2157 3782 2304 3825 eum
2341 3757 2559 3824 Colla-

508 3861 522 3874 '
598 3885 637 3928 o
674 3864 957 3949 eollegae
990 3861 1287 3926 Brutus
1268 3861 1608 3948 imperium
1642 3855 2028 3944 abrogabat,
2071 3865 2322 3942 poterat
2355 3853 2557 3918 videri

475 3967 477 3970 ’
507 3964 717 4025 'acere
760 3957 828 4022 id
871 3957 1133 4033 iniuste3
1178 3955 1391 4020 fuerat
1424 3955 1593 4020 enim
1628 3953 1697 4018 ιιι
1729 3951 1990 4038 regibus
2027 3948 2418 4035 expellendis
2455 3967 2557 4014 so-

411 4040 643 4174 'AEius
696 4052 884 4118 Bruti
936 4051 1347 4118 consiliorum
1377 4061 1467 4174 ‘et
1528 4049 1811 4116 adiutor:
1883 4065 2034 4112 eum
2085 4055 2302 4111 autem
2352 4042 2558 4110 consi·

369 4233 445 4352 i

318 4363 391 4513 R

2586 1619 2634 1659 39

2593 3380 2660 3435 10

2597 3453 2650 3493 40
