3292 4559
700 260 826 328 198
1318 268 1396 324 Μ.
1434 265 1709 324 TULLII
1745 264 2146 323 CICERONIS

700 399 837 464 lum
882 395 1066 482 quasi
1108 393 1396 460 medium
1439 392 1734 460 dividunt
1775 401 1840 460 et
1885 402 2218 478 aspectum
2267 404 2560 462 nostrum
2613 398 2774 466 defi-

701 494 907 570 niunt,
943 491 1056 577 qui
1086 515 1127 556 a
1144 489 1417 558 Graecis
1447 485 1774 577 ὁρίζοντες
1793 489 2224 567 nominantur,
2261 513 2302 556 a
2326 491 2514 556 nobis
2545 493 2772 560 finien-

701 600 797 654 tes
848 587 1224 653 rectissume
1264 583 1579 652 nominari
1621 594 1921 670 possunt,
1979 585 2351 652 varietatem
2395 609 2767 655 maxumam

700 683 984 748 habeant
1020 681 1254 765 aliique
1288 679 1357 744 in
1392 679 1532 745 aliis
1564 678 1724 744 locis
1761 678 1908 754 sint,
1943 701 2204 746 necesse
2240 690 2339 746 est
2375 692 2550 748 ortus
2579 704 2770 752 occa-

704 799 941 861 susque
996 774 1278 840 siderum
1326 795 1454 840 non
1507 773 1646 840 fieri
1699 773 1928 840 eodem
1981 783 2265 860 tempore
2317 775 2490 862 apud
2532 779 2762 843 omnis.

609 890 659 931 93
703 871 877 957 quod
914 870 967 935 si
1002 891 1225 935 eorum
1253 869 1321 934 vi
1346 869 1595 934 caelum
1628 868 1822 934 modo
1857 867 1982 934 hoc
2017 870 2208 934 modo
2237 869 2346 936 illo
2376 871 2564 942 modo
2598 882 2762 936 tem-

702 975 981 1052 peratur,
1016 965 1129 1049 qui
1163 974 1374 1050 potest
1409 963 1635 1029 eadem
1671 963 1768 1028 vis
1795 985 1934 1029 esse
1970 964 2392 1042 nascentium,
2427 986 2577 1032 cum
2603 965 2763 1032 caeli

704 1071 883 1125 tanta
928 1060 1013 1124 sit
1054 1057 1546 1124 dissimilitudo?
1588 1058 1658 1122 in
1691 1057 1790 1122 his
1822 1058 2013 1134 locis,
2051 1079 2216 1143 quae
2250 1080 2369 1124 nos
2405 1059 2764 1138 incolimus,

700 1173 848 1241 post
884 1153 1225 1226 solstitium
1260 1149 1575 1220 Canicula
1610 1153 1920 1228 exoritur,
1957 1165 2022 1218 et
2057 1153 2318 1237 quidem
2353 1154 2598 1238 aliquot
2633 1152 2770 1220 die-

620 1289 625 1294 ·
700 1250 855 1327 bus;
900 1258 968 1314 at
1020 1248 1195 1334 apud
1228 1247 1692 1334 Troglodytas,
1737 1257 1812 1312 ut
1845 1247 2172 1325 scribitur,
2219 1259 2367 1314 ante
2404 1249 2766 1325 solstitium,

703 1355 777 1409 ut
812 1344 866 1408 si
902 1344 1031 1407 iam
1068 1341 1493 1408 concedamus
1530 1341 1772 1426 aliquid
1806 1342 1937 1407 vim
1974 1344 2314 1409 caelestem
2349 1345 2432 1410 ad
2465 1366 2604 1422 eos,
2649 1344 2768 1428 qui

702 1438 769 1502 in
815 1448 985 1501 terra
1028 1436 1406 1522 gignantur,
1460 1435 1807 1522 pertinere,
1861 1437 2292 1504 confitendum
2337 1438 2418 1503 sit
2462 1437 2585 1503 illis
2631 1443 2765 1516 οδε,

704 1533 817 1617 qui
867 1541 1213 1596 nascantur
1257 1529 1483 1596 eodem
1528 1543 1846 1617 tempore,
1900 1552 2087 1617 posse
2131 1532 2200 1597 in
2243 1532 2563 1598 dissimilis
2607 1531 2768 1597 inci-

704 1629 855 1693 dere
888 1637 1151 1692 naturas
1186 1636 1449 1712 propter
1475 1626 1635 1692 caeli
1662 1625 2258 1703 dissimilitudinem,
2293 1627 2469 1711 quod
2505 1627 2768 1692 minime

701 1723 826 1788 illis
858 1721 1097 1808 placet3
1135 1721 1361 1786 volunt
1397 1721 1569 1787 enim
1603 1720 1697 1786 illi
1731 1721 1938 1786 omnis
1977 1722 2204 1788 eodem
2238 1737 2527 1808 tempore
2563 1732 2758 1798 ortos,

599 1814 668 1868 45
702 1817 814 1901 qui
849 1816 1087 1901 ubique
1124 1816 1251 1882 sint
1282 1815 1449 1892 nati,
1496 1816 1725 1882 eadem
1761 1816 2134 1882 condicione
2169 1816 2368 1882 nasci.
2631 1813 2768 1882 Sed

633 1887 872 1998 *quae
906 1923 1086 1978 tanta
1122 1911 1445 1977 dementia
1479 1922 1606 1987 est,
1654 1921 1726 1976 ut
1769 1912 1840 1976 in
1874 1911 2194 1977 maxumis
2237 1910 2518 1976 motibus
2555 1921 2769 1975 muta-

703 2007 1110 2091 tionibusque
1154 2005 1317 2072 caeli
1367 2004 1525 2070 nihil
1576 2005 1853 2082 intersit,
1908 2006 2019 2090 qui
2064 2015 2324 2082 ventus,
2375 2005 2489 2089 qui
2538 2003 2769 2080 imber,

704 2125 869 2186 quae
906 2112 1253 2187 tempestas
1290 2100 1533 2185 ubique
1570 2101 1651 2166 sit
1669 2135 1759 2148 --
1775 2121 2050 2184 quarum
2083 2122 2298 2167 rerum
2331 2101 2400 2166 in
2433 2100 2764 2187 proxumis

702 2196 858 2262 locis
904 2206 1121 2261 tantae
1167 2193 1714 2260 dissimilitudines
1751 2216 1944 2280 saepe
1980 2206 2157 2271 sunt,
2205 2207 2280 2261 ut
2315 2195 2440 2260 alia
2475 2194 2766 2272 Tusculi,

704 2290 829 2355 alia
862 2289 1109 2355 Romae
1144 2287 1399 2354 eveniat
1433 2310 1625 2374 saepe
1661 2298 2006 2374 tempestas
2019 2314 2038 2367 ;
2091 2289 2267 2372 quod
2302 2289 2414 2373 qui
2445 2288 2760 2380 navigant

703 2405 1004 2448 maxume
1041 2381 1587 2459 animadvertunt,
1640 2403 1790 2448 cum
1831 2383 1899 2448 in
1943 2382 2272 2449 flectendis
2297 2382 2770 2469 promunturiis

704 2487 1043 2558 ventorum
1084 2475 1469 2542 mutationes
1512 2497 1848 2542 maxumas
1885 2497 2076 2564 saepe
2121 2476 2402 2544 sentiunt
2434 2501 2549 2542 -ε
2603 2475 2766 2543 haec

704 2571 899 2657 igitur
935 2593 1081 2636 cum
1118 2571 1202 2636 sit
1236 2583 1375 2636 tum
1410 2571 1717 2638 serenitas
1754 2583 1890 2636 tum
1925 2571 2322 2658 perturbatio
2341 2572 2548 2649 caeli,
2583 2580 2767 2638 estne

706 2688 1007 2732 sanorum
1058 2665 1392 2732 hominum
1442 2664 1566 2732 hoc
1620 2666 1705 2731 ad
1766 2666 2168 2732 nascentium
2217 2676 2394 2732 ortus
2447 2666 2768 2753 pertinere

703 2783 833 2827 non
878 2761 1089 2828 dicere
1137 2757 1345 2847 [quod
1386 2781 1517 2825 non
1562 2771 1734 2826 certe
1778 2757 2116 2847 pertinet],
2159 2760 2320 2826 illud
2353 2760 2572 2827 nescio
2606 2759 2765 2844 quid

704 2868 916 2934 tenue,
946 2853 1120 2940 quod
1148 2853 1367 2920 sentiri
1393 2855 1570 2920 nullo
1596 2854 1810 2932 mode,
1838 2853 2123 2942 intellegi
2153 2865 2370 2921 autem
2396 2854 2505 2920 vix
2531 2864 2766 2942 potest,

704 2971 871 3032 quae
924 2972 963 3014 a
1005 2950 1161 3014 luna
1213 2949 1566 3034 ceterisque
1620 2949 1934 3015 sideribus
1989 2949 2148 3015 caeli
2202 2949 2578 3036 temperatio
2629 2949 2767 3026 fiat,

707 3045 920 3109 dicere
974 3045 1058 3109 ad
1110 3066 1455 3129 puerorum
1508 3055 1686 3110 ortus
1740 3043 2098 3130 pertinere?
2159 3045 2354 3128 quid?
2406 3044 2584 3128 quod
2633 3066 2764 3110 non

706 3138 1084 3224 intellegunt
1120 3137 1435 3204 seminum
1472 3139 1623 3215 vim,
1661 3160 1828 3225 quae
1863 3139 1948 3204 ad
1991 3138 2390 3225 gignendum
2423 3159 2766 3225 procrean-

705 3237 986 3320 dumque
1014 3234 1362 3321 plurimum
1388 3235 1619 3313 valeat,
1655 3234 1946 3302 funditus
1975 3236 2132 3314 tolli,
2167 3235 2506 3302 mediocris
2535 3235 2768 3302 erroris

704 3330 842 3396 est?
894 3329 1037 3413 quis
1085 3328 1257 3395 enim
1298 3351 1431 3396 non
1474 3331 1650 3397 videt
1685 3342 1750 3398 et
1793 3330 2032 3396 formas
2069 3342 2134 3398 et
2177 3352 2388 3398 mores
2425 3342 2490 3397 et
2522 3331 2766 3418 pleros·

704 3446 829 3509 que
866 3434 1069 3490 status
1106 3446 1182 3490 ac
1217 3433 1429 3490 motus
1465 3424 1775 3511 effingere
1799 3447 1840 3490 a
1873 3424 2246 3510 parentibus
2279 3425 2556 3492 liberos?
2591 3425 2766 3509 quod

702 3541 834 3584 non
885 3519 1310 3606 contingeret,
1364 3519 1419 3584 si
1462 3518 1623 3584 haec
1669 3539 1799 3584 non
1839 3519 1938 3584 vis
1983 3530 2048 3586 et
2089 3530 2320 3586 natura
2363 3519 2766 3606 gignentium

608 3630 659 3672 95
705 3613 1006 3690 efficeret,
1041 3614 1156 3680 sed
1190 3612 1567 3699 temperatio
1602 3614 1794 3680 lunae
1831 3613 2118 3698 caelique
2143 3613 2518 3680 moderatio.
2571 3613 2772 3698 quid?

703 3707 881 3792 quod
922 3728 1052 3772 uno
1097 3717 1163 3773 et
1214 3709 1442 3775 eodem
1494 3707 1798 3794 temporis
1850 3720 2091 3794 puncto
2136 3708 2272 3774 nati
2325 3708 2649 3774 dissimilis
2699 3720 2768 3774 et

702 3812 964 3867 naturas
999 3813 1065 3868 et
1099 3801 1263 3868 vitas
1298 3813 1363 3868 et
1398 3823 1585 3868 casus
1619 3800 1888 3881 habent,
1935 3825 2250 3890 parumne
2285 3803 2566 3870 declarat
2607 3803 2772 3868 nihil

706 3896 788 3960 ad
823 3897 1141 3982 agendam
1176 3895 1373 3962 vitam
1407 3896 1714 3962 nascendi
1750 3907 2002 3984 tempus
2036 3899 2392 3986 pertinere?
2442 3898 2566 3964 nisi
2599 3898 2772 3964 forte

706 4000 1007 4074 putamus
1049 3992 1371 4058 neminem
1408 3990 1634 4057 eodem
1671 4003 1958 4079 tempore
2001 3993 2144 4081 ipso
2183 4005 2247 4060 et
2283 4005 2664 4081 conceptum
2701 4005 2770 4058 et

708 4092 931 4148 natum
999 4105 1128 4167 quo
1180 4086 1583 4152 Africanum.
1690 4110 1846 4153 num
1915 4088 2058 4172 quis
2127 4087 2325 4176 igitur
2389 4088 2536 4154 talis
2604 4087 2776 4154 suit?
