3292 4559
826 250 952 318 190
1439 257 1518 314 Μ.
1554 257 1830 316 TULLII
1865 255 2265 315 CICERONIS

818 408 946 472 que
974 408 1016 449 a
1040 383 1399 450 iunioribus
1428 382 1665 458 divisit,
1684 403 1922 468 easque
1943 381 2038 446 ita
2063 380 2428 467 disparavit,
2462 394 2538 448 ιιι
2567 382 2845 468 suffragia

816 501 949 544 non
982 479 1053 544 in
1086 477 1543 554 multitudinis,
1592 477 1710 543 sed
1741 475 1811 542 in
1843 476 2258 562 locupletium
2291 488 2610 562 potestate
2643 491 2844 554 essent,

818 574 1215 658 curavitque,
1252 573 1429 657 quod
1462 593 1718 656 semper
1751 569 1819 636 in
1851 593 1924 636 re
1957 571 2218 656 publica
2251 571 2604 636 tenendum
2637 583 2755 647 est,
2785 593 2848 636 ne
2935 637 2937 642 ,

818 690 883 754 p.
922 667 1103 756 loa]
1150 668 1501 754 plurimum
1543 667 1801 732 valeant
1841 665 2120 752 plurimi.
2205 687 2376 750 quae
2411 662 2423 751 Ι
2459 665 2780 751 discriptio
2809 667 2850 729 si
2934 681 2937 738 j

818 772 990 828 esset
1037 763 1263 848 ignota
1311 761 1525 838 vobis,
1576 760 2006 846 explicaretur
2059 783 2102 826 a
2149 783 2287 826 mex
2343 781 2522 826 nunc
2573 761 2852 826 rationem
2934 757 2937 822 ζ

816 855 1047 922 videtis
1094 877 1235 923 esse
1278 857 1500 932 talem,
1546 866 1621 920 ut
1663 854 1956 938 equitum
1987 857 2022 934 †
2055 853 2402 920 certamine
2445 875 2602 920 cum
2649 863 2712 918 et
2741 852 2852 918 suf-
2934 869 2937 922 !

818 951 1042 1038 fragiis
1096 962 1161 1017 et
1210 951 1419 1037 prima
1464 950 1687 1016 classis
1731 948 1950 1014 addita
1993 948 2309 1026 centuria,
2362 969 2538 1034 quae
2585 947 2669 1014 ad
2707 970 2854 1012 sum-
2935 957 2937 960 ⁴

816 1067 996 1110 mum
1032 1067 1225 1110 usum
1256 1046 1435 1109 urbis
1468 1043 1672 1109 fabris
1705 1044 1996 1130 tignariis
2033 1053 2131 1110 est
2155 1043 2326 1122 data,
2355 1067 2536 1110 amn.
2566 1041 2847 1109 centurias

816 1175 907 1186 -
939 1150 1035 1203 tot
1076 1139 1249 1204 enim
1292 1138 1577 1222 reliquae
1622 1148 1773 1202 sunt
1805 1173 1895 1184 —
1927 1149 2074 1202 octo
2119 1139 2294 1203 solae
2342 1137 2398 1202 si
2451 1147 2847 1211 accesserunt,

819 1233 1115 1298 confecta
1148 1242 1246 1297 est
1280 1231 1379 1296 vis
1412 1232 1637 1317 populi
1671 1232 1994 1308 universa,
2027 1231 2402 1316 reliquaque
2437 1232 2648 1298 multo
2681 1229 2848 1296 maior

817 1349 882 1413 p.
918 1325 1061 1412 93.]
1115 1326 1459 1392 multitudo
1504 1349 1620 1392 sex
1663 1337 1732 1393 et
1761 1327 2116 1413 nonaginta
2149 1326 2592 1392 centuriarum
2629 1324 2640 1411 Ι
2673 1346 2850 1408 neque

816 1420 1265 1486 excluderetur
1306 1419 1666 1506 suffragiis,
1707 1444 1792 1488 ne
1835 1423 2186 1508 superbum
2229 1431 2430 1500 esset,
2479 1442 2605 1487 nec
2645 1419 2848 1486 valeret

720 1535 776 1576 ιο
818 1514 1037 1590 nimis,
1088 1537 1171 1580 ne
1222 1525 1393 1580 esset
1442 1515 1894 1600 periculosum.
1981 1515 2052 1580 in
2103 1536 2234 1599 quo
2283 1515 2488 1581 etiam
2543 1513 2746 1579 verbis
2791 1533 2850 1574 ac

816 1609 1181 1674 nominibus
1222 1609 1383 1696 ipsis
1426 1609 1551 1674 fuit
1592 1609 1896 1696 diligens,
1949 1609 2091 1695 qui,
2143 1629 2296 1675 cum
2335 1608 2680 1696 locupletis
2721 1606 2849 1672 assi·
2935 1621 2937 1628 ·

818 1704 981 1768 duos
1016 1704 1403 1815 appellasset
1442 1704 1525 1768 ab
1570 1725 1718 1770 aere
1759 1703 2006 1782 dando,
2059 1727 2200 1782 eos,
2252 1703 2367 1789 qni
2413 1716 2535 1770 aut
2567 1725 2695 1770 non
2731 1702 2849 1788 plus
2932 1631 2937 1780 1

818 1798 993 1864 mille
1028 1799 1413 1886 quingentos
1450 1799 1617 1866 aeris
1653 1810 1766 1865 aut
1799 1799 2058 1864 omnino
2091 1800 2250 1865 nihil
2287 1823 2482 1866 suum
2517 1800 2589 1864 in
2623 1819 2846 1865 censum
2934 1807 2937 1884 ξ

816 1903 1073 1978 praeter
1104 1904 1300 1979 caput
1332 1893 1727 1971 attulissent,
1753 1894 2128 1981 proletarios
2153 1894 2548 1972 nominavit,
2577 1905 2651 1958 ut
2683 1915 2756 1957 ex
2787 1891 2846 1954 iis

816 2008 883 2072 p.
901 1984 1041 2072 94.]
1078 1988 1265 2071 quasi
1298 1989 1531 2074 proles,
1574 1989 1645 2053 id
1677 2000 1778 2054 est
1811 1989 1998 2073 quasi
2031 1989 2370 2076 progenies
2405 1987 2688 2054 civitatis
2723 1987 2847 2070 lex-

818 2082 1095 2164 spectari
1128 2083 1472 2148 videretur.
1552 2082 1808 2148 illarum
1841 2094 2059 2148 autem
2092 2105 2208 2149 sex
2241 2093 2310 2148 et
2341 2083 2698 2169 nonaginta
2725 2101 2847 2144 cen-

816 2175 1130 2240 turiarum
1164 2176 1233 2241 in
1267 2199 1399 2242 una
1434 2177 1724 2242 centuria
1755 2187 1896 2242 tum
1921 2175 2183 2260 quidem
2207 2178 2424 2264 plures
2453 2175 2845 2243 censebantur
2935 2147 2938 2249 Ι

818 2289 1016 2351 quam
1058 2292 1265 2355 paene
1308 2270 1376 2336 in
1411 2270 1619 2356 prima
1653 2271 1859 2338 classe
1893 2283 2046 2336 tota.
2133 2273 2230 2338 ita
2260 2295 2384 2338 nec
2417 2270 2844 2358 prohibebatur

816 2363 1157 2444 quisquam
1202 2364 1343 2428 iure
1394 2363 1688 2450 suffragii
1733 2377 1799 2431 et
1841 2365 1898 2430 is
1941 2366 2200 2432 valebat
2231 2367 2300 2430 in
2335 2366 2650 2453 suffragio
2679 2359 2842 2450 pluri-

814 2477 1023 2530 mum,
1086 2455 1271 2521 cuius
1330 2455 1681 2542 plurimum
1741 2460 2044 2526 intererat
2065 2537 2072 2544 ,
2097 2481 2240 2526 esse
2287 2462 2358 2526 in
2409 2462 2656 2546 optimo
2704 2465 2838 2522 statu
2933 2441 2936 2584 Ι

814 2546 1158 2614 civitatem.
1230 2550 1388 2632 quin
1422 2550 1617 2616 etiam
1653 2554 1940 2619 accensis
1974 2553 2223 2631 velatis,
2257 2554 2635 2632 liticinibus,
2670 2548 2839 2620 eomi-

812 2636 1083 2718 ciuibus,
1118 2643 1475 2726 proletariis
1510 2646 1547 2682 ⁴¹*
1583 2645 1619 2678 *
1655 2645 1692 2680 *
2931 2603 2933 2732 l

1274 2734 1753 2823 [Desiderantur
1775 2743 2050 2826 paqinoe
2085 2739 2422 2828 quattuor]

710 2821 781 2874 23
942 2829 1035 2894 M.
1082 2831 1319 2896 Tullius
1352 2835 1429 2897 ds
1459 2853 1527 2897 re
1549 2833 1808 2918 publica
1841 2835 1947 2898 lib.
1962 2835 2060 2900 II.
2155 2831 2386 2900 Statuo
2433 2857 2579 2900 esse
2614 2843 2838 2918 optume

749 2895 1225 2990 constitutam
1256 2948 1395 2991 rem
1428 2927 1776 3012 publicam,
1811 2948 1978 3011 quae
2015 2951 2096 2994 ex
2121 2929 2326 2994 tribus
2354 2929 2696 3014 generibus
2717 2923 2838 2996 illis,

811 3017 1013 3100 regali
1064 3030 1131 3082 et
1180 3019 1495 3104 optumati
1540 3029 1607 3085 et
1647 3021 1942 3106 populari
1989 3022 2258 3088 confusa
2301 3021 2557 3088 modice
2601 3041 2712 3085 nec
2740 3037 2838 3102 pu·
2929 3085 2931 3098 ,

810 3111 1045 3175 niendo
1087 3113 1291 3181 irritet
1334 3115 1622 3180 animum
1655 3115 1982 3181 inmanem
2015 3139 2093 3182 ac
2127 3116 2338 3184 ferum
2373 3165 2392 3180 .
2431 3165 2449 3181 .
2489 3165 2507 3180 .
2591 3111 2831 3199 (Nonius
2929 3127 2931 3249 ⁴

814 3225 864 3266 s.
901 3226 962 3267 v.
998 3210 1301 3272 modicum
1333 3233 1397 3295 p.
1436 3209 1619 3295 342.)

716 3323 768 3361 42
812 3321 875 3383 p.
910 3296 1051 3384 45.]
1088 3301 1125 3338 ⁴¹*
1160 3302 1197 3339 ⁴¹*
1233 3302 1270 3339 ⁴¹*
1304 3307 1570 3390 quinque
1602 3316 1662 3368 et
1693 3302 2061 3389 lsexaginta
2094 3305 2278 3371 annis
2313 3307 2654 3390 antiquior,
2659 3295 2830 3386 quo(1

810 3403 947 3457 erat
978 3416 1254 3460 xxxvxm.
1292 3407 1439 3462 ante
1482 3398 1756 3482 primam
1793 3395 2254 3484 Olympiadem
2287 3401 2567 3466 condita.
2653 3407 2712 3462 et
2739 3415 2830 3456 an·-

808 3486 1203 3568 tiquissimus
1244 3489 1353 3556 ille
1388 3489 1734 3578 Lycurgus
1778 3492 2002 3556 eadem
2047 3493 2210 3558 vidit
2243 3495 2400 3560 fere.
2495 3495 2703 3578 itaque
2730 3488 2828 3550 ista
2927 3491 2929 3582 4

809 3581 1225 3663 aequabilitas
1272 3594 1466 3667 atque
1508 3585 1633 3650 hoc
1675 3585 1909 3671 triplex
1949 3608 2164 3652 rerum
2207 3589 2614 3672 publicarum
2654 3597 2824 3669 5611118

809 3671 1063 3738 videtur
1110 3675 1269 3740 mihi
1320 3699 1660 3745 commune
1711 3679 1898 3744 nobis
1951 3703 2102 3746 cum
2162 3682 2286 3747 illis
2337 3682 2596 3768 populis
2641 3675 2826 3742 fuissfle·

808 3765 923 3828 sed
958 3768 1129 3848 quod
1164 3770 1552 3854 propriumst
1584 3773 1654 3837 in
1687 3786 1908 3838 nostra
1939 3797 2010 3841 re
2044 3776 2324 3863 publica,
2360 3798 2489 3860 quo
2524 3772 2675 3840 nihil
2705 3787 2827 3854 1³0⁸·
2926 3815 2927 3822 ι

809 3856 890 3919 sit
941 3881 1081 3923 esse
1123 3864 1542 3944 praeclarius,
1594 3867 1666 3931 id
1710 3889 2079 3952 persequar,
2134 3869 2188 3936 si
2239 3881 2492 3956 potero,
2545 3863 2826 3933 subtilius,
2926 3875 2927 3917 ἓ

808 3971 871 4030 p.
906 3950 1042 4034 46.]
1083 3954 1259 4034 quod
1292 3956 1411 4020 erit
1447 3959 1585 4024 eius
1622 3958 1633 4046 Ι
1671 3960 1874 4036 modi,
1911 3963 2069 4028 nihil
2104 3975 2177 4028 ιιι
2209 3966 2338 4030 tale
2371 3961 2556 4028 ulla
2536 3986 2603 4026 m
2635 3981 2698 4024 re
2731 3975 2824 4040 pu·

807 4039 975 4104 blica
1025 4047 1395 4127 reperiatur.
1484 4052 1644 4120 haec
1697 4054 1895 4133 enim,
1947 4080 2116 4141 quae
2163 4059 2374 4124 adhuc
2417 4055 2706 4144 exposui,
2752 4050 2822 4113 ita
