3292 4559
1131 255 1238 312 DE
1275 221 1603 312 0111οΠ0
1637 255 1685 308 1.
1724 226 2035 310 lis-2124.
2528 240 2613 324 3¹1
2706 311 2710 316 ,

559 407 686 448 11011
731 391 864 446 10111
907 380 1113 468 potuit
1147 378 1346 465 patris
1383 379 1604 444 similis
1642 398 1811 455 esse,
1857 400 2053 462 quam
2095 377 2201 446 ill-e
2238 377 2450 444 fuerat
2484 380 2610 447 suit

559 479 616 542 si
658 477 856 563 igitur
899 497 1030 540 11011
1072 473 1308 561 poterit
1352 474 1488 540 sive
1535 496 1762 538 0011000
1809 473 2193 538 defensitare
2240 474 2375 540 sive
2412 497 2614 560 popu-

553 573 692 638 lum
727 568 1128 636 contionibus
1162 580 1376 636 tenere
1411 568 1547 634 sive
1573 568 1744 634 bella
1768 591 2011 654 gerere,
2046 567 2159 635 illa
2184 579 2399 636 tamen
2429 592 2614 654 prae-

552 677 726 731 stare
773 663 1060 739 debebit,
1105 684 1272 746 quae
1317 673 1504 728 erunt
1545 661 1616 727 in
1658 661 1861 747 ipsius
1897 673 2239 748 potestate,
2283 663 2611 740 iustitiam,
2643 717 2655 728 ,
2757 704 2763 719 ·

550 761 748 824 fidem
759 757 1290 845 ,⁸liberalitatem,
1326 756 1739 832 modestiam,
1776 757 2261 841 temperantiam
2274 806 2291 834 ,
2330 779 2458 842 quo
2494 758 2615 822 mi-

549 877 676 918 nus
729 853 811 918 ab
867 874 944 919 00
995 851 1094 928 id,
1147 851 1318 934 quod
1366 849 1560 926 desit,
1613 849 1993 933 requiratur.
2082 862 2347 935 optuma
2400 863 2613 920 autem

549 949 874 1014 hereditas
911 971 954 1012 a
986 945 1276 1032 patribus
1321 944 1594 1012 traditur
1636 944 1853 1010 liberis
1898 944 2197 1028 omnique
2233 947 2613 1031 patrimonio

553 1042 976 1128 praestantior
1009 1041 1216 1126 gloria
1249 1039 1500 1106 virtutis
1535 1060 1876 1122 rerumque
1902 1049 2249 1124 gestarum,
2286 1039 2395 1106 cui
2420 1039 2613 1106 dede-

554 1137 685 1202 cori
723 1158 862 1201 esse
899 1135 1084 1200 nefas
1125 1131 1217 1220 [et
1251 1130 1510 1218 vitium]
1546 1133 1961 1199 iudicandum
1998 1144 2113 1200 est.

683 1228 776 1294 Et
825 1228 1130 1313 quoniam
1181 1228 1396 1294 officia
1438 1249 1568 1294 non
1613 1226 1841 1294 eadem
1889 1226 2252 1316 dis-paribus
2296 1227 2614 1295 aetatibus·
2640 1213 2723 1325 ἐξ

549 1323 922 1389 tribuuntur
957 1323 1210 1407 aliaque
1247 1333 1396 1390 sunt
1429 1323 1768 1398 iuvenum,
1810 1320 1937 1388 alia
1972 1322 2322 1399 seniorum,
2369 1323 2620 1406 aliquid

549 1418 750 1483 etiam
793 1419 873 1484 de
907 1418 1032 1484 hae
1067 1417 1470 1484 distinctione
1506 1417 1850 1484 dicen-dum
1886 1426 2002 1485 est.
2092 1428 2189 1482 est
2220 1417 2420 1503 igitur
2454 1419 2623 1487 ada*
2666 1449 2669 1454 ·

461 1545 464 1547 Α
551 1512 850 1577 1000011110
893 1512 1174 1578 maiores
1213 1523 1374 1578 110111
1419 1510 1626 1578 vereri
1662 1533 1870 1595 exque
1904 1511 1984 1576 iis
2019 1511 2299 1596 deligere
2338 1512 2619 1598 optimos

549 1616 618 1670 et
649 1605 1162 1691 probatissimos,
1197 1627 1474 1689 quorum
1508 1605 1773 1670 oonsilio
1810 1615 2001 1688 atque
2038 1605 2415 1674 auctoritate
2450 1607 2615 1672 nita-

555 1716 686 1777 tur3
729 1701 1008 1766 ineuntis
1056 1701 1226 1766 enim
1261 1700 1486 1766 aetatis
1521 1700 1775 1766 inscitia
1810 1723 2037 1764 senum
2070 1699 2517 1766 constituenda
2552 1711 2616 1766 01

553 1794 838 1878 regenda
896 1794 1237 1878 prudentia
1297 1803 1414 1858 est.
1509 1815 1811 1858 maxume
1863 1803 2081 1860 autem
2132 1793 2293 1858 haee
2346 1804 2523 1858 aetas
2574 1817 2615 1860 a

552 1887 925 1952 libidinibus
960 1887 1235 1952 arcenda
1270 1896 1368 1952 est
1403 1887 1887 1969 exercendaque
1920 1887 1988 1953 in
2023 1886 2246 1954 labore
2278 1887 2618 1972 patientia·-

549 2003 681 2066 que
725 1993 790 2046 et
831 1981 1030 2046 animi
1073 1991 1137 2046 et
1181 1981 1496 2066 corporis,
1547 1992 1622 2045 ut
1668 2003 1893 2048 eorum
1936 1992 2002 2046 et
2044 1981 2113 2046 in
2154 1981 2400 2050 bellicis
2442 1991 2507 2046 et
2546 1983 2616 2051 in

550 2076 848 2141 civilibus
894 2075 1122 2140 officiis
1167 2076 1386 2160 vigeat
1427 2073 1761 2140 industria.
1854 2086 2045 2158 atque
2093 2075 2290 2144 etiam
2330 2099 2479 2150 cum
2513 2100 2617 2143 re-

552 2171 770 2234 laxare
815 2169 1060 2234 animos
1102 2180 1167 2234 et
1211 2169 1365 2236 dare
1410 2191 1479 2234 se
1524 2167 1909 2235 iucunditati
1952 2169 2167 2236 volent
2212 2181 2482 2235 caveant
2515 2170 2615 2236 in·-

550 2263 1068 2350 temperantiam,
1111 2263 1520 2328 meminerint
1563 2263 2015 2340 verecundiam
2072 2263 2246 2351 qnod
2290 2265 2409 2331 erit
2454 2264 2616 2330 faoi-

551 2358 694 2435 lius,
733 2359 788 2423 si
820 2379 896 2423 ne
927 2359 996 2422 in
1031 2357 1165 2424 eius
1199 2358 1376 2424 modi
1399 2357 1664 2440 quidem
1689 2356 1881 2423 rebus
1908 2357 2181 2426 maiores
2210 2369 2367 2423 natu
2394 2361 2617 2430 nolent

549 2453 876 2518 interesse.
965 2452 1225 2518 senibus
1297 2462 1512 2519 autem
1580 2451 1833 2516 labores
1904 2453 2186 2538 corporis
2254 2454 2609 2530 minuendi,
2632 2479 2711 2520 128

545 2547 1033 2612 exercitationes
1097 2545 1294 2613 animi
1355 2547 1550 2612 etiam
1613 2547 1949 2632 augendae
2008 2546 2335 2624 videntur,
2399 2548 2615 2620 danda

551 2663 702 2706 vero
747 2661 970 2726 opera,
1017 2652 1201 2732 utet
1244 2642 1482 2710 amieos
1529 2652 1594 2706 et
1625 2641 2027 2709 iuventutem
2060 2653 2123 2706 et
2158 2642 2437 2706 maxime
2471 2666 2611 2711 rem

547 2737 874 2822 publicam
909 2735 1172 2802 consilio
1209 2746 1274 2802 et
1307 2735 1645 2821 prudentia
1682 2757 1881 2819 quam
1907 2736 2257 2820 plurimum
2282 2736 2606 2807 adiuvent.

548 2831 712 2894 nihil
749 2841 966 2893 autem
1007 2828 1220 2909 magis
1253 2830 1610 2897 cavendum
1647 2840 1745 2893 est
1780 2829 2093 2894 senectuti
2125 2850 2321 2912 quam
2354 2852 2437 2895 ne
2470 2831 2610 2898 lain-⁸.

545 2922 738 3007 guori
773 2944 840 2986 se
877 2921 1288 3005 desidiaeque
1315 2921 1538 2996 dedat3
1573 2922 1833 2986 luxuria
1860 2943 2011 2986 vero
2040 2944 2187 2986 cum
2216 2923 2391 2988 omni
2416 2924 2611 2992 aetati

548 3015 750 3100 turpis
764 3060 784 3091 ,
836 3023 974 3078 tum
1026 3014 1338 3080 senectuti
1389 3014 1762 3080 foedissima
1816 3026 1909 3080 est
1921 3038 1939 3092 ;
1994 3014 2095 3080 sin
2146 3026 2369 3083 autem
2416 3017 2608 3085 etiam

547 3109 885 3174 libidinum
918 3107 1411 3192 intemperantia
1433 3109 1719 3186 accessit,
1756 3108 1997 3195 duplex
2022 3111 2262 3176 malum
2291 3123 2405 3189 est,
2434 3114 2608 3196 quod

544 3215 614 3268 et
638 3203 780 3288 ipsa
803 3213 1095 3268 senectus
1123 3202 1400 3268 dedecus
1423 3203 1701 3288 concipit
1718 3215 1781 3270 et
1798 3204 1953 3270 facit
1980 3205 2485 3272 adulescentium
2511 3207 2608 3271 in-

550 3297 996 3383 pudentiorem
1022 3297 1595 3383 intemperantiam.
1645 3320 1722 3364 00
1738 3321 1821 3364 110
1848 3299 2009 3364 illud
2036 3300 2295 3382 quidem
2326 3300 2604 3386 alienum
2634 3327 2712 3366 124

543 3404 677 3468 est,
731 3392 812 3456 de
855 3391 1373 3477 magistratuum,
1434 3393 1519 3458 de
1559 3393 1986 3478 privatorum,
2044 3391 2153 3478 [de
2189 3392 2477 3478 civium,]
2526 3395 2605 3461 de

548 3487 1030 3572 peregrinorum
1065 3485 1292 3552 officiis
1328 3486 1557 3552 dicere.
1647 3498 1745 3552 est
1778 3487 1975 3572 igitur
2007 3488 2335 3573 proprium
2372 3509 2604 3555 munus

547 3581 962 3666 magistratus
1006 3580 1378 3666 intellegere
1421 3603 1492 3646 se
1535 3603 1761 3668 gerere
1804 3604 2147 3666 personam
2183 3581 2457 3648 civitatis
2495 3582 2605 3648 de·

547 3675 828 3760 bel-eque
865 3674 1000 3741 eius
1037 3675 1414 3760 dignitatem
1441 3686 1502 3740 et
1533 3677 1727 3741 deeus
1758 3676 2094 3753 sustinere,
2128 3697 2381 3743 servare
2407 3676 2603 3762 leges,

549 3769 692 3834 11110
733 3769 1105 3846 discribere,
1153 3793 1230 3835 ea
1263 3769 1412 3839 fidei
1450 3792 1606 3836 suae
1642 3771 1985 3836 commissa
2018 3771 2403 3842 meminisse.
2476 3771 2605 3856 pri-

551 3873 772 3926 vatum
822 3875 1038 3930 autem
1090 3875 1340 3950 oportet
1393 3887 1601 3949 aequo
1656 3876 1720 3930 et
1769 3864 1911 3950 pari
1964 3887 2112 3931 cum
2166 3865 2415 3932 civibus
2465 3864 2604 3932 iure

551 3955 786 4032 vivere,
821 3980 1032 4042 neque
1066 3960 1476 4027 summissum
1511 3972 1574 4026 et
1610 3960 1933 4025 abiectum
1966 3981 2175 4046 neque
2212 3983 2283 4028 se
2318 3960 2603 4030 ecferen-

487 4099 493 4108 .
543 4060 714 4128 tem,
756 4061 892 4116 tum
935 4053 1004 4120 in
1045 4076 1116 4120 10
1159 4054 1418 4139 publica
1461 4077 1538 4122 ea
1573 4056 1737 4126 vel-le
1747 4101 1766 4132 ,
1814 4075 1979 4140 quae
2014 4055 2357 4140 tranquilla
2380 4065 2455 4123 ,et
2487 4053 2605 4120 ho-
