3292 4559
653 2464 685 2517 1

664 2536 686 2573 1

730 190 865 261 230
1352 194 1432 255 M.
1468 193 1742 251 TULLII
1777 190 2178 249 CICERONIS

1118 852 1218 921 M.
1288 850 1709 918 TULLII
1778 844 2425 917 CICERONIS

1388 960 1520 1027 DE
1562 958 1685 1026 RE
1729 956 2152 1025 PUBLICA

1308 1076 1647 1133 LinER
1702 1073 2227 1141 QUINTUS.

1477 1310 2054 1371 ARGUMENTUM.

838 1420 965 1475 Hoc
980 1418 1125 1474 libro
1148 1417 1354 1491 Scipio,
1390 1419 1486 1489 qui
1504 1420 1578 1473 ad
1595 1434 1769 1472 unum
1785 1415 2096 1487 principem
2114 1432 2384 1471 summam
2401 1416 2576 1471 totius
2593 1415 2673 1472 rei
2687 1434 2783 1487 pu·

734 1496 920 1555 blicae
949 1497 1491 1552 administrationem
1520 1512 1586 1551 ac
1615 1494 2066 1565 procurationem
2085 1492 2291 1549 deferri
2306 1494 2443 1562 vult,
2483 1492 2541 1548 id
2559 1493 2787 1549 maxime

738 1574 921 1648 egisse
954 1575 1203 1643 videtur,
1239 1578 1303 1627 ut
1338 1574 1647 1643 perfectam
1675 1572 1796 1627 eius
1823 1570 2128 1643 imaginem
2161 1570 2508 1627 informaret.
2575 1570 2788 1643 Itaque,

736 1658 1011 1725 quantum
1025 1651 1215 1709 videre
1232 1650 1382 1721 licet,
1404 1652 1475 1707 de
1492 1650 1748 1720 paranda
1763 1648 1848 1703 rei
1863 1648 2128 1718 publicae
2145 1649 2428 1720 gerendae
2449 1648 2702 1719 scientia,
2722 1649 2788 1703 de

737 1730 971 1801 imperio
1014 1730 1211 1783 summi
1256 1728 1617 1801 magistratus
1661 1727 1946 1797 sapienter
1981 1724 2300 1783 definiendo
2313 1766 2328 1795 ,
2375 1726 2448 1781 de
2487 1724 2790 1781 officiorum

736 1808 1051 1864 rationibus
1070 1806 1339 1879 exposuit.
1392 1806 1487 1860 Ad
1501 1806 1652 1859 hunc
1671 1804 1742 1859 de
1759 1802 2018 1859 ineundis
2036 1803 2391 1859 cautionibus
2411 1803 2600 1859 locum
2617 1804 2794 1859 Maius

736 1892 891 1941 recte
917 1885 1127 1940 referre
1154 1884 1373 1939 videtur
1392 1881 1761 1948 Quinctiliani
1790 1880 2257 1936 declamationem
2275 1880 2647 1937 chxvm.
2669 1898 2792 1937 con·

736 1966 827 2016 tra
852 1962 1267 2017 contionatores
1293 1960 1587 2016 seditiosos
1616 1975 1686 2015 ex
1699 1959 1808 2013 hoc
1827 1956 2112 2015 Ciceronis
2131 1958 2272 2013 libro
2289 1957 2610 2029 repetitam.
2663 1959 2790 2029 Ipse

738 2038 966 2109 quidem
984 2038 1223 2107 Tullius,
1258 2044 1325 2095 ut
1344 2054 1515 2109 supra
1530 2035 1593 2093 in
1610 2034 1996 2091 adumbrando
2015 2034 2258 2090 civitatis
2277 2034 2660 2107 gubernatore
2685 2036 2789 2091 Po·

738 2117 954 2171 liticum
970 2116 1245 2185 Platonis,
1282 2116 1364 2171 sic
1391 2114 1641 2171 eiusdem
1658 2112 1863 2169 librum
1881 2112 1952 2167 de
1969 2110 2222 2185 Legibus
2240 2112 2602 2167 undecimum
2619 2112 2680 2167 in
2696 2114 2790 2167 im·

737 2193 1061 2265 pugnandis
1079 2192 1412 2263 importunis
1428 2191 1543 2245 illis
1562 2190 1876 2245 oratoribus
1896 2188 1968 2245 ob
1986 2190 2177 2244 oculos
2193 2188 2459 2245 habuisse
2475 2190 2714 2246 videtur.

874 2430 1131 2512 Quando
1191 2454 1332 2517 erqo
1384 2453 1479 2495 res
1514 2433 1775 2519 publica
1817 2433 2108 2496 Romana
2153 2432 2296 2496 talis
2340 2443 2500 2507 erat,
2558 2434 2794 2519 qualem

738 2526 913 2591 illam
958 2524 1241 2590 describit
1277 2522 1607 2589 Sallustius
1616 2572 1636 2601 ‚
1683 2548 1810 2590 non
1853 2530 1982 2589 iam
2013 2528 2288 2612 pessima
2324 2527 2404 2590 ac'
2428 2525 2797 2611 flagitiosis-

736 2622 914 2695 sima,
952 2620 1107 2683 sicut
1140 2619 1271 2703 ipse
1308 2621 1417 2693 ait,
1454 2622 1561 2683 sed
1594 2622 1842 2684 omnino
1879 2620 2052 2683 nulla
2088 2632 2218 2684 erat
2252 2621 2581 2685 secundum
2616 2622 2795 2683 istam

735 2717 1063 2789 rationem,
1103 2736 1288 2799 quam
1324 2716 1658 2801 disputatio
1696 2717 1769 2779 de
1803 2736 1869 2779 re
1893 2714 2152 2799 publica
2183 2717 2342 2779 inter
2375 2738 2637 2800 maynos
2675 2718 2795 2779 eius

738 2822 869 2873 tam
892 2810 1209 2896 principes
1243 2808 1455 2873 habita
1484 2808 1790 2894 patefecit,
1829 2811 1982 2873 sicut
2016 2811 2199 2873 etiam
2231 2810 2362 2895 ipse
2397 2810 2641 2874 Tullius
2677 2832 2798 2875 non

743 2902 1048 2988 Scipionis
1096 2926 1203 2967 neo
1248 2905 1603 2988 cuiusquam
1637 2904 1914 2977 alterius,
1959 2904 2068 2967 sed
2096 2924 2206 2967 suo
2241 2924 2512 2967 sermone
2548 2904 2800 2989 loquens

738 2998 805 3059 in
840 2999 1155 3081 pvincipio
1202 2998 1403 3081 quinti
1447 2996 1591 3061 libri
1636 3008 2093 3061 commemorato
2130 2998 2314 3083 prius
2349 2997 2555 3061 Ennii
2577 3008 2800 3083 poetae

738 3112 931 3163 versu,
970 3112 1088 3174 quo
1126 3091 1367 3155 dixerat

978 3208 1263 3275 moribus
1298 3209 1577 3295 antiquis
1610 3232 1714 3275 res
1752 3220 1878 3275 stat
1911 3209 2207 3275 Romana
2239 3209 2542 3293 virisque,

740 3348 931 3411 quem
968 3327 1227 3413 quidem
1262 3329 1369 3395 ille
1398 3352 1664 3399 ,versum
1677 3374 1696 3405 ‚
1717 3331 1959 3417 inquit,
2005 3332 2108 3397 vel
2143 3330 2454 3395 brevitate
2486 3330 2594 3395 vel
2627 3330 2793 3397 veri-

738 3434 870 3487 tate
905 3434 1232 3507 tamquam
1268 3446 1350 3488 ex
1384 3424 1643 3489 oraculo
1679 3423 1838 3489 mihi
1871 3424 2150 3507 quodam
2186 3446 2325 3489 esse
2351 3422 2590 3489 effatus
2617 3424 2796 3489 vide·

738 3528 870 3593 tur3
910 3540 1066 3581 nam
1108 3538 1319 3600 neque
1354 3517 1506 3595 viri,
1558 3516 1682 3582 nisi
1715 3517 1808 3583 ita
1841 3526 2087 3583 morata
2121 3516 2346 3583 civitas
2381 3516 2639 3595 fuisset,
2683 3540 2794 3583 ne-

742 3632 867 3694 que
902 3633 1133 3687 meree,
1168 3610 1293 3675 nisi
1326 3611 1395 3675 hi
1428 3612 1549 3676 viri
1584 3612 2033 3698 praefuissent,
2070 3621 2181 3675 aut
2213 3610 2485 3676 fundare
2521 3622 2637 3676 aut
2660 3622 2794 3677 tam

742 3708 853 3771 diu
896 3718 1112 3773 tenere
1157 3707 1515 3794 potuissent
1558 3718 1804 3773 tantam
1847 3718 1912 3773 et
1953 3718 2087 3773 tam
2121 3706 2264 3771 fuse
2299 3706 2554 3790 lateque
2591 3706 2796 3793 im'pe-

740 3813 989 3867 rantem
1032 3826 1167 3867 rem
1212 3801 1557 3887 publicam.
1644 3801 1864 3887 itaque
1909 3813 2055 3868 ante
2098 3811 2382 3866 nostram
2417 3800 2794 3865 memoriam

742 3904 808 3959 et
848 3917 988 3960 mos
1030 3896 1169 3982 ipse
1210 3896 1455 3981 patrius
1498 3897 1884 3983 praestantis
1929 3896 2100 3962 viros
2136 3895 2482 3960 adhibebat
2517 3904 2581 3959 et
2617 3906 2794 3960 vete-

742 4008 875 4049 rem
918 4010 1165 4054 morem
1209 4012 1285 4055 ac
1328 3989 1645 4057 maiorum
1690 3991 1979 4058 instituta
2012 3990 2370 4056 retinebant
2406 3988 2794 4057 excellentes
