<?xml version="1.0" encoding="UTF-8"?>
<!DOCTYPE html PUBLIC "-//W3C//DTD XHTML 1.0 Transitional//EN"
    "http://www.w3.org/TR/xhtml1/DTD/xhtml1-transitional.dtd">
<html xmlns="http://www.w3.org/1999/xhtml" xml:lang="en" lang="en">
 <head>
  <title>
</title>
<meta http-equiv="Content-Type" content="text/html;charset=utf-8" />
  <meta name='ocr-system' content='tesseract 3.04.00' />
  <meta name='ocr-capabilities' content='ocr_page ocr_carea ocr_par ocr_line ocrx_word'/>
</head>
<body>
  <div class='ocr_page' id='page_1' title='image "./mtulliiciceroni03unkngoog_0287.png"; bbox 0 0 3292 4559; ppageno 0'>
   <div class='ocr_carea' id='block_1_1' title="bbox 621 236 2596 316">
    <p class='ocr_par' dir='ltr' id='par_1_1' title="bbox 621 236 2596 316">
     <span class='ocr_line' id='line_1_1' title="bbox 621 236 2596 316; baseline -0.002 0"><span class='ocrx_word' id='word_1_1' title='bbox 621 236 630 239; x_wconf 72' lang='grc'><strong>’</strong></span> <span class='ocrx_word' id='word_1_2' title='bbox 1179 258 1386 316; x_wconf 80' lang='lat' dir='ltr'>CATO</span> <span class='ocrx_word' id='word_1_3' title='bbox 1422 258 1673 314; x_wconf 81' lang='lat' dir='ltr'>MAIOR</span> <span class='ocrx_word' id='word_1_4' title='bbox 1707 259 1946 315; x_wconf 75' lang='lat'><strong>66—72.</strong></span> <span class='ocrx_word' id='word_1_5' title='bbox 2465 248 2596 313; x_wconf 80' lang='grc'><strong>257</strong></span> 
     </span>
    </p>
   </div>
   <div class='ocr_carea' id='block_1_2' title="bbox 515 382 2705 4050">
    <p class='ocr_par' dir='ltr' id='par_1_2' title="bbox 515 382 2705 4050">
     <span class='ocr_line' id='line_1_2' title="bbox 515 382 2597 470; baseline -0 -16"><span class='ocrx_word' id='word_1_6' title='bbox 515 410 606 454; x_wconf 85' lang='lat' dir='ltr'><strong>ne</strong></span> <span class='ocrx_word' id='word_1_7' title='bbox 625 386 1004 452; x_wconf 89' lang='lat' dir='ltr'><strong>diuturnum</strong></span> <span class='ocrx_word' id='word_1_8' title='bbox 1023 383 1281 467; x_wconf 90' lang='lat' dir='ltr'><strong>quidem</strong></span> <span class='ocrx_word' id='word_1_9' title='bbox 1306 384 1650 468; x_wconf 87' lang='lat' dir='ltr'><strong>quicquam</strong></span> <span class='ocrx_word' id='word_1_10' title='bbox 1678 382 1949 460; x_wconf 87' lang='lat' dir='ltr'><strong>videtur,</strong></span> <span class='ocrx_word' id='word_1_11' title='bbox 1975 382 2043 447; x_wconf 93' lang='lat' dir='ltr'><strong>in</strong></span> <span class='ocrx_word' id='word_1_12' title='bbox 2073 403 2201 466; x_wconf 92' lang='lat' dir='ltr'><strong>quo</strong></span> <span class='ocrx_word' id='word_1_13' title='bbox 2230 396 2328 449; x_wconf 91' lang='lat' dir='ltr'><strong>est</strong></span> <span class='ocrx_word' id='word_1_14' title='bbox 2354 384 2597 470; x_wconf 85' lang='lat' dir='ltr'><strong>aliquid</strong></span> 
     </span>
     <span class='ocr_line' id='line_1_3' title="bbox 515 476 2597 565; baseline -0 -19"><span class='ocrx_word' id='word_1_15' title='bbox 515 491 920 547; x_wconf 82' lang='lat' dir='ltr'><strong>extremum:</strong></span> <span class='ocrx_word' id='word_1_16' title='bbox 969 499 1118 543; x_wconf 88' lang='lat' dir='ltr'><strong>cum</strong></span> <span class='ocrx_word' id='word_1_17' title='bbox 1153 478 1324 542; x_wconf 90' lang='lat' dir='ltr'><strong>enim</strong></span> <span class='ocrx_word' id='word_1_18' title='bbox 1357 477 1425 541; x_wconf 93' lang='lat' dir='ltr'><strong>id</strong></span> <span class='ocrx_word' id='word_1_19' title='bbox 1460 476 1749 555; x_wconf 87' lang='lat' dir='ltr'><strong>advenit,</strong></span> <span class='ocrx_word' id='word_1_20' title='bbox 1795 486 1932 543; x_wconf 90' lang='lat' dir='ltr'><strong>tum</strong></span> <span class='ocrx_word' id='word_1_21' title='bbox 1966 478 2156 554; x_wconf 89' lang='lat' dir='ltr'><strong>illud,</strong></span> <span class='ocrx_word' id='word_1_22' title='bbox 2201 478 2375 561; x_wconf 91' lang='lat' dir='ltr'><strong>quod</strong></span> <span class='ocrx_word' id='word_1_23' title='bbox 2407 502 2597 565; x_wconf 89' lang='lat' dir='ltr'><strong>prae-</strong></span> 
     </span>
     <span class='ocr_line' id='line_1_4' title="bbox 517 572 2595 654; baseline 0.001 -15"><span class='ocrx_word' id='word_1_24' title='bbox 517 574 732 650; x_wconf 85' lang='lat' dir='ltr'><strong>teriit,</strong></span> <span class='ocrx_word' id='word_1_25' title='bbox 787 572 1044 638; x_wconf 83' lang='lat' dir='ltr'><strong>effluxit</strong></span> <span class='ocrx_word' id='word_1_26' title='bbox 1051 594 1070 648; x_wconf 83' lang='lat'><em>3</em></span> <span class='ocrx_word' id='word_1_27' title='bbox 1124 582 1374 635; x_wconf 91' lang='lat' dir='ltr'><strong>tantum</strong></span> <span class='ocrx_word' id='word_1_28' title='bbox 1427 582 1743 649; x_wconf 82' lang='lat' dir='ltr'>remanet,</span> <span class='ocrx_word' id='word_1_29' title='bbox 1799 572 1971 654; x_wconf 91' lang='lat' dir='ltr'><strong>quod</strong></span> <span class='ocrx_word' id='word_1_30' title='bbox 2022 573 2257 639; x_wconf 88' lang='lat' dir='ltr'><strong>virtute</strong></span> <span class='ocrx_word' id='word_1_31' title='bbox 2311 584 2375 640; x_wconf 91' lang='lat' dir='ltr'><strong>et</strong></span> <span class='ocrx_word' id='word_1_32' title='bbox 2423 584 2595 641; x_wconf 89' lang='lat' dir='ltr'><strong>recte</strong></span> 
     </span>
     <span class='ocr_line' id='line_1_5' title="bbox 519 664 2595 756; baseline 0 -22"><span class='ocrx_word' id='word_1_33' title='bbox 519 669 720 737; x_wconf 84' lang='lat' dir='ltr'><strong>factis</strong></span> <span class='ocrx_word' id='word_1_34' title='bbox 772 675 1155 733; x_wconf 89' lang='lat' dir='ltr'><strong>consecutus</strong></span> <span class='ocrx_word' id='word_1_35' title='bbox 1208 665 1314 731; x_wconf 89' lang='lat' dir='ltr'><strong>sis.</strong></span> <span class='ocrx_word' id='word_1_36' title='bbox 1409 664 1606 730; x_wconf 89' lang='lat' dir='ltr'><strong>horae</strong></span> <span class='ocrx_word' id='word_1_37' title='bbox 1654 665 1915 748; x_wconf 90' lang='lat' dir='ltr'><strong>quidem</strong></span> <span class='ocrx_word' id='word_1_38' title='bbox 1958 666 2195 733; x_wconf 88' lang='lat' dir='ltr'><strong>cedunt</strong></span> <span class='ocrx_word' id='word_1_39' title='bbox 2240 678 2303 733; x_wconf 92' lang='lat' dir='ltr'><strong>et</strong></span> <span class='ocrx_word' id='word_1_40' title='bbox 2349 668 2485 756; x_wconf 74' lang='lat' dir='ltr'><strong>dies</strong></span> <span class='ocrx_word' id='word_1_41' title='bbox 2529 680 2595 734; x_wconf 89' lang='lat' dir='ltr'><strong>et</strong></span> 
     </span>
     <span class='ocr_line' id='line_1_6' title="bbox 521 759 2597 845; baseline 0 -18"><span class='ocrx_word' id='word_1_42' title='bbox 521 783 784 827; x_wconf 85' lang='lat' dir='ltr'><strong>menses</strong></span> <span class='ocrx_word' id='word_1_43' title='bbox 822 770 889 828; x_wconf 92' lang='lat' dir='ltr'><strong>et</strong></span> <span class='ocrx_word' id='word_1_44' title='bbox 923 759 1096 835; x_wconf 89' lang='lat' dir='ltr'><strong>anni,</strong></span> <span class='ocrx_word' id='word_1_45' title='bbox 1131 780 1252 823; x_wconf 88' lang='lat' dir='ltr'><strong>nec</strong></span> <span class='ocrx_word' id='word_1_46' title='bbox 1285 760 1703 845; x_wconf 89' lang='lat' dir='ltr'><strong>praeteritum</strong></span> <span class='ocrx_word' id='word_1_47' title='bbox 1748 770 2003 844; x_wconf 92' lang='lat' dir='ltr'><strong>tempus</strong></span> <span class='ocrx_word' id='word_1_48' title='bbox 2039 782 2346 845; x_wconf 90' lang='lat' dir='ltr'><strong>umquam</strong></span> <span class='ocrx_word' id='word_1_49' title='bbox 2380 784 2597 829; x_wconf 88' lang='lat' dir='ltr'><strong>rever-</strong></span> 
     </span>
     <span class='ocr_line' id='line_1_7' title="bbox 523 853 2596 940; baseline 0 -19"><span class='ocrx_word' id='word_1_50' title='bbox 523 856 688 921; x_wconf 84' lang='lat' dir='ltr'><strong>titur</strong></span> <span class='ocrx_word' id='word_1_51' title='bbox 728 876 850 920; x_wconf 86' lang='lat' dir='ltr'><strong>nec</strong></span> <span class='ocrx_word' id='word_1_52' title='bbox 895 853 1054 937; x_wconf 91' lang='lat' dir='ltr'><strong>quid</strong></span> <span class='ocrx_word' id='word_1_53' title='bbox 1097 863 1402 937; x_wconf 90' lang='lat' dir='ltr'><strong>sequatur</strong></span> <span class='ocrx_word' id='word_1_54' title='bbox 1447 853 1594 919; x_wconf 90' lang='lat' dir='ltr'><strong>sciri</strong></span> <span class='ocrx_word' id='word_1_55' title='bbox 1638 863 1878 940; x_wconf 83' lang='lat' dir='ltr'><strong>potest:</strong></span> <span class='ocrx_word' id='word_1_56' title='bbox 1935 854 2111 936; x_wconf 93' lang='lat' dir='ltr'><strong>quod</strong></span> <span class='ocrx_word' id='word_1_57' title='bbox 2156 855 2387 938; x_wconf 85' lang='lat' dir='ltr'><strong>cuique</strong></span> <span class='ocrx_word' id='word_1_58' title='bbox 2432 866 2596 921; x_wconf 90' lang='lat' dir='ltr'><strong>tem·</strong></span> 
     </span>
     <span class='ocr_line' id='line_1_8' title="bbox 520 946 2691 1035; baseline 0 -22"><span class='ocrx_word' id='word_1_59' title='bbox 520 950 710 1035; x_wconf 86' lang='lat' dir='ltr'><strong>poris</strong></span> <span class='ocrx_word' id='word_1_60' title='bbox 746 948 828 1012; x_wconf 88' lang='lat' dir='ltr'><strong>ad</strong></span> <span class='ocrx_word' id='word_1_61' title='bbox 853 946 1206 1013; x_wconf 85' lang='lat' dir='ltr'><strong>vivendum</strong></span> <span class='ocrx_word' id='word_1_62' title='bbox 1234 946 1443 1023; x_wconf 89' lang='lat' dir='ltr'><strong>datur,</strong></span> <span class='ocrx_word' id='word_1_63' title='bbox 1481 969 1557 1013; x_wconf 93' lang='lat' dir='ltr'><strong>eo</strong></span> <span class='ocrx_word' id='word_1_64' title='bbox 1589 947 1781 1013; x_wconf 91' lang='lat' dir='ltr'><strong>debet</strong></span> <span class='ocrx_word' id='word_1_65' title='bbox 1817 957 1957 1013; x_wconf 73' lang='lat' dir='ltr'><strong>e&#39;sse</strong></span> <span class='ocrx_word' id='word_1_66' title='bbox 1986 957 2349 1025; x_wconf 82' lang='lat' dir='ltr'><strong>contentus3</strong></span> <span class='ocrx_word' id='word_1_67' title='bbox 2385 970 2594 1033; x_wconf 90' lang='lat' dir='ltr'><strong>neque</strong></span> <span class='ocrx_word' id='word_1_68' title='bbox 2637 967 2691 1007; x_wconf 81' lang='lat'><strong>‘1⁰</strong></span> 
     </span>
     <span class='ocr_line' id='line_1_9' title="bbox 525 1040 2595 1127; baseline -0.001 -18"><span class='ocrx_word' id='word_1_69' title='bbox 525 1043 716 1109; x_wconf 82' lang='lat' dir='ltr'><strong>enim</strong></span> <span class='ocrx_word' id='word_1_70' title='bbox 745 1040 1062 1118; x_wconf 88' lang='lat' dir='ltr'><strong>histrioni,</strong></span> <span class='ocrx_word' id='word_1_71' title='bbox 1113 1050 1188 1104; x_wconf 89' lang='lat' dir='ltr'><strong>ut</strong></span> <span class='ocrx_word' id='word_1_72' title='bbox 1222 1040 1503 1126; x_wconf 90' lang='lat' dir='ltr'><strong>placeat,</strong></span> <span class='ocrx_word' id='word_1_73' title='bbox 1555 1042 1927 1127; x_wconf 86' lang='lat' dir='ltr'><strong>peragenda</strong></span> <span class='ocrx_word' id='word_1_74' title='bbox 1969 1041 2193 1107; x_wconf 85' lang='lat' dir='ltr'><strong>fabula</strong></span> <span class='ocrx_word' id='word_1_75' title='bbox 2228 1051 2353 1118; x_wconf 89' lang='lat' dir='ltr'><strong>est,</strong></span> <span class='ocrx_word' id='word_1_76' title='bbox 2405 1042 2595 1106; x_wconf 89' lang='lat' dir='ltr'><strong>modo</strong></span> 
     </span>
     <span class='ocr_line' id='line_1_10' title="bbox 524 1134 2595 1221; baseline -0.001 -18"><span class='ocrx_word' id='word_1_77' title='bbox 524 1138 606 1203; x_wconf 87' lang='lat' dir='ltr'><strong>in</strong></span> <span class='ocrx_word' id='word_1_78' title='bbox 648 1156 1044 1220; x_wconf 86' lang='lat' dir='ltr'><strong>quocumque</strong></span> <span class='ocrx_word' id='word_1_79' title='bbox 1080 1134 1275 1199; x_wconf 79' lang='lat' dir='ltr'><strong>fuerit</strong></span> <span class='ocrx_word' id='word_1_80' title='bbox 1302 1145 1450 1199; x_wconf 90' lang='lat' dir='ltr'><strong>actu</strong></span> <span class='ocrx_word' id='word_1_81' title='bbox 1485 1136 1811 1221; x_wconf 86' lang='lat' dir='ltr'><strong>probetur,</strong></span> <span class='ocrx_word' id='word_1_82' title='bbox 1847 1157 2059 1219; x_wconf 90' lang='lat' dir='ltr'><strong>neque</strong></span> <span class='ocrx_word' id='word_1_83' title='bbox 2088 1134 2357 1221; x_wconf 83' lang='lat' dir='ltr'><strong>sapienti</strong></span> <span class='ocrx_word' id='word_1_84' title='bbox 2391 1156 2595 1219; x_wconf 90' lang='lat' dir='ltr'><strong>usque</strong></span> 
     </span>
     <span class='ocr_line' id='line_1_11' title="bbox 531 1228 2596 1317; baseline -0 -21"><span class='ocrx_word' id='word_1_85' title='bbox 531 1230 624 1296; x_wconf 86' lang='lat' dir='ltr'><strong>ad</strong></span> <span class='ocrx_word' id='word_1_86' title='bbox 665 1228 1001 1315; x_wconf 87' lang='lat' dir='ltr'><strong>‘plaudite’</strong></span> <span class='ocrx_word' id='word_1_87' title='bbox 1039 1228 1428 1294; x_wconf 88' lang='lat' dir='ltr'><strong>veniendum</strong></span> <span class='ocrx_word' id='word_1_88' title='bbox 1465 1240 1580 1295; x_wconf 88' lang='lat' dir='ltr'><strong>est.</strong></span> <span class='ocrx_word' id='word_1_89' title='bbox 1645 1230 1841 1296; x_wconf 85' lang='lat' dir='ltr'><strong>breve</strong></span> <span class='ocrx_word' id='word_1_90' title='bbox 1878 1230 2048 1295; x_wconf 90' lang='lat' dir='ltr'><strong>enim</strong></span> <span class='ocrx_word' id='word_1_91' title='bbox 2084 1241 2335 1317; x_wconf 90' lang='lat' dir='ltr'><strong>tempus</strong></span> <span class='ocrx_word' id='word_1_92' title='bbox 2372 1230 2596 1295; x_wconf 87' lang='lat' dir='ltr'><strong>aetatis</strong></span> 
     </span>
     <span class='ocr_line' id='line_1_12' title="bbox 529 1322 2596 1411; baseline -0.001 -20"><span class='ocrx_word' id='word_1_93' title='bbox 529 1324 692 1391; x_wconf 85' lang='lat' dir='ltr'><strong>satis</strong></span> <span class='ocrx_word' id='word_1_94' title='bbox 724 1324 992 1409; x_wconf 86' lang='lat' dir='ltr'><strong>longum</strong></span> <span class='ocrx_word' id='word_1_95' title='bbox 1028 1334 1123 1388; x_wconf 90' lang='lat' dir='ltr'><strong>est</strong></span> <span class='ocrx_word' id='word_1_96' title='bbox 1158 1323 1242 1387; x_wconf 91' lang='lat' dir='ltr'><strong>ad</strong></span> <span class='ocrx_word' id='word_1_97' title='bbox 1276 1322 1441 1388; x_wconf 91' lang='lat' dir='ltr'><strong>bene</strong></span> <span class='ocrx_word' id='word_1_98' title='bbox 1474 1323 1867 1406; x_wconf 81' lang='lat' dir='ltr'><strong>honesteque</strong></span> <span class='ocrx_word' id='word_1_99' title='bbox 1903 1324 2278 1390; x_wconf 85' lang='lat' dir='ltr'><strong>vivendum:</strong></span> <span class='ocrx_word' id='word_1_100' title='bbox 2316 1325 2413 1391; x_wconf 92' lang='lat' dir='ltr'><strong>sin</strong></span> <span class='ocrx_word' id='word_1_101' title='bbox 2448 1346 2596 1411; x_wconf 89' lang='lat' dir='ltr'><strong>pro-</strong></span> 
     </span>
     <span class='ocr_line' id='line_1_13' title="bbox 531 1416 2594 1507; baseline 0 -22"><span class='ocrx_word' id='word_1_102' title='bbox 531 1416 797 1485; x_wconf 77' lang='lat' dir='ltr'><strong>cesserit</strong></span> <span class='ocrx_word' id='word_1_103' title='bbox 829 1417 1108 1503; x_wconf 88' lang='lat' dir='ltr'><strong>longius,</strong></span> <span class='ocrx_word' id='word_1_104' title='bbox 1144 1439 1274 1482; x_wconf 93' lang='lat' dir='ltr'><strong>non</strong></span> <span class='ocrx_word' id='word_1_105' title='bbox 1302 1417 1509 1504; x_wconf 86' lang='lat' dir='ltr'><strong>magis</strong></span> <span class='ocrx_word' id='word_1_106' title='bbox 1541 1418 1887 1483; x_wconf 86' lang='lat' dir='ltr'><strong>dolendum</strong></span> <span class='ocrx_word' id='word_1_107' title='bbox 1922 1430 2019 1483; x_wconf 93' lang='lat' dir='ltr'><strong>est</strong></span> <span class='ocrx_word' id='word_1_108' title='bbox 2054 1440 2247 1503; x_wconf 90' lang='lat' dir='ltr'><strong>quam</strong></span> <span class='ocrx_word' id='word_1_109' title='bbox 2276 1419 2594 1507; x_wconf 78' lang='lat' dir='ltr'><strong>agricolae</strong></span> 
     </span>
     <span class='ocr_line' id='line_1_14' title="bbox 532 1511 2596 1599; baseline 0 -21"><span class='ocrx_word' id='word_1_110' title='bbox 532 1514 784 1589; x_wconf 90' lang='lat' dir='ltr'><strong>dolent,</strong></span> <span class='ocrx_word' id='word_1_111' title='bbox 828 1511 1174 1597; x_wconf 88' lang='lat' dir='ltr'><strong>praeterita</strong></span> <span class='ocrx_word' id='word_1_112' title='bbox 1213 1512 1394 1577; x_wconf 84' lang='lat' dir='ltr'><strong>verni</strong></span> <span class='ocrx_word' id='word_1_113' title='bbox 1442 1514 1744 1599; x_wconf 89' lang='lat' dir='ltr'><strong>temporis</strong></span> <span class='ocrx_word' id='word_1_114' title='bbox 1790 1513 2103 1579; x_wconf 87' lang='lat' dir='ltr'><strong>suavitate</strong></span> <span class='ocrx_word' id='word_1_115' title='bbox 2138 1524 2447 1580; x_wconf 82' lang='lat' dir='ltr'><strong>aestatem</strong></span> <span class='ocrx_word' id='word_1_116' title='bbox 2482 1537 2596 1579; x_wconf 93' lang='lat' dir='ltr'><strong>au-</strong></span> 
     </span>
     <span class='ocr_line' id='line_1_15' title="bbox 527 1608 2596 1692; baseline -0.002 -17"><span class='ocrx_word' id='word_1_117' title='bbox 527 1620 960 1691; x_wconf 85' lang='lat' dir='ltr'><strong>tumnumque</strong></span> <span class='ocrx_word' id='word_1_118' title='bbox 1006 1608 1284 1684; x_wconf 84' lang='lat' dir='ltr'><strong>venisse3</strong></span> <span class='ocrx_word' id='word_1_119' title='bbox 1338 1628 1452 1673; x_wconf 87' lang='lat' dir='ltr'><strong>ver</strong></span> <span class='ocrx_word' id='word_1_120' title='bbox 1496 1608 1667 1672; x_wconf 90' lang='lat' dir='ltr'><strong>enim</strong></span> <span class='ocrx_word' id='word_1_121' title='bbox 1718 1618 2045 1692; x_wconf 79' lang='lat' dir='ltr'><strong>tamquam</strong></span> <span class='ocrx_word' id='word_1_122' title='bbox 2098 1608 2596 1673; x_wconf 85' lang='lat' dir='ltr'><strong>adulescentiam</strong></span> 
     </span>
     <span class='ocr_line' id='line_1_16' title="bbox 529 1700 2597 1789; baseline -0.001 -22"><span class='ocrx_word' id='word_1_123' title='bbox 529 1702 856 1789; x_wconf 84' lang='lat' dir='ltr'><strong>significat</strong></span> <span class='ocrx_word' id='word_1_124' title='bbox 891 1701 1298 1785; x_wconf 87' lang='lat' dir='ltr'><strong>ostenditque</strong></span> <span class='ocrx_word' id='word_1_125' title='bbox 1323 1700 1570 1767; x_wconf 86' lang='lat' dir='ltr'><strong>fructus</strong></span> <span class='ocrx_word' id='word_1_126' title='bbox 1606 1701 1878 1778; x_wconf 86' lang='lat' dir='ltr'><strong>futuros,</strong></span> <span class='ocrx_word' id='word_1_127' title='bbox 1914 1702 2161 1785; x_wconf 88' lang='lat' dir='ltr'><strong>reliqua</strong></span> <span class='ocrx_word' id='word_1_128' title='bbox 2187 1710 2401 1765; x_wconf 89' lang='lat' dir='ltr'><strong>autem</strong></span> <span class='ocrx_word' id='word_1_129' title='bbox 2436 1711 2597 1765; x_wconf 92' lang='lat' dir='ltr'><strong>tem-</strong></span> 
     </span>
     <span class='ocr_line' id='line_1_17' title="bbox 527 1793 2597 1883; baseline 0 -24"><span class='ocrx_word' id='word_1_130' title='bbox 527 1818 697 1883; x_wconf 89' lang='lat' dir='ltr'><strong>pora</strong></span> <span class='ocrx_word' id='word_1_131' title='bbox 738 1794 1134 1860; x_wconf 88' lang='lat' dir='ltr'><strong>demetendis</strong></span> <span class='ocrx_word' id='word_1_132' title='bbox 1179 1794 1494 1861; x_wconf 89' lang='lat' dir='ltr'><strong>fructibus</strong></span> <span class='ocrx_word' id='word_1_133' title='bbox 1542 1805 1606 1861; x_wconf 91' lang='lat' dir='ltr'><strong>et</strong></span> <span class='ocrx_word' id='word_1_134' title='bbox 1645 1794 2069 1881; x_wconf 86' lang='lat' dir='ltr'><strong>percipiendis</strong></span> <span class='ocrx_word' id='word_1_135' title='bbox 2119 1793 2597 1859; x_wconf 88' lang='lat' dir='ltr'><strong>accommodata</strong></span> 
     </span>
     <span class='ocr_line' id='line_1_18' title="bbox 529 1887 2690 1973; baseline 0 -18"><span class='ocrx_word' id='word_1_136' title='bbox 529 1900 705 1955; x_wconf 86' lang='lat' dir='ltr'><strong>sunt.</strong></span> <span class='ocrx_word' id='word_1_137' title='bbox 791 1889 1040 1955; x_wconf 89' lang='lat' dir='ltr'><strong>fructus</strong></span> <span class='ocrx_word' id='word_1_138' title='bbox 1077 1899 1292 1955; x_wconf 90' lang='lat' dir='ltr'><strong>autem</strong></span> <span class='ocrx_word' id='word_1_139' title='bbox 1336 1890 1681 1955; x_wconf 87' lang='lat' dir='ltr'><strong>senectutis</strong></span> <span class='ocrx_word' id='word_1_140' title='bbox 1717 1900 1844 1966; x_wconf 91' lang='lat' dir='ltr'><strong>est,</strong></span> <span class='ocrx_word' id='word_1_141' title='bbox 1900 1899 1972 1954; x_wconf 90' lang='lat' dir='ltr'><strong>ut</strong></span> <span class='ocrx_word' id='word_1_142' title='bbox 2008 1910 2198 1973; x_wconf 87' lang='lat' dir='ltr'><strong>saepe</strong></span> <span class='ocrx_word' id='word_1_143' title='bbox 2235 1887 2397 1964; x_wconf 86' lang='lat' dir='ltr'><strong>dixi,</strong></span> <span class='ocrx_word' id='word_1_144' title='bbox 2450 1899 2595 1953; x_wconf 88' lang='lat' dir='ltr'><strong>ante</strong></span> <span class='ocrx_word' id='word_1_145' title='bbox 2639 1916 2690 1955; x_wconf 79' lang='lat' dir='ltr'><strong>u</strong></span> 
     </span>
     <span class='ocr_line' id='line_1_19' title="bbox 525 1982 2596 2071; baseline -0.002 -22"><span class='ocrx_word' id='word_1_146' title='bbox 525 1994 865 2071; x_wconf 85' lang='lat' dir='ltr'><strong>partorum</strong></span> <span class='ocrx_word' id='word_1_147' title='bbox 918 1982 1236 2048; x_wconf 90' lang='lat' dir='ltr'><strong>bonorum</strong></span> <span class='ocrx_word' id='word_1_148' title='bbox 1287 1983 1596 2049; x_wconf 90' lang='lat' dir='ltr'><strong>memoria</strong></span> <span class='ocrx_word' id='word_1_149' title='bbox 1647 1994 1714 2049; x_wconf 90' lang='lat' dir='ltr'><strong>et</strong></span> <span class='ocrx_word' id='word_1_150' title='bbox 1776 1983 1978 2068; x_wconf 86' lang='lat' dir='ltr'><strong>copia.</strong></span> <span class='ocrx_word' id='word_1_151' title='bbox 2085 1982 2299 2047; x_wconf 89' lang='lat' dir='ltr'><strong>omnia</strong></span> <span class='ocrx_word' id='word_1_152' title='bbox 2360 1991 2596 2058; x_wconf 88' lang='lat' dir='ltr'><strong>autem,</strong></span> 
     </span>
     <span class='ocr_line' id='line_1_20' title="bbox 525 2074 2595 2162; baseline -0.001 -21"><span class='ocrx_word' id='word_1_153' title='bbox 525 2099 705 2162; x_wconf 86' lang='lat' dir='ltr'><strong>quae</strong></span> <span class='ocrx_word' id='word_1_154' title='bbox 749 2076 1106 2143; x_wconf 87' lang='lat' dir='ltr'><strong>secundum</strong></span> <span class='ocrx_word' id='word_1_155' title='bbox 1147 2087 1446 2142; x_wconf 90' lang='lat' dir='ltr'><strong>naturam</strong></span> <span class='ocrx_word' id='word_1_156' title='bbox 1490 2078 1653 2143; x_wconf 87' lang='lat' dir='ltr'><strong>fiunt</strong></span> <span class='ocrx_word' id='word_1_157' title='bbox 1664 2124 1683 2155; x_wconf 97' lang='lat'><strong>,</strong></span> <span class='ocrx_word' id='word_1_158' title='bbox 1740 2088 1889 2143; x_wconf 90' lang='lat' dir='ltr'><strong>sunt</strong></span> <span class='ocrx_word' id='word_1_159' title='bbox 1931 2074 2229 2141; x_wconf 89' lang='lat' dir='ltr'><strong>habenda</strong></span> <span class='ocrx_word' id='word_1_160' title='bbox 2268 2075 2336 2139; x_wconf 93' lang='lat' dir='ltr'><strong>in</strong></span> <span class='ocrx_word' id='word_1_161' title='bbox 2378 2074 2595 2152; x_wconf 82' lang='lat' dir='ltr'><strong>bonis3</strong></span> 
     </span>
     <span class='ocr_line' id='line_1_21' title="bbox 525 2170 2595 2256; baseline -0.002 -19"><span class='ocrx_word' id='word_1_162' title='bbox 525 2171 697 2256; x_wconf 88' lang='lat' dir='ltr'><strong>quid</strong></span> <span class='ocrx_word' id='word_1_163' title='bbox 741 2183 838 2237; x_wconf 90' lang='lat' dir='ltr'><strong>est</strong></span> <span class='ocrx_word' id='word_1_164' title='bbox 888 2182 1105 2237; x_wconf 88' lang='lat' dir='ltr'><strong>autem</strong></span> <span class='ocrx_word' id='word_1_165' title='bbox 1157 2184 1291 2237; x_wconf 88' lang='lat' dir='ltr'><strong>tam</strong></span> <span class='ocrx_word' id='word_1_166' title='bbox 1347 2173 1701 2239; x_wconf 88' lang='lat' dir='ltr'><strong>secundum</strong></span> <span class='ocrx_word' id='word_1_167' title='bbox 1753 2184 2048 2237; x_wconf 88' lang='lat' dir='ltr'><strong>naturam</strong></span> <span class='ocrx_word' id='word_1_168' title='bbox 2095 2194 2289 2256; x_wconf 92' lang='lat' dir='ltr'><strong>quam</strong></span> <span class='ocrx_word' id='word_1_169' title='bbox 2335 2170 2595 2235; x_wconf 91' lang='lat' dir='ltr'><strong>senibus</strong></span> 
     </span>
     <span class='ocr_line' id='line_1_22' title="bbox 523 2264 2598 2353; baseline -0.001 -21"><span class='ocrx_word' id='word_1_170' title='bbox 523 2264 778 2332; x_wconf 79' lang='lat' dir='ltr'><strong>emori?</strong></span> <span class='ocrx_word' id='word_1_171' title='bbox 812 2265 987 2351; x_wconf 92' lang='lat' dir='ltr'><strong>quod</strong></span> <span class='ocrx_word' id='word_1_172' title='bbox 1020 2264 1193 2332; x_wconf 90' lang='lat' dir='ltr'><strong>idem</strong></span> <span class='ocrx_word' id='word_1_173' title='bbox 1229 2267 1538 2353; x_wconf 86' lang='lat' dir='ltr'><strong>contingit</strong></span> <span class='ocrx_word' id='word_1_174' title='bbox 1575 2265 2089 2333; x_wconf 85' lang='lat' dir='ltr'><strong>adulescentibus</strong></span> <span class='ocrx_word' id='word_1_175' title='bbox 2120 2265 2498 2330; x_wconf 88' lang='lat' dir='ltr'><strong>adversante</strong></span> <span class='ocrx_word' id='word_1_176' title='bbox 2534 2274 2598 2329; x_wconf 88' lang='lat' dir='ltr'><strong>et</strong></span> 
     </span>
     <span class='ocr_line' id='line_1_23' title="bbox 523 2359 2597 2445; baseline -0 -20"><span class='ocrx_word' id='word_1_177' title='bbox 523 2370 936 2444; x_wconf 84' lang='lat' dir='ltr'><strong>repugnante</strong></span> <span class='ocrx_word' id='word_1_178' title='bbox 978 2371 1228 2425; x_wconf 86' lang='lat' dir='ltr'><strong>natura.</strong></span> <span class='ocrx_word' id='word_1_179' title='bbox 1324 2359 1544 2445; x_wconf 88' lang='lat' dir='ltr'><strong>itaque</strong></span> <span class='ocrx_word' id='word_1_180' title='bbox 1600 2362 2041 2427; x_wconf 88' lang='lat' dir='ltr'><strong>adulescentes</strong></span> <span class='ocrx_word' id='word_1_181' title='bbox 2086 2360 2241 2425; x_wconf 90' lang='lat' dir='ltr'><strong>mihi</strong></span> <span class='ocrx_word' id='word_1_182' title='bbox 2292 2360 2453 2425; x_wconf 91' lang='lat' dir='ltr'><strong>mori</strong></span> <span class='ocrx_word' id='word_1_183' title='bbox 2505 2359 2597 2424; x_wconf 89' lang='lat' dir='ltr'><strong>sic</strong></span> 
     </span>
     <span class='ocr_line' id='line_1_24' title="bbox 525 2452 2599 2541; baseline -0 -23"><span class='ocrx_word' id='word_1_184' title='bbox 525 2452 866 2530; x_wconf 82' lang='lat' dir='ltr'><strong>videntur,</strong></span> <span class='ocrx_word' id='word_1_185' title='bbox 911 2463 984 2519; x_wconf 89' lang='lat' dir='ltr'><strong>ut</strong></span> <span class='ocrx_word' id='word_1_186' title='bbox 1022 2476 1170 2519; x_wconf 89' lang='lat' dir='ltr'><strong>cum</strong></span> <span class='ocrx_word' id='word_1_187' title='bbox 1215 2475 1421 2539; x_wconf 83' lang='lat' dir='ltr'><strong>aquae</strong></span> <span class='ocrx_word' id='word_1_188' title='bbox 1467 2455 1875 2521; x_wconf 89' lang='lat' dir='ltr'><strong>multitudine</strong></span> <span class='ocrx_word' id='word_1_189' title='bbox 1918 2456 2213 2521; x_wconf 87' lang='lat' dir='ltr'><strong>flammae</strong></span> <span class='ocrx_word' id='word_1_190' title='bbox 2249 2455 2348 2519; x_wconf 84' lang='lat' dir='ltr'><strong>vis</strong></span> <span class='ocrx_word' id='word_1_191' title='bbox 2386 2454 2599 2541; x_wconf 86' lang='lat' dir='ltr'><strong>oppri-</strong></span> 
     </span>
     <span class='ocr_line' id='line_1_25' title="bbox 529 2548 2599 2636; baseline -0 -23"><span class='ocrx_word' id='word_1_192' title='bbox 529 2548 755 2625; x_wconf 87' lang='lat' dir='ltr'><strong>mitur,</strong></span> <span class='ocrx_word' id='word_1_193' title='bbox 791 2569 974 2613; x_wconf 89' lang='lat' dir='ltr'><strong>senes</strong></span> <span class='ocrx_word' id='word_1_194' title='bbox 1004 2559 1223 2614; x_wconf 90' lang='lat' dir='ltr'><strong>autem</strong></span> <span class='ocrx_word' id='word_1_195' title='bbox 1258 2550 1369 2626; x_wconf 91' lang='lat' dir='ltr'><strong>sic,</strong></span> <span class='ocrx_word' id='word_1_196' title='bbox 1405 2560 1476 2615; x_wconf 89' lang='lat' dir='ltr'><strong>ut</strong></span> <span class='ocrx_word' id='word_1_197' title='bbox 1504 2571 1653 2617; x_wconf 90' lang='lat' dir='ltr'><strong>cum</strong></span> <span class='ocrx_word' id='word_1_198' title='bbox 1688 2573 1807 2615; x_wconf 86' lang='lat' dir='ltr'><strong>sua</strong></span> <span class='ocrx_word' id='word_1_199' title='bbox 1842 2561 2068 2636; x_wconf 90' lang='lat' dir='ltr'><strong>sponte</strong></span> <span class='ocrx_word' id='word_1_200' title='bbox 2100 2550 2279 2613; x_wconf 88' lang='lat' dir='ltr'><strong>nulla</strong></span> <span class='ocrx_word' id='word_1_201' title='bbox 2312 2548 2599 2617; x_wconf 87' lang='lat' dir='ltr'><strong>adhibita</strong></span> 
     </span>
     <span class='ocr_line' id='line_1_26' title="bbox 533 2642 2599 2730; baseline -0 -23"><span class='ocrx_word' id='word_1_202' title='bbox 533 2642 609 2707; x_wconf 83' lang='lat' dir='ltr'><strong>vi</strong></span> <span class='ocrx_word' id='word_1_203' title='bbox 648 2653 1058 2729; x_wconf 87' lang='lat' dir='ltr'><strong>consumptus</strong></span> <span class='ocrx_word' id='word_1_204' title='bbox 1100 2642 1268 2729; x_wconf 85' lang='lat' dir='ltr'><strong>ignis</strong></span> <span class='ocrx_word' id='word_1_205' title='bbox 1315 2644 1773 2730; x_wconf 86' lang='lat' dir='ltr'><strong>exstinguitur;</strong></span> <span class='ocrx_word' id='word_1_206' title='bbox 1820 2657 1883 2710; x_wconf 92' lang='lat' dir='ltr'><strong>et</strong></span> <span class='ocrx_word' id='word_1_207' title='bbox 1926 2644 2112 2727; x_wconf 90' lang='lat' dir='ltr'><strong>quasi</strong></span> <span class='ocrx_word' id='word_1_208' title='bbox 2153 2665 2346 2729; x_wconf 89' lang='lat' dir='ltr'><strong>poma</strong></span> <span class='ocrx_word' id='word_1_209' title='bbox 2381 2666 2462 2707; x_wconf 87' lang='lat' dir='ltr'><strong>ex</strong></span> <span class='ocrx_word' id='word_1_210' title='bbox 2497 2666 2599 2707; x_wconf 92' lang='lat' dir='ltr'><strong>ar-</strong></span> 
     </span>
     <span class='ocr_line' id='line_1_27' title="bbox 533 2734 2596 2815; baseline -0.001 -14"><span class='ocrx_word' id='word_1_211' title='bbox 533 2734 822 2812; x_wconf 82' lang='lat' dir='ltr'><strong>boribus,</strong></span> <span class='ocrx_word' id='word_1_212' title='bbox 861 2735 1060 2801; x_wconf 87' lang='lat' dir='ltr'><strong>cruda</strong></span> <span class='ocrx_word' id='word_1_213' title='bbox 1096 2737 1150 2801; x_wconf 91' lang='lat' dir='ltr'><strong>si</strong></span> <span class='ocrx_word' id='word_1_214' title='bbox 1175 2748 1344 2813; x_wconf 90' lang='lat' dir='ltr'><strong>sunt,</strong></span> <span class='ocrx_word' id='word_1_215' title='bbox 1380 2738 1490 2803; x_wconf 86' lang='lat' dir='ltr'><strong>vix</strong></span> <span class='ocrx_word' id='word_1_216' title='bbox 1521 2739 1902 2815; x_wconf 85' lang='lat' dir='ltr'><strong>evelluntur,</strong></span> <span class='ocrx_word' id='word_1_217' title='bbox 1939 2738 1993 2802; x_wconf 91' lang='lat' dir='ltr'><strong>si</strong></span> <span class='ocrx_word' id='word_1_218' title='bbox 2027 2748 2279 2802; x_wconf 91' lang='lat' dir='ltr'><strong>matura</strong></span> <span class='ocrx_word' id='word_1_219' title='bbox 2306 2746 2369 2801; x_wconf 90' lang='lat' dir='ltr'><strong>et</strong></span> <span class='ocrx_word' id='word_1_220' title='bbox 2397 2746 2596 2811; x_wconf 86' lang='lat' dir='ltr'><strong>cocta,</strong></span> 
     </span>
     <span class='ocr_line' id='line_1_28' title="bbox 535 2828 2598 2907; baseline -0.001 -13"><span class='ocrx_word' id='word_1_221' title='bbox 535 2829 877 2907; x_wconf 87' lang='lat' dir='ltr'><strong>decidunt,</strong></span> <span class='ocrx_word' id='word_1_222' title='bbox 933 2830 1025 2895; x_wconf 87' lang='lat' dir='ltr'><strong>sic</strong></span> <span class='ocrx_word' id='word_1_223' title='bbox 1075 2830 1275 2895; x_wconf 84' lang='lat' dir='ltr'><strong>vitam</strong></span> <span class='ocrx_word' id='word_1_224' title='bbox 1329 2831 1841 2898; x_wconf 87' lang='lat' dir='ltr'><strong>adulescentibus</strong></span> <span class='ocrx_word' id='word_1_225' title='bbox 1895 2832 1992 2895; x_wconf 85' lang='lat' dir='ltr'><strong>vis</strong></span> <span class='ocrx_word' id='word_1_226' title='bbox 2044 2831 2285 2907; x_wconf 87' lang='lat' dir='ltr'><strong>aufert,</strong></span> <span class='ocrx_word' id='word_1_227' title='bbox 2341 2828 2598 2894; x_wconf 88' lang='lat' dir='ltr'><strong>senibus</strong></span> 
     </span>
     <span class='ocr_line' id='line_1_29' title="bbox 533 2923 2598 3009; baseline -0.001 -20"><span class='ocrx_word' id='word_1_228' title='bbox 533 2923 904 3001; x_wconf 85' lang='lat' dir='ltr'><strong>maturitas3</strong></span> <span class='ocrx_word' id='word_1_229' title='bbox 961 2946 1128 3008; x_wconf 89' lang='lat' dir='ltr'><strong>quae</strong></span> <span class='ocrx_word' id='word_1_230' title='bbox 1164 2924 1426 3009; x_wconf 87' lang='lat' dir='ltr'><strong>quidem</strong></span> <span class='ocrx_word' id='word_1_231' title='bbox 1459 2926 1618 2991; x_wconf 91' lang='lat' dir='ltr'><strong>mihi</strong></span> <span class='ocrx_word' id='word_1_232' title='bbox 1652 2938 1784 2992; x_wconf 87' lang='lat' dir='ltr'><strong>tam</strong></span> <span class='ocrx_word' id='word_1_233' title='bbox 1820 2925 2101 2991; x_wconf 90' lang='lat' dir='ltr'><strong>iucunda</strong></span> <span class='ocrx_word' id='word_1_234' title='bbox 2137 2936 2262 3000; x_wconf 91' lang='lat' dir='ltr'><strong>est,</strong></span> <span class='ocrx_word' id='word_1_235' title='bbox 2314 2934 2417 3003; x_wconf 91' lang='lat' dir='ltr'><strong>ut,</strong></span> <span class='ocrx_word' id='word_1_236' title='bbox 2470 2943 2598 3007; x_wconf 90' lang='lat' dir='ltr'><strong>quo</strong></span> 
     </span>
     <span class='ocr_line' id='line_1_30' title="bbox 531 3016 2600 3105; baseline 0 -24"><span class='ocrx_word' id='word_1_237' title='bbox 531 3018 804 3105; x_wconf 89' lang='lat' dir='ltr'><strong>propius</strong></span> <span class='ocrx_word' id='word_1_238' title='bbox 840 3016 928 3082; x_wconf 89' lang='lat' dir='ltr'><strong>ad</strong></span> <span class='ocrx_word' id='word_1_239' title='bbox 961 3030 1229 3085; x_wconf 89' lang='lat' dir='ltr'><strong>mortem</strong></span> <span class='ocrx_word' id='word_1_240' title='bbox 1267 3020 1600 3097; x_wconf 87' lang='lat' dir='ltr'><strong>accedam,</strong></span> <span class='ocrx_word' id='word_1_241' title='bbox 1639 3020 1825 3105; x_wconf 88' lang='lat' dir='ltr'><strong>quasi</strong></span> <span class='ocrx_word' id='word_1_242' title='bbox 1859 3031 2093 3085; x_wconf 88' lang='lat' dir='ltr'><strong>terram</strong></span> <span class='ocrx_word' id='word_1_243' title='bbox 2129 3019 2345 3085; x_wconf 88' lang='lat' dir='ltr'><strong>videre</strong></span> <span class='ocrx_word' id='word_1_244' title='bbox 2379 3016 2600 3082; x_wconf 87' lang='lat' dir='ltr'><strong>videar</strong></span> 
     </span>
     <span class='ocr_line' id='line_1_31' title="bbox 537 3110 2599 3202; baseline -0 -25"><span class='ocrx_word' id='word_1_245' title='bbox 537 3110 1016 3195; x_wconf 84' lang='lat' dir='ltr'><strong>aliquandoque</strong></span> <span class='ocrx_word' id='word_1_246' title='bbox 1062 3112 1130 3177; x_wconf 92' lang='lat' dir='ltr'><strong>in</strong></span> <span class='ocrx_word' id='word_1_247' title='bbox 1172 3117 1429 3200; x_wconf 82' lang='lat' dir='ltr'><strong>portum</strong></span> <span class='ocrx_word' id='word_1_248' title='bbox 1464 3138 1547 3193; x_wconf 48' lang='lat' dir='ltr'><strong>‚ex</strong></span> <span class='ocrx_word' id='word_1_249' title='bbox 1581 3116 1779 3202; x_wconf 82' lang='lat' dir='ltr'><strong>longa</strong></span> <span class='ocrx_word' id='word_1_250' title='bbox 1818 3114 2225 3200; x_wconf 85' lang='lat' dir='ltr'><strong>navigatione</strong></span> <span class='ocrx_word' id='word_1_251' title='bbox 2270 3135 2409 3179; x_wconf 89' lang='lat' dir='ltr'><strong>esse</strong></span> <span class='ocrx_word' id='word_1_252' title='bbox 2444 3134 2599 3179; x_wconf 84' lang='lat' dir='ltr'><strong>ven-</strong></span> 
     </span>
     <span class='ocr_line' id='line_1_32' title="bbox 534 3208 2705 3285; baseline 0.001 -12"><span class='ocrx_word' id='word_1_253' title='bbox 534 3220 746 3273; x_wconf 81' lang='lat' dir='ltr'><strong>turus.</strong></span> <span class='ocrx_word' id='word_1_254' title='bbox 837 3208 1182 3273; x_wconf 88' lang='lat' dir='ltr'><strong>senectutis</strong></span> <span class='ocrx_word' id='word_1_255' title='bbox 1228 3220 1445 3275; x_wconf 88' lang='lat' dir='ltr'><strong>autem</strong></span> <span class='ocrx_word' id='word_1_256' title='bbox 1488 3211 1705 3277; x_wconf 87' lang='lat' dir='ltr'><strong>nullus</strong></span> <span class='ocrx_word' id='word_1_257' title='bbox 1751 3220 1846 3276; x_wconf 90' lang='lat' dir='ltr'><strong>est</strong></span> <span class='ocrx_word' id='word_1_258' title='bbox 1881 3219 2092 3275; x_wconf 87' lang='lat' dir='ltr'><strong>certus</strong></span> <span class='ocrx_word' id='word_1_259' title='bbox 2128 3208 2433 3274; x_wconf 88' lang='lat' dir='ltr'><strong>terminus</strong></span> <span class='ocrx_word' id='word_1_260' title='bbox 2446 3256 2464 3285; x_wconf 94' lang='lat'><strong>,</strong></span> <span class='ocrx_word' id='word_1_261' title='bbox 2500 3230 2601 3273; x_wconf 89' lang='lat' dir='ltr'><strong>re-</strong></span> <span class='ocrx_word' id='word_1_262' title='bbox 2633 3221 2705 3275; x_wconf 80' lang='lat'><strong>20</strong></span> 
     </span>
     <span class='ocr_line' id='line_1_33' title="bbox 537 3293 2695 3387; baseline -0.002 -21"><span class='ocrx_word' id='word_1_263' title='bbox 537 3312 776 3382; x_wconf 83' lang='lat' dir='ltr'><strong>cteque</strong></span> <span class='ocrx_word' id='word_1_264' title='bbox 807 3300 876 3364; x_wconf 93' lang='lat' dir='ltr'><strong>in</strong></span> <span class='ocrx_word' id='word_1_265' title='bbox 912 3322 989 3367; x_wconf 90' lang='lat' dir='ltr'><strong>ea</strong></span> <span class='ocrx_word' id='word_1_266' title='bbox 1014 3302 1271 3380; x_wconf 85' lang='lat' dir='ltr'><strong>vivitur,</strong></span> <span class='ocrx_word' id='word_1_267' title='bbox 1309 3303 1523 3387; x_wconf 91' lang='lat' dir='ltr'><strong>quoad</strong></span> <span class='ocrx_word' id='word_1_268' title='bbox 1557 3326 1793 3369; x_wconf 84' lang='lat' dir='ltr'><strong>munus</strong></span> <span class='ocrx_word' id='word_1_269' title='bbox 1823 3302 2017 3370; x_wconf 88' lang='lat' dir='ltr'><strong>officii</strong></span> <span class='ocrx_word' id='word_1_270' title='bbox 2045 3302 2309 3385; x_wconf 88' lang='lat' dir='ltr'><strong>exsequi</strong></span> <span class='ocrx_word' id='word_1_271' title='bbox 2346 3310 2409 3365; x_wconf 92' lang='lat' dir='ltr'><strong>et</strong></span> <span class='ocrx_word' id='word_1_272' title='bbox 2438 3300 2601 3364; x_wconf 91' lang='lat' dir='ltr'><strong>tueri</strong></span> <span class='ocrx_word' id='word_1_273' title='bbox 2632 3293 2695 3333; x_wconf 55' lang='grc' dir='ltr'>Π</span> 
     </span>
     <span class='ocr_line' id='line_1_34' title="bbox 537 3390 2603 3484; baseline -0 -29"><span class='ocrx_word' id='word_1_274' title='bbox 537 3391 759 3479; x_wconf 73' lang='lat' dir='ltr'><strong>possis</strong></span> <span class='ocrx_word' id='word_1_275' title='bbox 795 3390 1216 3482; x_wconf 88' lang='lat' dir='ltr'><strong>[mortemque</strong></span> <span class='ocrx_word' id='word_1_276' title='bbox 1253 3396 1719 3484; x_wconf 88' lang='lat' dir='ltr'><strong>contemnere];</strong></span> <span class='ocrx_word' id='word_1_277' title='bbox 1765 3419 1846 3462; x_wconf 86' lang='lat' dir='ltr'><strong>ex</strong></span> <span class='ocrx_word' id='word_1_278' title='bbox 1882 3417 2010 3479; x_wconf 91' lang='lat' dir='ltr'><strong>quo</strong></span> <span class='ocrx_word' id='word_1_279' title='bbox 2044 3396 2119 3459; x_wconf 89' lang='lat' dir='ltr'><strong>fit</strong></span> <span class='ocrx_word' id='word_1_280' title='bbox 2153 3404 2226 3457; x_wconf 92' lang='lat' dir='ltr'><strong>ut</strong></span> <span class='ocrx_word' id='word_1_281' title='bbox 2260 3391 2603 3457; x_wconf 89' lang='lat' dir='ltr'><strong>animosior</strong></span> 
     </span>
     <span class='ocr_line' id='line_1_35' title="bbox 542 3483 2605 3574; baseline -0.003 -21"><span class='ocrx_word' id='word_1_282' title='bbox 542 3486 748 3553; x_wconf 78' lang='lat' dir='ltr'><strong>etiam</strong></span> <span class='ocrx_word' id='word_1_283' title='bbox 797 3500 1086 3555; x_wconf 89' lang='lat' dir='ltr'><strong>senectus</strong></span> <span class='ocrx_word' id='word_1_284' title='bbox 1140 3492 1223 3554; x_wconf 88' lang='lat' dir='ltr'><strong>sit</strong></span> <span class='ocrx_word' id='word_1_285' title='bbox 1275 3510 1470 3574; x_wconf 88' lang='lat' dir='ltr'><strong>quam</strong></span> <span class='ocrx_word' id='word_1_286' title='bbox 1521 3489 1959 3557; x_wconf 85' lang='lat' dir='ltr'><strong>adulescentia</strong></span> <span class='ocrx_word' id='word_1_287' title='bbox 2010 3499 2075 3554; x_wconf 90' lang='lat' dir='ltr'><strong>et</strong></span> <span class='ocrx_word' id='word_1_288' title='bbox 2133 3486 2375 3551; x_wconf 88' lang='lat' dir='ltr'><strong>fortior.</strong></span> <span class='ocrx_word' id='word_1_289' title='bbox 2479 3483 2605 3548; x_wconf 92' lang='lat' dir='ltr'><strong>hoc</strong></span> 
     </span>
     <span class='ocr_line' id='line_1_36' title="bbox 541 3580 2604 3670; baseline -0.004 -21"><span class='ocrx_word' id='word_1_290' title='bbox 541 3580 708 3649; x_wconf 88' lang='lat' dir='ltr'><strong>illud</strong></span> <span class='ocrx_word' id='word_1_291' title='bbox 751 3593 874 3661; x_wconf 88' lang='lat' dir='ltr'><strong>est,</strong></span> <span class='ocrx_word' id='word_1_292' title='bbox 929 3585 1104 3667; x_wconf 91' lang='lat' dir='ltr'><strong>quod</strong></span> <span class='ocrx_word' id='word_1_293' title='bbox 1147 3583 1486 3649; x_wconf 88' lang='lat' dir='ltr'><strong>Pisistrato</strong></span> <span class='ocrx_word' id='word_1_294' title='bbox 1540 3596 1813 3670; x_wconf 84' lang='lat' dir='ltr'><strong>tyranno</strong></span> <span class='ocrx_word' id='word_1_295' title='bbox 1858 3607 1898 3648; x_wconf 94' lang='lat' dir='ltr'><strong>a</strong></span> <span class='ocrx_word' id='word_1_296' title='bbox 1945 3581 2182 3649; x_wconf 89' lang='lat' dir='ltr'><strong>Solone</strong></span> <span class='ocrx_word' id='word_1_297' title='bbox 2225 3599 2604 3663; x_wconf 88' lang='lat' dir='ltr'><strong>responsum</strong></span> 
     </span>
     <span class='ocr_line' id='line_1_37' title="bbox 547 3672 2605 3763; baseline -0.009 -11"><span class='ocrx_word' id='word_1_298' title='bbox 547 3684 676 3751; x_wconf 66' lang='lat'><strong>08¹2,</strong></span> <span class='ocrx_word' id='word_1_299' title='bbox 727 3696 874 3739; x_wconf 85' lang='lat' dir='ltr'><strong>cum</strong></span> <span class='ocrx_word' id='word_1_300' title='bbox 915 3674 1010 3741; x_wconf 90' lang='lat' dir='ltr'><strong>illi</strong></span> <span class='ocrx_word' id='word_1_301' title='bbox 1052 3676 1412 3761; x_wconf 84' lang='lat' dir='ltr'><strong>quaerenti,</strong></span> <span class='ocrx_word' id='word_1_302' title='bbox 1466 3700 1596 3763; x_wconf 90' lang='lat' dir='ltr'><strong>qua</strong></span> <span class='ocrx_word' id='word_1_303' title='bbox 1637 3679 1902 3743; x_wconf 89' lang='lat' dir='ltr'><strong>tandem</strong></span> <span class='ocrx_word' id='word_1_304' title='bbox 1946 3698 2016 3741; x_wconf 89' lang='lat' dir='ltr'><strong>re</strong></span> <span class='ocrx_word' id='word_1_305' title='bbox 2059 3672 2261 3739; x_wconf 85' lang='lat' dir='ltr'><strong>fretus</strong></span> <span class='ocrx_word' id='word_1_306' title='bbox 2308 3672 2429 3737; x_wconf 90' lang='lat' dir='ltr'><strong>sibi</strong></span> <span class='ocrx_word' id='word_1_307' title='bbox 2472 3683 2605 3736; x_wconf 88' lang='lat' dir='ltr'><strong>tam</strong></span> 
     </span>
     <span class='ocr_line' id='line_1_38' title="bbox 551 3763 2605 3859; baseline -0.002 -26"><span class='ocrx_word' id='word_1_308' title='bbox 551 3768 877 3835; x_wconf 86' lang='lat' dir='ltr'><strong>audaciter</strong></span> <span class='ocrx_word' id='word_1_309' title='bbox 910 3770 1266 3849; x_wconf 87' lang='lat' dir='ltr'><strong>obsisteret,</strong></span> <span class='ocrx_word' id='word_1_310' title='bbox 1300 3771 1703 3859; x_wconf 89' lang='lat' dir='ltr'><strong>respondisse</strong></span> <span class='ocrx_word' id='word_1_311' title='bbox 1741 3770 1969 3837; x_wconf 87' lang='lat' dir='ltr'><strong>dicitur</strong></span> <span class='ocrx_word' id='word_1_312' title='bbox 2006 3766 2403 3835; x_wconf 68' lang='lat' dir='ltr'><strong>‘senectute&#39;</strong></span> <span class='ocrx_word' id='word_1_313' title='bbox 2492 3763 2605 3830; x_wconf 94' lang='lat' dir='ltr'><strong>sed</strong></span> 
     </span>
     <span class='ocr_line' id='line_1_39' title="bbox 552 3862 2605 3954; baseline 0 -27"><span class='ocrx_word' id='word_1_314' title='bbox 552 3863 808 3930; x_wconf 84' lang='lat' dir='ltr'><strong>vivendi</strong></span> <span class='ocrx_word' id='word_1_315' title='bbox 852 3877 949 3931; x_wconf 91' lang='lat' dir='ltr'><strong>est</strong></span> <span class='ocrx_word' id='word_1_316' title='bbox 994 3867 1140 3931; x_wconf 87' lang='lat' dir='ltr'><strong>finis</strong></span> <span class='ocrx_word' id='word_1_317' title='bbox 1186 3868 1492 3954; x_wconf 89' lang='lat' dir='ltr'><strong>optimus,</strong></span> <span class='ocrx_word' id='word_1_318' title='bbox 1549 3889 1696 3931; x_wconf 86' lang='lat' dir='ltr'><strong>cum</strong></span> <span class='ocrx_word' id='word_1_319' title='bbox 1741 3867 1992 3951; x_wconf 87' lang='lat' dir='ltr'><strong>integra</strong></span> <span class='ocrx_word' id='word_1_320' title='bbox 2034 3874 2247 3929; x_wconf 91' lang='lat' dir='ltr'><strong>mente</strong></span> <span class='ocrx_word' id='word_1_321' title='bbox 2292 3862 2605 3944; x_wconf 88' lang='lat' dir='ltr'><strong>certisque</strong></span> 
     </span>
     <span class='ocr_line' id='line_1_40' title="bbox 549 3957 2606 4050; baseline -0.002 -25"><span class='ocrx_word' id='word_1_322' title='bbox 549 3961 845 4027; x_wconf 86' lang='lat' dir='ltr'><strong>sensibus</strong></span> <span class='ocrx_word' id='word_1_323' title='bbox 882 3984 1045 4049; x_wconf 91' lang='lat' dir='ltr'><strong>opus</strong></span> <span class='ocrx_word' id='word_1_324' title='bbox 1088 3963 1232 4050; x_wconf 89' lang='lat' dir='ltr'><strong>ipsa</strong></span> <span class='ocrx_word' id='word_1_325' title='bbox 1276 3986 1465 4029; x_wconf 90' lang='lat' dir='ltr'><strong>suum</strong></span> <span class='ocrx_word' id='word_1_326' title='bbox 1510 3961 1737 4027; x_wconf 90' lang='lat' dir='ltr'><strong>eadem</strong></span> <span class='ocrx_word' id='word_1_327' title='bbox 1771 3982 1937 4045; x_wconf 86' lang='lat' dir='ltr'><strong>quae</strong></span> <span class='ocrx_word' id='word_1_328' title='bbox 1974 3957 2447 4044; x_wconf 84' lang='lat' dir='ltr'><strong>coagmentavit</strong></span> <span class='ocrx_word' id='word_1_329' title='bbox 2489 3979 2606 4021; x_wconf 86' lang='lat' dir='ltr'><strong>na-</strong></span> 
     </span>
    </p>
   </div>
   <div class='ocr_carea' id='block_1_3' title="bbox 549 4050 2606 4209">
    <p class='ocr_par' dir='ltr' id='par_1_3' title="bbox 549 4050 2606 4209">
     <span class='ocr_line' id='line_1_41' title="bbox 549 4050 2606 4137; baseline -0.001 -18"><span class='ocrx_word' id='word_1_330' title='bbox 549 4066 696 4119; x_wconf 81' lang='lat' dir='ltr'><strong>tura</strong></span> <span class='ocrx_word' id='word_1_331' title='bbox 741 4056 1049 4123; x_wconf 85' lang='lat' dir='ltr'><strong>dissolvit.</strong></span> <span class='ocrx_word' id='word_1_332' title='bbox 1139 4070 1213 4125; x_wconf 92' lang='lat' dir='ltr'><strong>ut</strong></span> <span class='ocrx_word' id='word_1_333' title='bbox 1256 4080 1520 4137; x_wconf 84' lang='lat' dir='ltr'><strong>navem,</strong></span> <span class='ocrx_word' id='word_1_334' title='bbox 1573 4067 1647 4122; x_wconf 91' lang='lat' dir='ltr'><strong>ut</strong></span> <span class='ocrx_word' id='word_1_335' title='bbox 1700 4055 2060 4123; x_wconf 87' lang='lat' dir='ltr'><strong>aedificium</strong></span> <span class='ocrx_word' id='word_1_336' title='bbox 2111 4052 2287 4118; x_wconf 87' lang='lat' dir='ltr'><strong>idem</strong></span> <span class='ocrx_word' id='word_1_337' title='bbox 2338 4050 2606 4119; x_wconf 88' lang='lat' dir='ltr'><strong>destruit</strong></span> 
     </span>
     <span class='ocr_line' id='line_1_42' title="bbox 658 4152 2242 4209; baseline 0.01 -10"><span class='ocrx_word' id='word_1_338' title='bbox 658 4156 880 4201; x_wconf 64' lang='lat' dir='ltr'><strong>ciceronis</strong></span> <span class='ocrx_word' id='word_1_339' title='bbox 898 4159 976 4203; x_wconf 76' lang='grc' dir='ltr'><strong><em>υοι.</em></strong></span> <span class='ocrx_word' id='word_1_340' title='bbox 998 4158 1086 4203; x_wconf 75' lang='lat' dir='ltr'><strong>VH.</strong></span> <span class='ocrx_word' id='word_1_341' title='bbox 2175 4152 2242 4209; x_wconf 76' lang='lat'><strong>17</strong></span> 
     </span>
    </p>
   </div>
  </div>
 </body>
</html>
