3292 4559
954 222 1061 277 DE
1094 222 1198 280 RE
1232 223 1573 287 PUBLIOA
1605 224 1714 282 111.
1750 228 1819 283 47
1829 228 1992 282 --50.
2377 216 2505 283 221

416 358 529 415 tat
566 347 896 433 voluptate
929 346 1032 413 vel
1068 346 1361 414 molestia
1392 348 1734 438 frangitur.
1821 348 2101 435 (Nonius
2137 373 2200 417 v.
2237 354 2508 421 exultare

565 536 629 601 2.
702 536 796 601 Μ.
844 538 1081 607 Tullius
1118 539 1192 603 de
1222 560 1289 603 re
1312 538 1492 624 publ.
1532 540 1637 607 lib.
1675 540 1825 607 III.-
1875 538 2021 622 {Sed
2055 496 2130 608 ut
2160 540 2284 627 ipsi
2316 544 2352 624 ‘l’
2385 563 2504 607 seu

420 630 725 701 animum
783 631 1221 716 periclitentur
1274 654 1455 697 sum
1472 633 1696 700 vident
1749 634 1907 718 quid
1959 656 2028 701 se
2082 645 2309 722 putent
2361 658 2504 702 esse

419 726 741 799 facturos.
829 724 925 809 (N
924 746 1111 793 omns
1146 747 1209 791 v.
1235 729 1581 812 perieulum
1614 751 1679 818 p.
1716 728 1896 814 364.)

567 818 632 885 3.
702 819 798 887 Μ.
844 820 1083 885 Tullius
1120 822 1192 890 de
1224 840 1291 884 re
1313 821 1493 909 publ.
1533 822 1639 887 lib.
1677 824 1826 888 III.-
1877 820 2086 889 Poeni
2118 821 2308 909 primi
2338 844 2508 889 mer-

422 912 677 980 caturis
722 922 786 979 et
827 912 1147 979 mercibus
1194 913 1326 979 suis
1373 915 1709 985 avaritiam
1755 928 1820 983 et
1865 916 2406 1003 magnificentiam
2440 928 2506 983 et

420 1004 843 1093 inexplebilis
886 1006 1267 1092 cupiditates
1313 1009 1600 1075 omnium
1650 1032 1866 1079 rerum
1908 1010 2394 1098 inportaverunt
2437 1010 2508 1076 in

428 1100 809 1167 Graeciam.
898 1099 1179 1184 (Nonius
1214 1123 1276 1166 ν.
1310 1124 1483 1169 mera·
1515 1124 1579 1188 p.
1614 1103 1832 1190 431.)

573 1195 639 1259 4.
712 1194 1237 1282 Sardanapallus,
1276 1218 1393 1261 rem
1426 1199 1826 1283 Assyriorum
1863 1200 2234 1275 luem-iosus,
2281 1201 2355 1265 de
2391 1220 2508 1285 quo

434 1290 691 1355 Tullius
735 1292 803 1355 in
850 1292 1021 1355 tertio
1059 1293 1132 1355 de
1165 1312 1231 1355 re
1253 1290 1511 1375 publiea
1544 1294 1631 1357 sio
1667 1295 1786 1360 ait.-
1857 1290 2358 1380 Sardanapallus
2401 1292 2510 1359 ille

428 1383 615 1449 vitiis
660 1383 865 1451 multo
910 1404 1107 1468 quam
1150 1383 1407 1453 nomine
1451 1384 1593 1471 ipso
1638 1385 2002 1455 deformior.
2088 1385 2509 1471 (scholiastes

427 1476 769 1546 Iuvenalis
808 1479 893 1543 ad
924 1490 1039 1555 sat.
1076 1476 1171 1555 X,
1205 1477 1389 1564 362.)
1414 1515 1503 1527 --
1535 1481 1806 1545 Tullius:
1839 1481 1971 1547 Hic
2007 1479 2510 1568 Sardanapallus

428 1571 690 1658 turpior
732 1570 904 1637 vitiis
949 1592 1147 1656 quam
1189 1573 1445 1642 nomine
1488 1573 1650 1641 adeo
1691 1574 2058 1644 luxuriosus
2109 1572 2312 1645 fiiim
2354 1575 2511 1641 dici-

430 1676 579 1743 tur,
625 1676 699 1735 ut
740 1664 810 1733 in
853 1666 1148 1751 sepulcro
1194 1688 1311 1733 suo
1356 1666 1552 1733 scribi
1586 1667 1840 1747 fecerit,
1886 1692 1964 1735 ea
1999 1668 2135 1735 sola
2167 1692 2238 1737 se
2272 1668 2510 1735 habere

430 1770 797 1836 mortuum,
842 1774 1009 1843 quae
1052 1759 1253 1827 libido
1290 1760 1427 1827 eius
1466 1762 1662 1828 etiam
1697 1784 1847 1829 cum
1879 1763 2125 1832 viveret
2156 1760 2508 1831 hauriendo

433 1865 948 1939 consumpserat.
1037 1852 1449 1938 (Vincentius
1483 1855 1734 1923 Bellov.
1774 1856 1947 1943 Speo-
1984 1858 2192 1923 histor.
2230 1856 2358 1932 ΙΠ,
2403 1855 2508 1921 93.

433 1950 521 2036 qf.
565 1944 705 2015 Cic.
750 1950 923 2013 Tusc.
963 1951 1120 2035 disp.
1157 1950 1245 2026 V,
1284 1949 1463 2035 101.)

573 2041 637 2107 5.
712 2042 926 2111 ‘Athos
961 2043 1255 2107 Athonis’
1294 2045 1561 2129 protulit
1609 2044 1817 2111 Cicero
1866 2048 1934 2109 in
1980 2045 2116 2110 III.
2165 2047 2237 2111 do
2288 2066 2354 2111 re
2385 2067 2512 2131 pu-

438 2138 638 2203 blica.-
707 2132 887 2217 Quid
933 2158 1087 2223 ergo
1130 2137 1243 2203 illa
1286 2137 1410 2202 sibi
1446 2137 1579 2203 volt
1614 2138 1895 2205 absurda
1931 2138 2250 2225 exceptiO,
2297 2136 2421 2207 nisi
2456 2137 2512 2201 si

317 2290 319 2323 ‚
436 2231 589 2318 quis
637 2230 963 2295 Athonem
1014 2254 1132 2317 pro
1186 2242 1599 2300 monumento
1648 2233 1784 2299 volt
1826 2233 2114 2301 funditus
2148 2236 2183 2315 †
2218 2231 2511 2301 efficere?

438 2326 591 2410 quis
639 2324 811 2389 enim
856 2335 954 2391 est
998 2325 1211 2391 Athos
1255 2337 1367 2393 aut
1412 2324 1738 2414 Olympus
1789 2328 2042 2395 tantus?
2109 2326 2510 2411 (Priscianus

319 2402 322 2457 ἕ
434 2419 568 2495 Vr,
609 2418 711 2495 13,
749 2420 799 2502 ς.
841 2418 940 2483 70.
975 2442 1039 2505 p.
1080 2419 1225 2485 710.
1262 2420 1375 2507 P.)

578 2512 641 2576 6.
711 2514 948 2577 Enitar
981 2536 1089 2577 suo
1127 2516 1282 2590 2000,
1330 2527 1399 2579 ut
1433 2517 1747 2580 ostendam
1781 2518 2105 2580 secundum
2139 2516 2512 2603 definitiones

441 2608 646 2694 ipsius
686 2605 1017 2683 Ciceronis,
1055 2608 1274 2693 quibus
1310 2612 1463 2695 quid
1493 2612 1575 2673 eit
1601 2631 1704 2674 >res
1727 2610 1984 2695 publiea
2016 2620 2074 2674 et
2107 2610 2259 2696 quid
2288 2610 2370 2673 eit
2392 2631 2514 2694 po·

432 2700 635 2787 pulus
682 2701 955 2785 loquente
991 2700 1275 2787 Scipione
1310 2702 1563 2767 breviter
1584 2706 1830 2787 posuit,
1878 2702 2298 2767 attestantibus
2333 2704 2514 2765 etiam

444 2794 663 2857 multis
715 2795 837 2857 sive
886 2796 1081 2880 ipsim
1133 2797 1256 2859 sive
1308 2816 1541 2872 eorum,
1597 2817 1748 2880 quoa
1806 2796 1974 2880 loqui
1999 2795 2157 2879 feeit
2196 2797 2266 2857 in
2310 2796 2516 2857 eadem

448 2888 893 2973 disputatione,
941 2890 1277 2963 sementim,
1322 2909 1656 2973 numquam
1698 2888 1874 2951 illam
1902 2886 2104 2973 fuisse
2145 2906 2272 2951 rem
2303 2886 2517 2972 publi-

450 3003 620 3054 cam,
677 2981 825 3065 quia
874 3003 1209 3066 numquam
1263 2983 1332 3045 in
1384 3003 1454 3045 ea
1490 2980 1626 3066 fuit
1667 3000 1810 3043 vera
1853 2980 2106 3043 iustitia.
2194 2981 2517 3043 secundum

438 3074 899 3165 probabiliores
935 3087 1135 3141 autem
1169 3076 1547 3163 definitiones
1572 3096 1696 3161 pro
1733 3097 1841 3138 suo
1875 3076 2054 3138 modo
2091 3076 2390 3161 quaedam
2421 3095 2517 3137 res

440 3171 707 3258 publiea
745 3168 881 3255 suit
932 3182 987 3235 et
1028 3171 1241 3234 melius
1286 3169 1365 3233 ab
1412 3167 1860 3255 antiquioribus
1905 3166 2206 3233 Romanis
2250 3190 2436 3254 quam
2479 3190 2520 3231 a

440 3263 891 3353 posterioribus
944 3266 1376 3329 administrata
1428 3275 1531 3328 est.
1618 3259 2058 3347 (Augustinus
2102 3264 2176 3326 de
2219 3265 2377 3326 civit.
2425 3264 2521 3324 dei

594 3451 655 3515 7.
725 3358 913 3517 N2m0
956 3463 1045 3517 est
1087 3453 1249 3517 locus
1292 3463 1361 3515 ut
1404 3474 1589 3537 quam
1610 3462 1829 3537 potero
1867 3449 2120 3515 breviter
2153 3470 2225 3513 ao
2258 3450 2523 3513 dilucide
2564 3476 2620 3517 50

454 3548 807 3633 eapediam,
856 3548 1023 3633 quod
1062 3548 1132 3610 in
1174 3548 1430 3610 seeundo
1476 3544 1654 3608 huius
1700 3546 1898 3629 operis
1945 3543 2100 3607 libro
2143 3564 2238 3607 me
2280 3544 2523 3607 demon-

456 3652 799 3707 straturum
833 3662 955 3705 esse
978 3641 1262 3725 promisi,
1308 3640 1630 3703 secundum
1668 3638 2058 3723 definitiones,
2105 3636 2321 3722 quibus
2357 3637 2528 3721 apud

466 3736 815 3803 Ciceronem
858 3736 1053 3798 utitur
1086 3732 1293 3819 Scipio
1336 3734 1404 3796 in
1452 3732 1623 3796 libri-s
1670 3733 1743 3795 de
1775 3752 1840 3795 re
1863 3731 2145 3816 publiea,
2191 3750 2525 3815 numquam

321 3844 323 3903 ζ
460 3852 594 3895 rem
626 3829 947 3915 publicam
967 3827 1171 3914 fuisse
1204 3827 1575 3892 Romanam.
1667 3825 1920 3889 breviter
1953 3826 2113 3889 enim
2143 3846 2282 3890 rem
2315 3822 2526 3909 publi-

321 3914 324 3991 ἓ
464 3945 613 3990 cam
656 3924 866 4009 definit
909 3943 1049 3987 esse
1091 3943 1228 3987 rem
1270 3920 1512 4006 populi.
1601 3940 1757 4005 quae
1809 3918 2076 4005 definitio
2128 3921 2186 3982 ei
2235 3939 2377 3981 vera
2419 3927 2522 3991 est,

465 4038 805 4103 numquam
823 4016 960 4103 fuit
993 4015 1282 4081 Romana
1314 4036 1409 4079 res
1432 4014 1707 4100 publica,
1746 4014 1894 4098 quia
1927 4034 2259 4097 numquam
2271 4010 2406 4097 fuit
2431 4032 2526 4075 res
