3292 4559
1079 270 1185 325 nn
1224 268 1552 327 ormcns
1587 272 1640 326 1.
1688 270 1931 327 64-7o;
2142 310 2146 317 .
2450 259 2537 325 21
2560 338 2582 347 -

479 399 830 483 plenasque
872 395 1164 459 laborum
1201 406 1267 459 et
1299 394 1731 480 periculorum
1766 416 1914 459 cum
1950 394 2119 460 vitae
2132 441 2152 473 ,
2198 405 2339 459 tum
2370 396 2539 459 mul-

482 506 692 556 tarum
736 512 980 565 rerum,
1033 509 1202 572 quae
1245 490 1330 553 ad
1371 490 1574 553 vitam
1619 488 1961 574 pertinent.
2046 490 2275 553 harum
2320 510 2537 555 rerum
2572 508 2623 549 67

478 588 754 650 duarum
797 582 1101 669 splendor
1140 584 1380 660 omnis,
1425 583 1821 668 amplitudo,
1858 584 2026 648 addo
2072 583 2265 647 etiam
2298 582 2539 647 utilita-

479 694 642 755 tem,
691 679 761 743 in
816 675 1166 763 posteriore
1217 687 1342 754 est,
1405 698 1600 741 causa
1654 688 1869 742 autem
1923 689 1987 742 et
2038 678 2200 743 ratio
2252 677 2537 743 efficiens

445 828 452 836 .
479 794 746 859 magnos
781 772 951 837 viros
985 770 1055 836 in
1087 770 1298 856 priore
1310 795 1329 848 3
1363 771 1433 835 in
1469 793 1544 835 eo
1582 783 1681 836 est
1714 772 1885 836 enim
1911 772 2090 847 illud,
2126 771 2301 855 quod
2328 770 2541 837 excel-

477 868 666 931 lentis
711 866 960 931 animos
1007 876 1072 931 et
1114 865 1396 929 humana
1441 866 1903 930 contemnentis
1949 866 2121 929 facit.
2208 865 2279 929 id
2322 876 2539 929 autem

476 963 694 1046 ipsum
729 960 1008 1031 cernitur
1041 958 1107 1022 in
1145 957 1419 1033 duobus,
1454 958 1510 1021 si
1545 969 1613 1023 et
1639 960 1848 1022 solum
1872 958 1959 1033 id,
1996 958 2173 1041 quod
2198 958 2540 1023 honestum

480 1056 593 1130 sit,
639 1054 884 1118 bonum
928 1052 1172 1117 iudices
1210 1063 1275 1117 et
1309 1052 1392 1116 ab
1429 1052 1604 1116 omni
1639 1052 1836 1116 animi
1867 1052 2345 1137 perturbatione
2378 1051 2539 1115 liber

481 1148 598 1213 sis:
635 1168 790 1211 nam
823 1158 888 1211 et
924 1168 1020 1225 ea,
1058 1167 1224 1229 quae
1261 1145 1494 1211 eximia
1527 1145 1852 1231 plerisque
1880 1157 1942 1211 et
1966 1147 2293 1231 praeclara
2317 1144 2543 1211 viden-

477 1253 606 1317 tur,
640 1262 840 1325 parva
875 1240 1110 1306 ducere
1146 1262 1351 1324 eaque
1383 1240 1629 1305 ratione
1666 1239 1880 1305 stabili
1912 1240 2223 1323 firmaque
2255 1250 2541 1305 contem-

477 1356 630 1401 nere
674 1334 854 1399 fortis
899 1334 1096 1399 animi
1140 1333 1488 1421 magnique
1532 1334 1899 1401 ducendum
1935 1345 2063 1411 est,
2111 1345 2175 1400 et
2220 1356 2325 1412 ea,
2370 1355 2539 1419 quae

477 1430 776 1493 videntur
819 1427 1080 1505 acerba,
1134 1448 1301 1512 quae
1345 1430 1548 1493 multa
1593 1440 1661 1495 et
1700 1430 1881 1495 varia
1920 1424 1990 1494 in
2032 1428 2364 1493 hominum
2409 1428 2541 1493 vita

477 1523 862 1605 fortunaque
908 1532 1273 1600 versantur,
1319 1522 1412 1587 ita
1446 1524 1642 1601 ferre,
1689 1535 1762 1588 ut
1796 1524 1954 1589 nihil
1990 1546 2031 1587 a
2064 1534 2237 1588 statu
2272 1533 2543 1587 naturae

477 1617 801 1692 discedas,
857 1617 1018 1683 nihil
1063 1640 1104 1683 a
1147 1617 1459 1701 dignitate
1507 1618 1846 1703 sapientis,
1902 1618 2149 1683 robusti
2202 1617 2398 1682 animi
2445 1627 2542 1681 est

477 1731 880 1795 magnaeque
935 1711 1352 1775 constantiae.
1439 1732 1568 1776 non
1617 1723 1716 1777 est
1760 1722 1975 1777 autem
2020 1722 2537 1786 consentaneum,

478 1804 596 1886 qui
628 1813 806 1867 metu
839 1822 969 1865 non
1003 1802 1358 1887 frangatur,
1396 1826 1544 1867 eum
1580 1804 1795 1889 frangi
1831 1804 2175 1889 cupiditate
2188 1851 2205 1882 ,
2240 1825 2391 1881 nec,
2427 1802 2543 1885 qui

477 1895 790 1960 invictum
817 1916 888 1959 se
913 1917 954 1958 a
979 1895 1198 1961 labore
1223 1896 1632 1980 praestiterit,
1674 1898 1847 1961 vinci
1873 1920 1912 1960 a
1940 1899 2297 1982 voluptate:
2344 1918 2543 1980 quam

478 1992 566 2055 ob
610 2012 750 2054 rem
795 1999 861 2053 et
903 1988 1064 2053 haec
1107 1989 1371 2055 vitanda
1405 2002 1470 2054 et
1503 1991 1817 2076 pecuniae
1850 1991 2161 2077 fugienda
2194 1992 2509 2077 cupiditas
2519 2016 2539 2067 3

478 2085 638 2151 nihil
691 2085 863 2151 enim
905 2098 1002 2150 est
1045 2096 1180 2150 tam
1235 2086 1492 2171 angusti
1546 2087 1741 2151 animi
1794 2099 2053 2170 tamque
2108 2086 2291 2175 parvi
2343 2108 2544 2171 quam

481 2202 716 2245 amare·
743 2178 998 2244 divitias
1013 2227 1032 2256 ,
1080 2178 1238 2243 nihil
1282 2179 1611 2245 honestius
1658 2180 2297 2267 magnificentiusque
2344 2202 2540 2264 quam

477 2272 819 2359 pecuniam
853 2282 1278 2349 contemnere,
1315 2274 1528 2339 sinon
1555 2274 1819 2353 habeaS,
1856 2276 1909 2339 si
1936 2275 2197 2353 habeas,
2234 2275 2317 2341 ad
2344 2275 2541 2341 bene-

479 2367 800 2432 ficentiam
843 2368 1415 2453 liberalitatemque
1469 2368 1779 2434 conferre.
1870 2370 2157 2435 cavenda
2208 2370 2415 2435 etiam·
2446 2380 2543 2434 est

475 2463 723 2548 gloriae
771 2463 1116 2548 cupiditas,
1161 2474 1236 2528 ut
1279 2486 1474 2549 supra
1509 2464 1675 2529 dixi:
1731 2464 1918 2549 eripit
1952 2465 2124 2531 enim
2158 2464 2538 2541 libertatem,

477 2580 594 2644 pro
645 2580 776 2642 qua
827 2559 1252 2645 magnanimis
1303 2558 1456 2624 viris
1511 2560 1719 2625 omnis
1772 2560 1967 2626 debet
2006 2582 2149 2627 esse
2194 2559 2540 2625 contentio.

477 2674 598 2717 nec
631 2674 784 2718 vero
819 2654 1088 2738 imperia
1121 2654 1483 2739 expetenda
1517 2676 1594 2719 ac
1627 2653 1845 2739 potius
1872 2666 1987 2721 aut
2012 2677 2143 2720 non
2170 2653 2543 2740 accipienda

477 2747 799 2811 interdum
835 2757 947 2811 aut
981 2747 1364 2831 deponenda
1398 2770 1531 2812 non
1561 2768 1940 2831 numquam.
2026 2748 2391 2813 vacandum
2426 2770 2541 2811 au·-

478 2851 612 2902 tem
666 2839 840 2902 omni
893 2852 991 2903 est
1045 2840 1242 2905 animi
1295 2842 1804 2925 perturbatione,
1866 2863 2016 2906 cum
2076 2841 2423 2927 cupiditate
2476 2851 2543 2905 et

478 2943 687 3007 metu,
733 2943 872 2995 tum
917 2933 1109 2997 etiam
1153 2934 1552 3019 aegritudine
1597 2946 1665 2999 et
1707 2935 2034 3020 voluptate
2083 2945 2149 3000 et
2190 2934 2540 3011 iracundia,

479 3037 557 3090 ut
585 3027 1012 3109 tranquillitas
1047 3028 1246 3091 animi
1279 3038 1346 3093 et
1379 3028 1685 3093 securitas
1722 3029 1911 3106 adsit,
1948 3049 2114 3112 quae
2150 3029 2357 3095 adfert
2394 3050 2541 3094 cum

479 3121 906 3186 constantiam
940 3132 1079 3185 tum
1115 3121 1310 3187 etiam
1347 3122 1742 3207 dignitatem.
1830 3124 2017 3189 multi
2052 3135 2267 3189 autem
2304 3134 2367 3189 et
2390 3135 2539 3189 sunt

365 3256 372 3263 ·
475 3225 547 3281 et
581 3214 860 3291 fuerunt,
897 3215 1010 3297 qui
1047 3228 1208 3290 e‘am,
1244 3237 1440 3300 quam
1477 3216 1639 3293 dico,
1678 3218 2205 3301 tranquillitatem
2240 3230 2543 3304 expeten-

480 3322 578 3375 tes
624 3332 664 3373 a
705 3310 980 3396 negotiis
1033 3310 1306 3396 publicis
1351 3333 1420 3377 se
1465 3314 1853 3378 removerint
1894 3314 1978 3377 ad
2023 3314 2353 3397 otiumque
2396 3336 2541 3399 per-

479 3404 794 3489 fugerint3
849 3403 918 3471 in
959 3404 1057 3469 his
1105 3416 1170 3470 et
1201 3405 1582 3471 nobilissimi
1614 3407 1977 3492 philosophi
2010 3409 2329 3493 longeque
2365 3408 2539 3492 prin·-

478 3500 684 3608 cipes
695 3510 758 3563 et
793 3498 1054 3583 quidam
1089 3500 1378 3567 homines
1417 3503 1623 3567 severi
1660 3514 1723 3567 et
1755 3524 1987 3588 graves
2021 3526 2141 3569 nec
2174 3502 2395 3588 populi
2420 3523 2541 3567 nec

483 3593 848 3703 principum
889 3616 1096 3660 mores
1141 3595 1311 3661 ferre
1357 3607 1707 3681 potuerunt
1748 3597 2173 3681 vixeruntque
2219 3618 2351 3661 non
2380 3596 2543 3661 nulli

483 3690 554 3751 in
593 3689 768 3774 agris
814 3688 1110 3755 delectati
1143 3713 1214 3757 re
1249 3714 1366 3756 sua
1399 3691 1717 3757 familiari.
1804 3690 1905 3756 his
1939 3692 2113 3757 idem
2147 3690 2541 3783 propositum

485 3781 611 3844 fuit
643 3783 818 3865 quod
851 3784 1134 3871 regibus,
1169 3797 1242 3851 ut
1275 3809 1358 3853 ne
1391 3808 1524 3870 qua
1555 3808 1626 3851 re
1638 3797 1943 3875 egerent,
1978 3808 2059 3851 ne
2095 3786 2200 3851 cui
2225 3796 2541 3871 parerent,

485 3876 778 3941 libertate
829 3889 1186 3957 uterentur,
1252 3881 1434 3946 cuius
1487 3881 1836 3990 proprium·
1872 3891 1968 3946 est
2020 3881 2112 3945 sic
2163 3880 2407 3955 vivere,
2471 3892 2543 3941 ut

487 3968 668 4033 velis.
755 3992 884 4054 qua
925 3996 996 4039 re
1042 3998 1191 4040 cum
1235 3975 1358 4040 hoc
1403 3998 1742 4041 commune
1786 3975 1867 4041 sit
1912 3975 2233 4063 potentiae
2276 3973 2543 4059 cupido-

485 4086 632 4158 rum
667 4086 814 4129 cum
845 4066 944 4145 iis,
979 4089 1141 4151 quos
1179 4070 1330 4149 dixi,
1369 4070 1606 4148 otiosis,
1639 4071 1829 4137 alteri
1862 4094 1933 4137 se
1967 4069 2235 4156 adipisci
2262 4067 2330 4132 id
2354 4090 2541 4154 posse

2575 2770 2624 2810 69

2576 3716 2626 3755 ‘10

2575 3973 2645 4028 21
