3292 4559
975 275 1082 336 DE
1114 275 1219 333 RE
1250 275 1596 335 PUBmoA
1627 276 1738 333 111.
1763 231 2007 337 41-4'e
2397 266 2523 335 219
2619 263 2622 272 '

584 398 961 469 ‘Praeclare
997 401 1256 487 quidem
1292 402 1509 481 dieis3’
1555 399 1824 469 Laelius
1870 403 2136 469 ‘etenim
2169 404 2358 472 video
2393 406 2522 471 iam
2557 404 2626 457 32
2657 470 2666 477 ,
2709 464 2712 469 .
2773 498 2780 505 ἱ

441 519 585 583 quo
621 506 851 584 pergat
886 496 1131 561 oratio.’
1221 496 1428 561 ‘vides
1464 495 1664 582 igitur
1696 518 1780 562 ne
1813 498 1989 563 illam
2025 499 2314 583 quidem,
2352 523 2521 586 quae
2563 477 2617 517 ⁴4

440 604 591 659 tota
628 592 712 657 sit
746 592 817 655 in
849 590 1145 657 factionis
1179 600 1523 677 potestate,
1568 612 1758 677 posse
1794 614 1944 659 vere
1980 595 2106 660 dici
2139 618 2276 661 rem
2310 597 2521 682 publi·

442 687 641 755 cam?
733 686 857 751 ‘sic
898 686 1089 771 plane
1135 686 1391 752 iudico?
1480 692 1576 753 ‘et
1611 684 1622 772 Ι
1659 688 2009 755 rectissime
2045 690 2187 773 qui·
2243 688 2333 777 [p.
2374 691 2518 757 109.

441 783 603 847 dem
637 780 913 846 iudicas:
950 801 1117 864 quae
1154 780 1325 845 enim
1356 779 1479 845 fuit
1513 790 1654 845 tum
1682 780 2178 850 Atheniensium
2211 806 2336 861 res,
2371 806 2520 851 cum

440 885 603 964 post
640 896 948 961 magnum
984 874 1145 941 illud
1180 874 1804 961 Peloponnesiacum
1838 876 2078 943 bellum
2113 878 2376 963 triginta
2400 880 2520 945 viri

436 972 547 1035 illi
590 968 738 1035 urbi
786 968 1200 1035 iniustissime
1235 969 1691 1055 praefuerunt?
1758 994 1914 1035 num
1949 982 2062 1037 aut
2095 982 2281 1038 vetus
2315 970 2520 1059 gloria

440 1063 730 1131 civitatis
768 1072 879 1127 aut
914 1062 1160 1149 species
1194 1063 1523 1148 praeclara
1557 1064 1778 1150 oppidi
1821 1075 1930 1129 aut
1955 1065 2295 1143 theatrum,
2331 1087 2518 1153 gym-

436 1160 665 1236 nasia,
707 1156 991 1245 porticus
1028 1167 1139 1223 aut
1180 1159 1529 1244 propylaea
1573 1159 1814 1224 nobilia
1854 1170 1967 1225 aut
2009 1183 2126 1225 arx
2169 1171 2281 1226 aut
2315 1161 2519 1227 admi·

438 1253 658 1319 randa
720 1272 917 1337 opera
968 1250 1243 1318 Phidiae
1304 1263 1416 1318 aut
1464 1252 1737 1319 Piraeus
1789 1254 1897 1320 ille
1950 1254 2328 1341 magnificus
2380 1280 2518 1324 rem
2633 1282 2639 1285 ·

436 1348 780 1436 publicam
819 1346 1215 1413 efficiebat?'
1288 1347 1579 1414 ‘minime
1622 1350 1826 1424 ver0,'
1871 1348 2136 1416 Laelius
2183 1353 2518 1435 ‘quoniam

323 1466 326 1475 ·
439 1443 717 1528 quidem
750 1441 975 1527 populi
1012 1441 1023 1523 Ι
1060 1462 1163 1507 res
1196 1462 1326 1507 non
1362 1442 1539 1507 erat.'
1627 1442 1812 1526 ‘quid
1822 1444 1855 1507 Ρ
1904 1465 2052 1509 cum
2087 1445 2200 1511 de'·
2234 1441 2328 1533 [p.
2371 1448 2513 1512 110.

440 1536 717 1604 cemviri
778 1536 1025 1601 Romae
1086 1536 1221 1615 sine
1282 1536 1736 1621 provocatione
1804 1537 2094 1617 fuerunt,
2157 1542 2344 1606 tertio
2405 1542 2515 1607 illo

441 1653 653 1709 anno,
718 1652 866 1695 cum
929 1629 1239 1695 vindicias
1300 1630 1617 1697 amisisset
1676 1631 1818 1718 ipsa
1867 1632 2193 1699 libertas?’
2265 1636 2516 1720 ‘populi

438 1726 630 1791 nulla
671 1745 774 1789 res
812 1734 975 1801 erat3
1010 1723 1205 1789 immo
1241 1746 1394 1790 vero
1428 1724 1497 1789 id
1531 1725 1811 1811 populus
1845 1726 2008 1855 egit,
2053 1738 2125 1792 ut
2157 1750 2294 1793 rem
2331 1752 2514 1795 suam

438 1818 899 1905 recuperaret?

584 1910 827 1979 ‘Venio
889 1932 1061 1977 nunc
1114 1912 1198 1977 ad
1251 1912 1508 1977 tertium
1558 1934 1766 1999 genus
1817 1913 2007 1992 illud,
2067 1913 2137 1979 in
2188 1936 2318 1999 quo
2371 1940 2511 1983 esse
2547 1899 2616 1953 33

323 2054 325 2057 >
440 2008 844 2074 videbuntur
903 2005 1174 2072 fortasse
1240 2006 1603 2092 angustiae.
1677 2029 1824 2073 cum
1874 2031 1990 2094 per
2040 2010 2353 2095 populum
2405 2014 2514 2099 agi

323 2156 325 2161 .
442 2102 753 2170 dicuntur
788 2110 853 2167 et
888 2122 1027 2166 esse
1062 2100 1131 2165 in
1165 2101 1388 2187 populi
1420 2111 1734 2189 potestate
1771 2102 2002 2181 omnia,
2040 2125 2208 2181 cum,
2245 2104 2325 2172 de
2354 2128 2514 2191 quo-

323 2226 326 2257 e
442 2215 729 2280 cumque
764 2195 919 2273 volt,
956 2196 1344 2282 supplicium
1380 2196 1573 2261 sumit
1607 2197 1970 2276 multitudO,
2008 2210 2156 2265 c'um
2195 2200 2206 2285 Ι
2247 2200 2340 2289 [Ρ.
2361 2202 2510 2269 299.

444 2301 677 2380 agunt,
705 2289 985 2376 rapiunt,
1013 2301 1255 2369 tenent,
1288 2291 1605 2379 dissipant
1619 2314 1785 2376 quae
1813 2294 2056 2371 volunt,
2083 2305 2332 2382 potesne
2350 2307 2508 2375 tum,

439 2384 668 2462 Laeli,
714 2405 951 2470 negare
996 2405 1132 2449 rem
1176 2407 1299 2451 esse
1344 2384 1521 2451 illam
1554 2358 1929 2471 Ριῖὂῖῐὸειιιι,
1946 2408 2117 2453 cum
2127 2390 2350 2477 populi
2371 2392 2513 2457 sint

440 2478 686 2555 omnia,
714 2478 1018 2562 quoniam
1045 2478 1304 2563 quidem
1330 2479 1553 2565 populi
1582 2501 1724 2546 esse
1747 2502 1885 2547 rem
1912 2480 2208 2549 volumus
2237 2508 2373 2550 rem
2391 2508 2512 2572 Ριι-

442 2572 749 2637 blicam?’
786 2582 925 2636 tum
943 2572 1239 2638 Laelius·
1221 2621 1238 2637 .
1274 2579 1381 2639 ‘ac
1396 2574 1641 2639 nullam
1660 2574 1921 2659 quidem
1940 2575 2126 2643 citius
2145 2580 2512 2664 negauerim

442 2687 571 2732 esse
604 2688 744 2731 rem
781 2665 1129 2751 publicam,
1159 2689 1353 2752 quam
1388 2668 1576 2733 istam
1617 2689 1784 2752 quae
1815 2668 1968 2751 tolta
1994 2717 2237 2735 .......
2275 2694 2318 2757 p
2341 2721 2355 2736 .
2381 2674 2390 2756 Ι
2420 2697 2511 2758 pu

442 2808 770 2827 .........
794 2761 1600 2847 Ιιιι.ε.......Ιιιιο.....
1630 2761 1771 2828 obis
1805 2785 1936 2829 non
1961 2766 2202 2849 placuit
2232 2764 2512 2850 Syracu—

442 2858 533 2922 sis
582 2854 785 2921 fuisse
830 2878 966 2921 rem
1002 2854 1329 2941 publicam
1363 2877 1562 2939 neque
1595 2856 1944 2943 Agrigenti
1977 2880 2177 2943 neque
2211 2859 2509 2937 Athenis,

442 2971 599 3016 cum
618 2960 823 3014 essent
839 2950 1114 3061 tyranni,
1134 2972 1254 3017 nec
1273 2948 1397 3027 hic,
1419 2972 1565 3015 cum
1585 2950 1959 3028 decemviri3
1986 2951 2236 3037 neclvi-
2254 2950 2347 3039 [Ρ.
2360 2952 2506 3019 300.

440 3046 601 3121 de0,
668 3043 779 3128 qui
830 3044 1039 3130 magis
1088 3044 1157 3109 in
1209 3044 1635 3110 multitudinis
1689 3041 2017 3110 dominatu
2069 3044 2163 3112 rei
2212 3046 2508 3131 publicae

438 3160 684 3204 nomen
720 3134 1057 3222 adpareat,
1104 3138 1254 3223 quia
1288 3139 1581 3250 primum·
1600 3137 1758 3202 mihi
1792 3138 2070 3223 populus
2105 3162 2234 3205 non
2268 3151 2392 3219 est,
2437 3153 2509 3208 ut

441 3244 515 3299 tu
554 3232 793 3319 optime
829 3232 1128 3311 definisti,
1176 3232 1415 3320 Scipio,
1461 3232 1584 3299 nisi
1618 3234 1734 3318 qui
1767 3255 2084 3301 consensu
2116 3235 2271 3301 iuris
2308 3238 2513 3303 conti-

438 3338 653 3404 netur,
689 3327 804 3392 sed
840 3338 939 3393 est
972 3336 1105 3393 tam
1140 3338 1449 3413 tyrannus
1474 3328 1597 3392 iste
1626 3338 2001 3406 conventus,
2036 3350 2232 3413 quam
2259 3331 2314 3396 si
2341 3342 2509 3396 esset

438 3444 647 3499 unus,
699 3420 824 3487 hoc
878 3420 1071 3486 etiam
1122 3421 1414 3499 taetrior,
1466 3420 1619 3505 quia
1669 3422 1828 3487 nihil
1877 3421 2028 3499 ista,
2079 3444 2245 3507 quae
2288 3424 2510 3509 populi

440 3516 730 3604 speciem
766 3525 831 3582 et
864 3538 1100 3582 nomen
1134 3515 1451 3593 imitatur,
1494 3516 1814 3581 inmanius
1850 3515 2121 3582 beluast.
2201 3540 2322 3583 nec
2355 3540 2506 3584 vero

442 3609 775 3687 convenit,
818 3631 968 3675 cum
1012 3609 1398 3675 furiosorum
1442 3610 1615 3674 bona
1659 3609 1914 3696 legibus
1967 3610 2036 3675 in
2080 3610 2504 3697 adgnatorum

440 3714 761 3791 potestate
796 3703 943 3781 sint,
980 3703 1155 3787 quod
1189 3724 1410 3770 eorum
1442 3703 1574 3769 iam
1610 3702 1647 3738 ³*
1684 3704 1720 3739 ¹*
1757 3705 1793 3740 ³*

984 3798 1461 3887 [Desideranmr
1494 3812 1621 3865 octo
1646 3794 1970 3886 payinae]

572 3897 608 3932 ¹*
654 3895 689 3930 ³*
727 3894 765 3931 ⁴⁵
802 3890 814 3979 Ι
853 3894 978 3959 dici
1021 3894 1298 3981 possint,
1345 3915 1461 3960 cur
1501 3893 1612 3958 illa
1656 3893 1739 3958 sit
1772 3916 1873 3960 res
1909 3892 2170 3979 publica
2223 3889 2314 3978 [Ρ.
2351 3871 2610 3984 297.34

440 3984 676 4074 resque
727 3990 981 4075 populi,
1036 4009 1202 4074 quae
1254 3998 1403 4055 sunt
1455 3986 1628 4053 dicta
1681 3986 1762 4052 de
1811 3986 2064 4097 regno!
2154 3992 2248 4052 ‘et
2298 3985 2500 4051 multo

323 4080 326 4153 Ι
440 4084 641 4150 etiam
688 4083 929 4169 magis3
1010 4082 1216 4167 inquit
1258 4081 1616 4150 Mummius
1671 4086 1852 4147 ‘nam
1901 4081 1970 4147 in
2022 4102 2242 4169 regem
2287 4079 2500 4167 potius
