3292 4559
627 1003 680 1044 ¹78

611 1805 685 1860 23

623 1878 675 1918 ‘19

632 2897 684 2936 80

633 3549 685 3589 81

715 161 806 254 24
1301 178 1404 254 Μ.
1442 187 1717 244 'runnu
1752 184 2157 256 olcERole

993 313 1222 380 cedant
1258 333 1440 376 arma
1471 321 1682 396 togae,
1722 309 2028 374 concedat
2060 309 2282 376 laurea
2314 307 2511 375 laudis

716 423 790 480 ut
835 410 1008 478 enim
1054 407 1210 472 alios
1245 406 1566 482 omittam,
1603 403 1789 468 nobis
1824 425 1962 470 rem
1996 403 2321 490 publicam
2354 403 2793 488 gubernanti-

715 508 838 573 bus
869 526 1082 570 nonne
1118 517 1305 587 togae
1341 521 1520 566 arma
1555 499 1921 564 cesserunt?
1962 519 2173 580 neque
2211 498 2382 563 enim
2415 499 2789 584 periculum

713 601 782 666 in
803 621 884 666 ·re
918 597 1177 684 publica
1211 595 1336 662 fuit
1367 593 1630 680 gravius
1663 613 1976 677 umquam
2008 615 2131 660 nec
2164 592 2371 658 maius
2406 593 2639 660 otium:
2688 593 2789 660 ita

717 692 993 758 consiliis
1041 689 1500 776 diligentiaque
1545 697 1765 753 nostra
1800 686 2089 754 celeriter
2124 687 2206 753 de
2242 687 2537 752 manibus
2574 687 2786 752 auda-

710 786 1110 852 cissimorum
1156 783 1392 849 civium
1438 782 1709 867 delapsa
1752 803 1930 846 arma
1964 781 2107 866 ipsa
2142 780 2529 858 ceciderunt.
2605 803 2785 866 quae

713 903 816 946 res
861 881 1060 965 igitur
1099 889 1285 964 gesta
1327 898 1638 960 umquam
1680 877 1749 942 in
1792 876 1965 942 bello
2008 875 2225 942 tanta?
2268 875 2380 959 qui
2416 875 2782 961 triumphus

716 971 1180 1040 conferendus?
1229 971 1381 1037 licet
1421 970 1592 1036 enim
1634 969 1821 1047 mihi,
1874 969 2099 1035 Marce
2143 969 2263 1045 fili,
2308 969 2483 1054 apud
2527 978 2591 1035 te
2636 970 2781 1054 glo-

715 1069 862 1133 riari
876 1117 896 1146 ‚
949 1067 1033 1132 ad
1085 1089 1282 1150 quem
1325 1077 1390 1130 et
1431 1065 1753 1130 hereditas
1798 1063 1989 1128 huius
2040 1064 2285 1149 gloriae
2340 1074 2403 1128 et
2455 1063 2779 1130 factorum

713 1162 984 1228 imitatio
1020 1161 1313 1247 pertinet.
1384 1159 1543 1224 mihi
1579 1159 1843 1244 quidem
1876 1169 2047 1224 certe
2082 1159 2182 1225 vir
2218 1159 2553 1224 abundans
2591 1159 2777 1224 belli-

715 1260 806 1324 cis
839 1256 1171 1332 laudibus,
1218 1253 1343 1321 Cn.
1378 1255 1765 1341 Pompeius,
1808 1254 2027 1320 multis
2062 1254 2470 1320 audientibus
2503 1254 2627 1324 hoc
2663 1255 2778 1320 tri-

713 1350 885 1428 buit,
929 1362 1003 1415 ut
1036 1350 1275 1416 diceret
1308 1350 1545 1415 frustra
1581 1372 1651 1414 se
1686 1349 2079 1434 triumphum
2115 1349 2373 1416 tertium
2408 1349 2777 1434 deportatu-

715 1467 860 1510 rum
918 1444 1148 1522 fuisse,
1210 1444 1336 1510 nisi
1395 1466 1540 1510 meo
1603 1444 1672 1508 in
1733 1467 1871 1509 rem
1922 1443 2249 1529 publicam
2300 1443 2609 1510 beneficio
2661 1443 2779 1508 ubi

717 1531 1140 1624 triumpharet
1209 1549 1379 1604 esset
1447 1537 1807 1602 habiturus.
1904 1548 2055 1602 sunt
2122 1538 2319 1624 igitur
2390 1536 2776 1602 domesticae

715 1633 1120 1698 fortitudines
1172 1654 1303 1698 non
1355 1631 1686 1698 inferiores
1739 1631 2151 1709 militaribus3
2222 1633 2291 1696 in
2343 1632 2576 1716 quibus
2629 1632 2777 1716 plus

719 1731 910 1795 etiam
945 1751 1140 1813 quam
1173 1729 1242 1794 in
1276 1728 1376 1794 his
1413 1750 1645 1814 operae
1684 1728 2005 1812 studiique
2038 1728 2408 1814 ponendum
2443 1737 2559 1792 est.

851 1821 1136 1890 Omnino
1206 1823 1368 1890 illud
1431 1822 1800 1900 honestum,
1864 1823 2039 1906 quod
2102 1845 2185 1888 ex
2248 1821 2459 1905 animo
2522 1823 2777 1888 excelso

717 1919 1188 2006 magnificoque
1239 1918 1638 2002 quaerimus,
1694 1917 1890 1982 animi
1942 1917 2247 1994 efficitur,
2309 1939 2441 1982 non
2492 1919 2777 2004 corporis

718 2013 993 2091 viribus3
1057 2013 1484 2080 exercendum
1534 2023 1752 2077 tamen
1804 2033 2037 2098 corpus
2091 2023 2156 2076 et
2206 2013 2297 2076 ita
2348 2013 2779 2078 adficiendum

719 2119 835 2185 est,
871 2119 946 2172 ut
981 2107 1283 2172 oboedire
1319 2107 1581 2172 consilio
1615 2106 1977 2189 rationique
2011 2106 2215 2192 possit
2247 2107 2315 2172 in
2350 2109 2775 2190 exsequendis

717 2202 992 2287 negotiis
1028 2201 1184 2268 etin
1211 2200 1430 2266 labore
1459 2200 1809 2266 tolerando.
1880 2200 2219 2266 honestum
2246 2214 2461 2265 autem
2486 2202 2575 2278 id,
2602 2204 2777 2285 quod

718 2295 1142 2378 exquirimus,
1185 2304 1392 2360 totum
1437 2306 1536 2360 est
1577 2294 1859 2379 positum
1904 2294 1973 2361 in
2016 2296 2213 2360 animi
2246 2315 2401 2364 cura
2434 2307 2500 2361 et
2535 2297 2779 2382 cogita-

717 2393 888 2457 tione
900 2415 918 2467 3
953 2389 1022 2454 in
1057 2410 1184 2472 quo
1221 2412 1350 2456 non
1387 2391 1700 2454 minorem
1735 2389 2075 2456 utilitatem
2110 2390 2411 2456 adferunt
2436 2392 2547 2475 qui
2574 2393 2779 2478 togati

717 2485 810 2550 rei
854 2483 1155 2568 publicae
1199 2495 1504 2570 praesunt
1547 2505 1743 2568 quam
1788 2485 1899 2568 qui
1942 2485 2183 2552 bellum
2216 2498 2469 2572 gerunt.
2557 2487 2779 2570 itaque

719 2600 942 2644 eorum
977 2577 1243 2644 consilio
1279 2601 1472 2664 saepe
1509 2590 1624 2645 aut
1658 2601 1787 2646 non
1824 2591 2123 2665 suscepta
2150 2590 2261 2644 aut
2290 2580 2581 2649 confecta
2608 2581 2781 2647 bella

719 2683 896 2749 sunt,
931 2694 1064 2737 non
1095 2693 1450 2756 numquam
1485 2673 1680 2738 etiam
1712 2673 1943 2750 inlata,
1990 2684 2063 2738 ut
2094 2673 2193 2738 M.
2235 2673 2499 2740 Catonis
2534 2673 2781 2740 bellum

718 2767 979 2832 tertium
1011 2766 1362 2843 Punicum,
1406 2767 1475 2834 in
1509 2790 1638 2852 quo
1678 2769 1872 2835 etiam
1906 2769 2141 2833 mortui
2174 2769 2375 2834 valuit
2410 2771 2781 2837 auctoritas.

718 2883 850 2945 qua
905 2884 977 2926 re
1038 2862 1396 2946 expetenda
1457 2863 1719 2945 quidem
1770 2862 1979 2948 magis
2032 2873 2128 2928 est
2180 2863 2566 2931 decernendi
2615 2866 2783 2931 ratio

718 2978 914 3040 quam
951 2955 1318 3023 decertandi
1352 2956 1689 3036 fortitud0,
1736 2957 1851 3023 sed
1884 2957 2241 3025 cavendum
2276 2982 2359 3025 ne
2393 2959 2459 3022 id
2496 2961 2785 3034 bellandi

719 3049 926 3133 magis
987 3049 1148 3134 fuga
1209 3072 1404 3134 quam
1464 3050 1754 3116 utilitatis
1806 3051 2053 3116 ratione
2103 3051 2447 3130 faciamus3
2533 3055 2787 3123 bellum

721 3155 937 3209 autem
988 3143 1079 3208 ita
1131 3145 1541 3230 suscipiatur,
1595 3157 1669 3212 ut
1719 3146 1877 3212 nihil
1930 3147 2105 3212 aliud
2147 3147 2271 3212 nisi
2314 3171 2445 3233 pax
2488 3151 2787 3232 quaesita

720 3237 1030 3307 videatur.
1118 3238 1298 3304 fortis
1334 3262 1485 3305 vero
1521 3241 1717 3306 animi
1754 3252 1817 3324 et
1851 3243 2197 3306 constantis
2234 3253 2333 3308 est
2362 3265 2493 3308 non
2526 3255 2787 3329 pertur-

719 3333 859 3399 bari
901 3334 1094 3398 rebus
1139 3334 1380 3420 asperis
1415 3357 1537 3402 nec
1573 3336 2071 3402 tumultuantem
2106 3337 2185 3402 de
2220 3336 2430 3422 gradu
2466 3338 2661 3415 deici,
2704 3351 2789 3404 ut

721 3427 982 3504 dicitur,
1019 3428 1133 3493 sed
1166 3430 1489 3513 praesenti
1523 3429 1739 3494 animo
1774 3431 1872 3496 uti
1906 3442 1971 3496 et
2006 3430 2269 3496 consilio
2303 3453 2425 3498 nec
2459 3455 2500 3499 a
2532 3433 2787 3498 ratione

721 3521 1075 3588 discedere:
1147 3544 1538 3608 quamquam
1601 3524 1725 3590 hoc
1786 3525 2011 3603 animi,
2071 3526 2232 3591 illud
2292 3528 2485 3594 etiam
2536 3527 2791 3612 ingenii

720 3616 941 3703 magni
1003 3628 1130 3694 est,
1191 3619 1560 3704 praecipere
1625 3620 2007 3706 cogitatione
2060 3619 2281 3689 futura
2334 3633 2399 3688 et
2448 3623 2789 3706 aliquanto

719 3721 868 3778 ante
913 3713 1325 3790 constituere,
1373 3714 1532 3797 quid
1575 3716 1867 3784 accidere
1910 3717 2111 3802 possit
2152 3717 2221 3781 in
2254 3728 2593 3803 utramque
2628 3741 2791 3804 par-

722 3815 855 3870 tem
899 3815 962 3870 et
1006 3807 1160 3889 quid
1198 3809 1523 3894 agendum
1559 3811 1669 3888 sit,
1716 3833 1863 3875 cum
1896 3812 2054 3896 quid
2088 3813 2408 3892 evenerit,
2444 3837 2567 3880 nec
2601 3835 2792 3880 com-

721 3899 971 3964 mittere
1005 3911 1078 3966 ut
1113 3903 1456 3986 aliquando
1491 3904 1837 3972 dicendum
1872 3906 1953 3970 sit
1996 3913 2155 3970 ‘non
2189 3909 2527 3993 putaram.'
2616 3909 2792 3976 haec

722 4002 872 4055 sunt
915 4015 1107 4078 opera
1150 3998 1371 4081 magni
1405 3997 1600 4062 animi
1637 4010 1698 4063 et
1736 4001 1971 4065 excelsi
2006 4012 2069 4066 et
2102 4003 2443 4087 prudentia
2478 4004 2811 4074 consilio--
