3292 4559
1193 234 1300 291 Dr.
1333 234 1434 290 RE
1467 178 1810 293 11161161
1842 234 1889 289 1.
2439 220 2567 285 ‘145

1035 809 1132 873 M.
1169 807 1498 873 1111111
1537 802 2041 873 (31οΕ11οΜ6

1158 918 1288 985 DE
1331 918 1454 985 RE
1499 914 1925 1011 PuBmoA

836 1046 1028 1107 SEX
1087 1044 1630 1106 LIBRORUM
1691 1042 2249 1119 RELIQUIAE.

1245 1326 1480 1381 LIBER
1512 1326 1827 1383 PRIMUS.

1124 1445 1951 1503 ARGUMENTUM.

610 1560 700 1614 De
729 1560 994 1614 librorum
1021 1559 1101 1614 de
1128 1576 1198 1614 re
1227 1559 1514 1629 publica
1539 1558 1771 1614 consilio
1800 1563 1969 1628 atque
1994 1560 2213 1615 ratione
2230 1562 2351 1631 ipse
2369 1560 2567 1615 >Cicero

508 1636 568 1691 in
595 1636 719 1691 aliis
746 1636 860 1690 suis
879 1637 1100 1705 scriptis
1120 1636 1262 1691 haec
1279 1636 1530 1706 tradidit,
1563 1653 1593 1691 e
1613 1636 1817 1706 quibus
1836 1636 2008 1691 etiam
2023 1641 2263 1707 tempus,
2291 1654 2400 1707 quo
2420 1652 2566 1690 com-

509 1713 676 1785 positi
694 1718 842 1781 sunt,
872 1712 1040 1766 facile
1059 1717 1324 1783 apparet:

611 1789 716 1842 His
742 1788 900 1843 libris
926 1789 1020 1860 (de
1045 1794 1249 1843 natura
1277 1788 1524 1857 deorum,
1555 1788 1626 1843 de
1657 1787 2017 1878 divinatione,
2050 1788 2119 1844 de
2137 1788 2276 1856 fato)
2306 1788 2567 1843 adnume-

508 1866 671 1921 randi
689 1872 816 1919 sunt
835 1882 930 1920 sex
950 1866 1019 1919 de
1036 1882 1097 1920 re
1113 1865 1363 1935 publica,
1385 1880 1525 1935 quos
1545 1870 1666 1919 tum
1684 1866 2020 1935 scripsimus,
2040 1882 2168 1919 cum
2185 1864 2569 1936 gubernacula

508 1943 590 1998 rei
605 1942 865 2011 publicae
883 1942 1240 1997 tenebamus·
1277 1959 1516 2013 magnus
1539 1943 1697 1997 locus
1714 1942 2213 2013 philosophiaeque
2230 1943 2505 2012 proprius,
2535 1958 2571 1996 a

419 2057 426 2062 -
508 2019 764 2087 Platone,
776 2018 1114 2087 Aristotele,
1145 2018 1536 2087 Theophrasto
1563 2024 1796 2089 totaque
1824 2019 2328 2089 Peripateticorum
2352 2018 2571 2073 familia

509 2104 782 2153 tractatus
798 2097 1092 2153 uberrime.
1113 2098 1198 2167 (de
1215 2099 1425 2151 divinat.
1445 2096 1520 2166 11,
1547 2098 1624 2169 3.)
1643 2128 1713 2139 —
1729 2097 1854 2169 Ego
1872 2114 1962 2152 me
1980 2098 2039 2151 in
2060 2096 2311 2153 Cumano
2332 2103 2390 2152 et
2404 2096 2568 2151 Pom-

507 2175 729 2245 peiano,
755 2179 1149 2245 praeterquam
1177 2174 1328 2244 quod
1347 2174 1466 2229 sine
1485 2180 1560 2243 te,
1592 2179 1839 2229 ceterum
1859 2175 1995 2229 satis
2016 2174 2301 2230 commode
2320 2173 2568 2229 oblecta-

506 2255 638 2309 bam
675 2258 732 2308 et
765 2270 920 2309 eram
955 2253 1014 2307 in
1037 2252 1216 2307 isdem
1244 2252 1382 2307 locis
1409 2269 1588 2323 usque
1629 2253 1704 2307 ad
1730 2253 2023 2309 Kalendas
2050 2253 2243 2308 Iunias
2272 2253 2347 2323 (a.
2366 2270 2421 2307 u.
2442 2252 2566 2323 700)

507 2332 742 2385 futurus.
825 2329 1141 2387 scribebam
1178 2330 1278 2384 illa
1315 2346 1460 2400 quae
1501 2330 1750 2385 dixeram
1787 2331 2043 2384 πολιτικά
2078 2331 2361 2403 (politicos
2392 2329 2569 2384 libros

507 2413 673 2462 vocat
689 2406 913 2461 Caelius
942 2406 1016 2461 ad
1033 2406 1209 2461 famil.
1229 2406 1396 2475 VIII,
1418 2408 1468 2476 1,
1489 2408 1565 2479 5),
1596 2407 1837 2477 spissum
1854 2424 1991 2464 sane
2009 2423 2151 2477 opus
2170 2412 2229 2463 et
2245 2423 2567 2477 operosum3

508 2484 624 2553 sed,
646 2484 694 2537 si
713 2501 780 2539 ex
796 2484 1076 2539 sententia
1095 2483 1439 2553 successerit,
1471 2483 1617 2539 bene
1635 2484 1745 2539 erit
1764 2501 1939 2553 opera
1954 2484 2157 2555 posita,
2187 2485 2274 2538 sin
2290 2485 2488 2553 minus,
2506 2483 2567 2537 in

507 2561 848 2631 illudipsum
864 2578 1018 2615 mare
1037 2560 1354 2629 deiciemus,
1377 2561 1527 2631 quod
1546 2567 1867 2631 spectantes
1886 2561 2195 2616 scribimus.
2214 2563 2309 2632 (ad
2325 2563 2389 2623 Q.
2401 2560 2473 2629 fr.
2486 2560 2564 2627 II,

508 2638 576 2692 12
607 2639 743 2707 [14],
764 2639 841 2710 1.)
869 2668 940 2679 --
959 2637 1123 2703 Quod
1153 2640 1374 2708 quaeris
1403 2638 1538 2709 quid
1566 2639 1636 2693 de
1666 2638 1780 2693 illis
1806 2639 1965 2694 libris
1996 2638 2225 2711 egerim,
2255 2655 2411 2709 quos,
2440 2655 2567 2692 cum

509 2732 688 2771 essem
713 2715 774 2769 in
793 2714 1070 2784 Cuman0,
1109 2716 1350 2771 scribere
1377 2715 1592 2769 institui
1608 2756 1622 2783 ,
1661 2733 1775 2771 non
1803 2716 2017 2771 cessavi
2044 2733 2226 2787 neque
2254 2732 2428 2785 cesso,
2468 2715 2567 2769 sed

509 2808 680 2861 saepe
713 2791 826 2845 iam
863 2791 1142 2845 scribendi
1177 2796 1360 2845 totum
1395 2791 1690 2845 consilium
1724 2792 2109 2862 rationemque
2137 2792 2365 2846 mutavi.
2435 2808 2567 2845 nam

507 2871 622 2922 iam
657 2868 872 2920 duobus
906 2867 1072 2921 factis
1108 2868 1266 2921 libris
1280 2908 1294 2935 ,
1333 2868 1392 2920 in
1420 2867 1622 2937 quibus
1652 2869 2077 2923 novendialibus
2104 2867 2173 2921 iis
2198 2866 2381 2936 feriis,
2420 2883 2566 2937 quae

508 2946 738 3001 fuerunt
763 2942 1047 2997 Tuditano
1077 2948 1134 2997 et
1149 2944 1380 3013 Aquilio
1409 2943 1732 2998 consulibus
1761 2946 1833 3015 (a.
1854 2961 1910 2998 u.
1931 2945 2073 3015 625),
2102 2960 2283 2999 sermo
2312 2949 2398 2999 est
2424 2960 2459 2997 a
2476 2960 2567 2997 me

507 3020 796 3077 institutus
821 3018 1078 3073 Africani
1101 3020 1271 3089 paulo
1301 3024 1433 3075 ante
1459 3025 1695 3075 mortem
1722 3026 1782 3075 et
1797 3020 2001 3090 Laelii,
2029 3020 2197 3090 Phili,
2227 3020 2463 3089 Manilii,
2496 3019 2562 3083 Q.

510 3096 826 3155 Tuberonis
854 3101 912 3151 et
926 3095 1114 3151 Laelii
1131 3112 1480 3167 generorum,
1521 3096 1728 3151 Fannii
1747 3103 1805 3152 et
1824 3096 2147 3168 Scaevolae,
2178 3114 2356 3153 sermo
2378 3104 2567 3153 autem

507 3179 569 3232 in
596 3192 796 3229 novem
824 3179 882 3229 et
909 3172 1028 3227 dies
1047 3178 1107 3227 et
1123 3173 1296 3228 libros
1322 3172 1651 3227 distributus
1676 3174 1745 3229 de
1764 3174 1973 3246 optimo
1992 3180 2141 3229 statu
2159 3175 2399 3230 civitatis
2418 3180 2477 3233 et
2495 3176 2565 3229 de

508 3254 720 3324 optimo
749 3252 867 3305 cive
884 3280 954 3291 ——
973 3267 1107 3305 sane
1138 3250 1432 3305 texebatur
1449 3267 1588 3320 opus
1606 3252 1890 3307 luculente
1906 3252 2299 3324 hominumque
2319 3254 2566 3324 dignitas

508 3332 860 3400 aliquantum
895 3327 1132 3382 orationi
1165 3327 1429 3397 ponderis
1457 3327 1754 3384 adferebat
1768 3360 1855 3399 ·-,
1884 3330 1927 3383 ii
1953 3330 2083 3385 libri
2109 3346 2235 3384 cum
2261 3331 2321 3383 in
2348 3330 2565 3385 Tuscu-

504 3410 641 3463 lano
685 3405 823 3459 mihi
864 3406 1186 3475 legerentur
1221 3404 1487 3460 audiente
1526 3403 1772 3461 Salustio
1786 3446 1800 3475 ,
1850 3406 2163 3461 admonitus
2199 3423 2322 3460 sum
2360 3407 2433 3460 ab
2467 3406 2564 3460 illo

505 3484 684 3541 multo
709 3482 920 3537 maiore
949 3480 1282 3537 auctoritate
1309 3481 1420 3535 illis
1449 3482 1520 3537 de
1546 3483 1715 3537 rebus
1744 3483 1855 3537 dici
1879 3500 2063 3553 posse,
2095 3484 2143 3537 si
2168 3484 2288 3554 ipse
2307 3484 2565 3554 loquerer

505 3566 580 3619 de
606 3579 668 3617 re
693 3560 940 3632 publica,
975 3558 1308 3629 praesertim
1325 3576 1451 3613 cum
1471 3576 1651 3614 essem
1667 3577 1781 3614 11011
1798 3560 2132 3615 Heraclides
2148 3559 2435 3629 Ponticus,
2464 3560 2565 3615 sed

503 3637 818 3697 consularis
843 3642 903 3693 et
926 3636 993 3706 is,
1024 3635 1119 3706 qui
1145 3636 1205 3689 in
1231 3637 1484 3691 maximis
1497 3640 1753 3691 versatus
1771 3636 1830 3691 in
1847 3654 1907 3692 re
1925 3637 2156 3707 publica
2172 3637 2340 3692 rebus
2358 3654 2563 3692 essem:

506 3734 654 3788 quae
687 3722 806 3771 tam
831 3712 1076 3784 antiquis
1103 3713 1421 3769 hominibus
1450 3714 1829 3783 attribuerem,
1867 3731 1937 3769 ea
1960 3714 2141 3769 visum
2166 3715 2235 3768 iri
2260 3713 2396 3769 ficta
2414 3732 2564 3783 esse3

505 3798 792 3849 oratorum
828 3806 1138 3846 sermonem
1173 3792 1233 3845 in
1267 3790 1379 3845 illis
1412 3791 1616 3845 nostris
1651 3791 1834 3861 libris,
1873 3792 2023 3862 quod
2059 3796 2209 3847 esset
2241 3792 2311 3847 de
2344 3792 2565 3847 ratione

505 3869 753 3938 dicendi,
788 3868 940 3923 belle
965 3885 1000 3925 a
1025 3886 1114 3923 me
1149 3868 1464 3938 removisse,
1504 3869 1578 3923 ad
1603 3885 1701 3924 eos
1727 3874 1917 3924 tamen
1943 3870 2241 3939 rettulisse,
2280 3885 2418 3940 quos
2440 3870 2565 3940 ipse

502 3945 798 4013 vidissem3
831 3944 1195 4001 Aristotelem
1221 3946 1490 4016 denique,
1528 3961 1674 4015 quae
1710 3946 1781 4001 de
1810 3962 1871 4001 re
1898 3946 2129 4016 publica
2163 3952 2221 4003 et
2252 3945 2563 4017 praestanti

501 4026 627 4081 viro
655 4022 879 4091 scribat,
909 4024 1089 4093 ipsum
1116 4022 1288 4094 loqui.
1361 4023 1654 4079 commovit
1678 4041 1787 4095 me,
1816 4028 1875 4080 61
1901 4041 1967 4080 60
1994 4024 2194 4096 magis,
2226 4024 2375 4095 quod
2392 4024 2563 4079 maxi-

615 4110 832 4155 Giccronis
850 4110 932 4152 vol.
953 4108 1058 4153 VIII.
2160 4110 2230 4165 10
