3292 4559
736 198 867 267 306
1351 211 1427 265 M.
1465 208 1740 267 TULLII
1776 206 2178 287 emanoms

738 336 910 404 enim
954 345 1145 419 atque
1191 332 1539 399 admodum
1584 332 1778 419 pauci
1811 332 2052 396 honore
2089 341 2154 395 et
2191 330 2395 416 gloria
2431 330 2806 418 amplificati

737 432 842 495 vel
877 450 1281 513 corrumpere
1316 449 1525 491 mores
1553 425 1826 491 civitatis
1855 425 1958 489 vel
1987 424 2304 509 corrigere
2331 436 2625 511 possunt.
2693 427 2806 491 sed

735 524 895 589 haec
942 532 1007 587 et
1049 544 1222 587 nunc
1270 522 1423 585 satis
1470 531 1531 586 et
1565 521 1634 584 in
1667 519 1792 585 illis
1825 519 2003 583 libris
2039 529 2310 584 tractata
2343 529 2493 583 sunt
2529 518 2810 605 diligen-

735 620 888 684 tius:
942 638 1073 700 qua
1106 639 1175 683 re
1214 616 1297 680 ad
1330 616 1580 699 reliqua
1616 614 1969 679 venia-mus.

632 694 702 806 ἐξ
862 710 1243 775 Proximum
1290 720 1507 775 autem
1552 718 1650 773 est
1695 707 1775 796 de
1819 705 2174 793 suffr-agne,
2218 728 2384 789 quae
2418 706 2618 771 iubeo
2653 719 2810 772 nota

735 828 875 871 esse
932 804 1345 891 optimatibus
1358 852 1377 880 ,
1428 803 1668 889 populo
1719 801 1943 866 libera.
2029 803 2162 867 Ate.
2225 800 2332 865 Ita
2380 824 2486 867 me
2540 801 2808 867 hercule

738 898 1010 977 attendi,
1054 921 1174 965 nec
1217 899 1371 963 satis
1414 896 1698 962 intellexi
1742 894 1898 979 quid
1945 893 2068 959 sibi
2109 894 2216 959 lex
2263 905 2375 959 aut
2407 896 2570 979 quid
2605 898 2809 961 verba

736 994 860 1059 ista
894 993 1148 1059 vellent.
1236 992 1329 1056 M.
1391 989 1657 1066 Dicam,
1695 988 1872 1065 Tite,
1908 998 1972 1053 et
2007 988 2310 1053 versabor
2344 989 2412 1052 in
2445 1012 2517 1053 re
2555 989 2808 1055 difficili

634 1160 639 1163 ,
736 1112 811 1154 ac
854 1090 1130 1153 multum
1174 1097 1241 1152 et
1284 1108 1477 1172 saepe
1526 1084 1849 1169 quaesita,
1907 1082 2218 1169 suffragia
2276 1082 2372 1169 [in
2413 1085 2806 1169 magistratu

734 1182 1099 1247 mandando
1131 1202 1211 1250 >ac
1245 1179 1325 1244 de
1359 1201 1470 1243 reo
1497 1178 1840 1243 iudicando
1872 1188 2064 1261 atque
2094 1177 2161 1241 in
2188 1178 2405 1263 legum
2432 1176 2806 1264 rogatione]

736 1276 901 1341 clam
947 1300 1029 1341 an
1070 1276 1285 1362 palam
1328 1273 1482 1339 ferri
1516 1273 1744 1339 melius
1783 1282 1966 1337 esset.
2061 1270 2134 1351 Q.
2199 1272 2313 1336 An
2347 1272 2542 1337 etiam
2577 1273 2648 1337 id
2688 1273 2808 1339 du-

733 1371 913 1437 bium
957 1371 1092 1435 est?
1161 1391 1385 1434 vereor
1427 1392 1509 1433 ne
1554 1392 1595 1433 a
1637 1379 1701 1433 te
1747 1389 1966 1433 rursus
2013 1366 2400 1431 dissentiam.
2489 1370 2586 1433 Μ.
2651 1368 2806 1435 Non

732 1464 960 1540 facies,
1009 1462 1271 1545 Quinte.
1362 1485 1515 1528 nam
1560 1483 1684 1547 ego
1730 1462 1798 1526 in
1841 1462 1964 1526 ista
2001 1482 2145 1525 sum
2180 1462 2526 1539 sententia,
2573 1484 2710 1547 qua
2743 1474 2804 1527 te

733 1558 933 1623 fuisse
978 1578 1231 1642 semper
1266 1556 1428 1634 scic,
1474 1555 1635 1621 nihil
1669 1567 1742 1620 ut
1777 1554 1971 1621 fuerit
2004 1554 2073 1617 in
2107 1554 2432 1640 suffragiis
2468 1578 2635 1622 voce
2669 1580 2804 1622 me-

636 1668 690 1711 84
732 1652 878 1727 line,
916 1652 1031 1717 sed
1066 1649 1421 1717 obtinerine
1456 1649 1587 1715 iam
1622 1650 1823 1735 possit
1857 1649 2207 1713 videndum
2243 1660 2359 1714 est.
2446 1648 2520 1729 Q.
2569 1650 2804 1735 Atqui,

733 1746 960 1823 frater,
996 1746 1165 1810 bona
1199 1756 1311 1811 tua
1347 1744 1536 1810 venia
1572 1744 1872 1818 dixerim,
1907 1744 2034 1807 ista
2068 1743 2384 1809 sententia
2417 1743 2703 1811 maxime
2739 1756 2806 1810 et

731 1840 897 1905 fallit
930 1840 1234 1925 inperitos
1272 1851 1337 1905 et
1370 1839 1556 1904 obest
1592 1838 1962 1924 saepissime
1997 1837 2091 1903 rei
2123 1837 2450 1923 publicae,
2498 1860 2648 1903 cum
2686 1840 2808 1903 ali-

730 1933 888 2017 quid
932 1957 1155 2000 verum
1202 1944 1265 1999 et
1308 1945 1552 1999 rectum
1600 1954 1743 1997 esse
1791 1931 2050 2008 dicitur,
2099 1931 2211 1995 sed
2246 1930 2539 2009 obtineri,
2575 1932 2646 1996 id
2683 1943 2804 2011 est,

732 2027 956 2093 obsisti
1002 2051 1189 2113 posse
1235 2028 1476 2115 populo
1520 2036 1814 2112 negatur.
1904 2024 2185 2110 primum
2229 2024 2401 2091 enim
2443 2026 2801 2105 obsistitur,

732 2143 881 2187 cum
925 2122 1138 2208 agitur
1183 2144 1431 2198 severe3
1486 2120 1718 2186 deinde
1753 2119 1820 2184 vi
1853 2120 2127 2205 opprimi
2161 2119 2230 2183 in
2265 2119 2435 2185 bona
2467 2142 2668 2185 causa
2703 2132 2801 2186 est

730 2214 957 2281 melius
1004 2238 1199 2299 quam
1243 2216 1450 2279 malae
1498 2214 1744 2279 cedere.
1834 2214 1978 2297 quis
2015 2224 2231 2277 autem
2265 2235 2396 2278 non
2432 2214 2628 2279 sentit
2661 2236 2804 2280 om-

731 2333 881 2376 nem
925 2311 1368 2375 auctoritatem
1412 2308 1817 2394 optimatium
1869 2307 2267 2373 tabellariam
2319 2309 2532 2394 legem
2577 2310 2801 2375 abstu-

730 2404 915 2467 lisse?
985 2425 1179 2486 quam
1222 2402 1499 2488 populus
1543 2402 1708 2465 liber
1751 2422 2104 2485 numquam
2153 2400 2568 2480 desideravit,
2623 2404 2796 2469 idem

730 2516 1071 2581 oppressus
1144 2495 1475 2559 dominatu
1542 2516 1618 2558 ac
1682 2496 1970 2579 potentia
2027 2494 2390 2581 principum
2457 2497 2794 2583 flagitavit.

727 2590 942 2673 itaque
996 2587 1296 2674 graviora
1346 2587 1586 2653 iudicia
1643 2588 1723 2653 de
1769 2588 2222 2674 potentissimis
2271 2589 2641 2655 hominibus
2687 2614 2793 2657 ex-

730 2693 901 2749 stant
951 2682 1127 2749 vocis
1181 2703 1376 2768 quam
1429 2682 1724 2749 tabellae.
1813 2704 2009 2767 quam
2062 2684 2146 2747 ob
2200 2706 2338 2749 rem
2394 2684 2790 2772 suffragandi

727 2777 927 2843 nimia
966 2778 1166 2843 libido
1208 2778 1277 2842 in
1326 2800 1457 2843 non
1500 2776 1688 2842 bonis
1735 2775 1943 2841 causis
1991 2776 2320 2862 eripienda
2361 2777 2486 2843 fuit
2520 2780 2798 2864 potenti-

728 2872 882 2950 bus,
927 2895 1058 2938 non
1101 2872 1350 2937 latebra
1394 2872 1608 2937 danda
1640 2872 1911 2957 popule,
1957 2872 2024 2935 in
2060 2894 2190 2955 qua
2222 2872 2409 2937 bonis
2443 2873 2800 2958 ignoranti-

728 2966 881 3043 bus,
938 2967 1094 3050 quid
1139 2966 1411 3051 quisque
1457 2966 1754 3042 sentiret,
1807 2965 2046 3031 tabella
2098 2966 2400 3031 vitiosum
2445 2968 2797 3035 occultaret

729 3059 1131 3144 suffragium.
1218 3060 1435 3144 itaque
1468 3060 1574 3126 isti
1607 3058 1841 3124 rationi
1874 3081 2084 3145 neque
2120 3061 2283 3125 lator
2320 3060 2666 3146 quisquam
2703 3072 2796 3129 est

624 3129 693 3242 ἐξ
726 3151 1025 3217 inventus
1061 3175 1180 3220 nec
1218 3165 1439 3219 auctor
1474 3174 1781 3237 umquam
1815 3154 2044 3218 bonus.
2109 3164 2259 3219 sunt
2295 3156 2467 3219 enim
2493 3167 2804 3239 quattuor

725 3245 903 3332 leges
947 3247 1346 3341 tabellariae,
1392 3268 1666 3332 quarum
1711 3246 1918 3332 prima
1963 3247 2044 3311 de
2087 3247 2357 3333 magistr
2366 3248 2580 3313 atibus
2615 3272 2798 3315 man-

727 3340 984 3407 dandis:
1038 3365 1116 3407 ea
1161 3353 1257 3409 est
1302 3341 1613 3417 Gabinia,
1673 3342 1805 3407 lata
1849 3342 1931 3407 ab
1977 3340 2234 3407 homine
2281 3342 2504 3427 ignoto
2551 3355 2618 3409 et
2663 3365 2802 3408 sor·

726 3436 901 3501 dido.
992 3447 1214 3501 secuta
1256 3436 1515 3501 biennio
1558 3447 1708 3522 post
1743 3434 1973 3501 Cassia
2009 3445 2106 3501 est
2141 3436 2220 3500 de
2261 3436 2484 3521 populi
2518 3436 2796 3515 iudiciis,

726 3554 767 3595 a
816 3530 1017 3595 nobili
1068 3530 1325 3597 homine
1375 3532 1534 3609 lata,
1588 3529 1671 3596 L.
1712 3528 1972 3608 CassiO,
2028 3531 2144 3595 sed
2179 3566 2268 3577 —-·
2300 3552 2460 3614 pace
2513 3530 2794 3597 familiae

726 3623 997 3690 dixerim
1030 3660 1118 3671 -
1164 3624 1510 3691 dissidente
1556 3648 1596 3689 a
1640 3625 1826 3689 bonis
1881 3636 2097 3709 atque
2129 3624 2334 3690 omnis
2391 3626 2794 3691 rumusculos

724 3718 1053 3803 popularis
1088 3742 1284 3785 aurae
1320 3729 1702 3805 aucupante.
1759 3717 2077 3785 Carbonis
2114 3728 2212 3785 est
2245 3718 2434 3784 tertia
2460 3720 2542 3783 de
2569 3720 2797 3787 iuben-

727 3814 825 3879 dis
860 3815 1113 3901 legibus
1150 3838 1225 3880 ac
1260 3816 1573 3893 vetandis,
1612 3814 1896 3881 seditiosi
1933 3826 2126 3898 atque
2159 3813 2414 3900 inprobi
2451 3814 2641 3891 civis,
2689 3814 2796 3880 eui

652 3940 661 3949 ·
727 3928 807 3972 ne
850 3908 1093 3973 reditus
1138 3910 1399 3991 quidem
1444 3910 1527 3975 ad
1572 3910 1776 3975 bonos
1822 3911 2094 3975 salutem
2131 3932 2171 3975 a
2204 3909 2388 3973 bonis
2430 3908 2642 3994 potuit
2680 3908 2798 3975 ad-

628 4015 685 4055 ae
726 3999 913 4065 ferre.
976 4023 1107 4068 uno
1140 4002 1208 4066 in
1241 4024 1478 4087 genere
1512 4004 1786 4087 relinqui
1822 4003 2162 4070 videbatur
2185 4004 2360 4069 vocis
2389 4001 2801 4088 suffragium,
