3292 4559
739 222 870 330 212
1357 273 1431 330 M.
1468 271 1746 332 ‘tunm
1779 272 2184 331 memoras

640 410 1105 491 mrsuperetur.
1158 419 1353 483 quem
1405 397 1576 464 enim
1627 407 1700 464 tu
1733 397 2022 463 Marium
2072 397 2282 462 visum
2335 421 2376 463 a
2427 421 2534 466 me
2579 404 2827 488 putas?

742 495 1041 582 speciem,
1078 484 1292 570 credo,
1329 492 1466 558 eius
1502 502 1567 558 et
1600 491 1971 578 imaginem,
2012 502 2088 556 ut
2118 490 2499 561 Democrito
2534 497 2812 564 videtur.

741 587 913 655 unde
948 587 1305 698 profectam
1337 586 1748 696 imaginem?
1770 609 1812 652 a
1854 585 2229 672 corporibus
2277 588 2449 653 enim
2484 589 2706 657 solidis
2744 607 2808 659 et

742 707 782 748 a
817 683 1005 748 certis
1047 679 1271 768 figuris
1317 683 1453 747 volt
1487 681 1686 746 fluere
1728 680 2065 767 imagines.
2154 682 2330 765 quod
2373 682 2574 770 igitur
2607 686 2806 752 Marii

744 798 975 864 corpus
1021 777 1266 842 erat?‘
1277 797 1360 842 ex
1402 775 1529 853 e0,’
1583 775 1796 859 inquit
1849 775 2055 859 ‘quod
2097 775 2352 842 fuerat-⁹
2439 778 2564 845 ista
2604 781 2807 867 igitur
2888 851 2893 857 ,

742 894 847 937 me
898 871 1115 957 imago
1159 870 1359 936 Marii
1408 869 1477 936 in
1528 892 1832 956 campum
1875 869 2209 936 Atinatem
2259 875 2802 959 persequebatur?

742 968 935 1053 plena
970 977 1119 1031 sunt
1151 965 1509 1052 imaginum
1542 967 1788 1045 omnia3
1834 966 2012 1032 nulla
2046 965 2219 1031 enim
2255 968 2512 1081 species
2537 971 2800 1058 cogitari

452 1107 455 1110 -
492 1039 497 1046 Β
542 1125 545 1128 ,
644 1082 717 1122 ias
743 1072 954 1149 potest
986 1062 1111 1127 nisi
1142 1060 1393 1148 pulsu
1372 1061 1751 1148 imaginum.
1840 1061 1998 1147 quid
2043 1061 2236 1147 ergo?
2285 1062 2448 1129 istae
2491 1063 2804 1152 imagines

743 1157 835 1221 ita
878 1156 1065 1221 nobis
1113 1154 1285 1220 dicto
1331 1155 1663 1221 audientes
1707 1166 1888 1234 sunt,
1940 1165 2016 1220 ut
2059 1155 2249 1220 simul
2293 1167 2486 1242 atque
2531 1162 2804 1226 velimus

746 1250 1125 1316 accurrant?
1162 1249 1437 1314 etiamne
1464 1272 1686 1315 earum
1712 1269 1948 1326 rerum,
1983 1269 2150 1333 quae
2177 1251 2390 1316 nullae
2417 1254 2604 1318 sunt?
2635 1277 2806 1340 quae

744 1354 841 1408 est
875 1344 1046 1408 enim
1080 1342 1291 1408 forma
1323 1354 1455 1408 tam
1490 1343 1842 1422 invisitata,
1878 1355 2013 1409 tam
2045 1345 2245 1422 nulla,
2282 1367 2476 1430 quam
2507 1369 2637 1413 non
2673 1351 2800 1415 sibi

742 1437 881 1522 ipse
917 1435 1161 1522 fingere
1196 1437 1446 1502 animus
1482 1437 1724 1523 possit?
1766 1448 1868 1516 ut,
1905 1460 2071 1523 quae
2114 1461 2462 1524 numquam
2495 1441 2804 1520 vidimus,

744 1553 825 1596 ea
870 1541 1085 1596 tamen
1128 1531 1469 1596 informata
1504 1530 1888 1609 habeamus,
1944 1533 2326 1619 oppidorum
2361 1534 2544 1614 situs,
2590 1536 2800 1604 homi-

642 1613 717 1689 ιιι)
742 1649 900 1691 ιιιιιιι
934 1626 1196 1712 figuras.
1282 1649 1440 1692 num
1474 1626 1692 1714 igitur,
1729 1648 1877 1692 cum
1911 1639 2023 1693 aut
2056 1649 2272 1694 muros
2299 1629 2648 1716 Babylonis
2685 1649 2802 1697 aut

742 1720 1015 1786 Homeri
1058 1721 1290 1786 faciem
1335 1720 1581 1808 cogito,
1625 1720 1842 1808 imago
1887 1722 2141 1788 illorum
2185 1746 2290 1790 me
2336 1725 2550 1824 aliqua
2581 1727 2824 1812 pellit?

745 1815 959 1880 omnia
1010 1814 1238 1900 igitur,
1292 1837 1459 1900 quae
1502 1815 1830 1893 volumus,
1883 1827 2036 1882 nota
2077 1817 2264 1882 nobis
2310 1841 2449 1884 esse
2503 1832 2806 1906 possunt;

740 1909 899 1975 nihil
935 1919 1033 1975 est
1079 1911 1250 1976 enim
1296 1910 1377 1976 de
1423 1932 1553 1995 quo
1590 1911 1873 1996 cogitare
1916 1933 2339 1996 nequeamus:
2395 1915 2610 1982 nullae
2646 1937 2806 2002 ergo

740 2003 1053 2092 imagines
1108 2004 1428 2092 obrepunt
1479 2006 1547 2070 in
1602 2005 1850 2070 animos
1904 2003 2357 2072 dormientium
2410 2009 2810 2076 extrinsecus

740 2121 861 2166 nec
906 2099 1164 2164 omnino
1208 2100 1419 2164 fluunt
1462 2099 1662 2178 ullae,
1715 2121 1838 2164 nec
1889 2101 2165 2186 cognovi
2216 2122 2638 2186 quemquam,
2692 2105 2808 2189 qui

740 2192 981 2258 maiore
1033 2193 1411 2282 auctoritate
1463 2193 1623 2258 nihil
1675 2192 1934 2259 diceret.
2023 2195 2381 2260 animorum
2434 2207 2534 2262 est
2583 2221 2662 2264 ea
2705 2201 2810 2264 vis

742 2310 945 2373 eaque
971 2297 1221 2364 natura,
1245 2297 1321 2353 ut
1344 2287 1606 2373 vigeant
1633 2286 1971 2372 vigilantes
1997 2289 2174 2353 nullo
2203 2288 2562 2356 adventicio
2587 2293 2810 2377 pulsu,

742 2383 857 2446 sed
908 2404 1027 2446 suo
1078 2392 1287 2457 motu,
1339 2379 1698 2446 incredibili
1751 2381 2032 2466 quadam
2085 2383 2425 2450 celeritate.
2529 2385 2599 2449 hi
2653 2408 2806 2452 cum-

742 2473 1135 2538 sustinentur
1167 2474 1471 2540 membris
1510 2472 1605 2561 [et
1640 2473 1939 2562 corpore]
1971 2487 2035 2543 et
2069 2477 2383 2554 sensibus,
2420 2478 2636 2544 omnia
2663 2502 2812 2546 cer-

740 2567 904 2633 tiora
947 2578 1243 2646 cernunt,
1288 2569 1604 2655 cogitant,
1648 2570 1960 2648 sentiunt3
2015 2593 2163 2636 cum
2198 2581 2414 2638 autem
2448 2572 2610 2639 haec
2646 2574 2810 2638 sub-

742 2674 945 2729 tracta
1008 2675 1159 2730 sunt
1210 2662 1625 2749 desertusque
1679 2677 1766 2730 est
1824 2665 2076 2730 animus
2128 2665 2439 2753 languore
2493 2669 2808 2755 corporis,

740 2769 879 2823 tum
921 2759 1204 2845 agitatur
1245 2758 1383 2844 ipse
1419 2781 1537 2844 per
1570 2781 1743 2836 sese3
1789 2760 2007 2844 itaque
2051 2759 2118 2824 in
2156 2781 2230 2825 eo
2267 2772 2332 2825 et
2365 2759 2612 2827 formae
2656 2786 2806 2830 ver-

742 2863 963 2918 santur
996 2864 1062 2918 et
1094 2853 1377 2920 actiones
1391 2902 1410 2932 ,
1458 2865 1521 2920 et
1557 2855 1762 2920 multa
1797 2853 2033 2931 audiri,
2081 2855 2285 2920 multa
2320 2854 2446 2920 dici
2479 2855 2810 2924 videntur
2821 2867 2826 2872 ’

641 2969 714 3008 ιιο
740 2947 901 3012 haec
936 2947 1237 3013 scilieet
1216 2972 1285 3013 ιιι
1328 2948 1629 3015 inbecillo
1665 2947 2060 3031 remissoque
2095 2949 2309 3013 animo
2353 2948 2559 3016 multa
2595 2951 2828 3018 omni-·

744 3041 862 3124 bus
898 3041 1103 3106 modis
1138 3042 1407 3108 confusa
1441 3053 1506 3108 et
1536 3043 1786 3108 variata
1820 3051 2158 3108 versantur
2190 3047 2620 3155 maxumeque
2654 3047 2815 3112 reli-

740 3135 929 3220 quiae
965 3157 1179 3202 rerum
1212 3159 1435 3203 earum
1468 3146 1816 3203 moventur
1847 3136 1918 3202 in
1953 3137 2183 3202 animis
2219 3149 2286 3204 et
2320 3139 2672 3226 agitantur,
2719 3143 2814 3208 de

737 3232 973 3317 quibus
1018 3231 1357 3318 vigilantes
1402 3243 1515 3298 aut
1562 3233 1987 3320 cogitavimus
2033 3243 2147 3298 aut
2192 3233 2472 3320 egimus,
2526 3246 2598 3300 ut
2640 3236 2811 3302 mihi

738 3326 1130 3414 temporibus
1172 3327 1296 3394 illis
1331 3328 1604 3392 multum
1637 3329 1707 3392 in
1743 3323 1956 3392 animo
1991 3327 2244 3393 Marius
2288 3328 2666 3395 versabatur
2700 3353 2817 3396 re*

740 3423 1025 3488 cordanti
1078 3445 1276 3508 quam
1321 3423 1428 3489 ille
1480 3445 1744 3509 gravem
1789 3445 1977 3488 suum
2024 3445 2246 3488 casum
2279 3444 2518 3510 magno
2561 3425 2813 3503 anim0,

738 3538 933 3601 quam
996 3519 1312 3584 constanti
1374 3518 1642 3584 tulisset.
1747 3517 1918 3584 hanc
1982 3517 2172 3583 credo
2229 3540 2492 3583 causam
2519 3519 2628 3596 ‚de
2689 3520 2818 3584 illo

634 3627 702 3682 68
737 3613 1097 3679 somniandi
1144 3613 1362 3680 fuisse.
1450 3613 1566 3678 tibi
1618 3623 1839 3680 autem
1885 3612 1966 3678 de
2017 3635 2128 3697 me·
2169 3635 2318 3679 cum
2371 3613 2816 3682 sollicitudine

737 3707 1043 3793 cogitanti
1086 3707 1299 3773 subito
1344 3731 1489 3772 sum
1530 3707 1707 3774 visus
1753 3728 2038 3790 emersus
2083 3729 2120 3774 e
2165 3707 2452 3774 flumine.
2548 3708 2828 3776 inerant·

737 3803 909 3868 enim
958 3801 1027 3867 in
1061 3801 1394 3886 utriusque
1428 3809 1724 3868 nostrum
1755 3801 1983 3868 animis
2019 3801 2426 3888 vigilantium
2461 3804 2820 3890 cogitatio-

736 3917 893 3961 num
942 3894 1247 3982 vestigia3
1302 3907 1368 3963 at
1417 3897 1739 3983 quaedam
1791 3897 2093 3962 adiuncta
2147 3905 2328 3976 sunt,
2381 3905 2455 3962 ut
2506 3896 2664 3962 mihi
2718 3897 2820 3964 de

737 4001 1150 4055 monumento
1185 3990 1401 4068 Marii,
1438 3992 1556 4057 tibi
1589 3991 1766 4077 quod
1803 4012 2030 4076 equus,
2064 3991 2132 4056 in
2167 4009 2298 4077 quo
2335 4013 2459 4078 ego
2494 3991 2818 4070 vehebar,

636 4101 713 4142 m
740 4103 993 4150 mecum
1045 4105 1176 4150 una
1228 4086 1557 4154 demersus
1610 4109 1834 4154 rursus
1887 4085 2204 4174 adparuit.
2313 4111 2400 4153 an
2451 4097 2522 4152 tu
2575 4109 2820 4153 censes
