3292 4559
1015 266 1121 323 DE
1156 268 1258 321 RE
1293 267 1634 325 PUBLICA
1666 268 1713 322 1.
1753 268 1993 322 31-34,
2237 229 2243 246 “
2380 255 2522 319 161

444 390 634 455 iuius
669 390 832 456 ratio
867 390 1228 455 tribunatus
1267 389 1483 455 divisit
1515 390 1828 477 populum
1862 414 2063 455 unum
2097 390 2165 455 in
2194 381 2353 455 duas
2380 414 2528 476 par-

447 486 538 551 tis
553 533 574 563 ,
626 486 1080 551 obtrectatores
1123 495 1342 549 aut-em
1378 498 1441 551 et
1473 485 1677 549 invidi
1714 484 2063 576 Scipionis,
2106 484 2303 550 initiis
2339 486 2545 551 factis·

449 603 494 645 a
531 579 616 644 P.
659 575 894 644 Crasso
941 589 1006 643 et
1039 578 1259 664 Appio
1297 576 1607 655 Claudio,
1653 591 1872 645 tenent
1914 571 2113 643 nihilo
2159 578 2369 643 minus
2402 578 2527 643 illis

445 672 732 737 mortuis
797 683 1056 737 senatus
1123 672 1390 736 alteram
1451 682 1702 759 partem
1766 672 2178 738 dissidentem
2244 696 2283 737 a
2342 672 2525 737 vobis

451 776 724 830 auctore
761 765 1032 831 Metello
1068 776 1134 829 et
1165 764 1246 831 P.
1283 766 1508 831 Mucio
1522 814 1540 844 ,
1575 788 1788 851 neque
1822 766 2023 842 hune,
2063 766 2173 849 qui
2207 789 2374 831 unus
2410 787 2528 851 po-

449 869 617 936 test,
665 859 996 924 concitatis
1043 858 1230 924 sociis
1279 871 1344 924 et
1377 860 1636 925 nomine
1672 860 1940 935 Latin0‚
1986 859 2355 925 foederibus
2390 862 2528 923 vio-

450 953 638 1031 latis,
691 952 1056 1035 triumvilris
1113 951 1606 1018 seditiosissimis
1662 952 1903 1036 aliquid
1960 952 2192 1017 cotidie
2246 952 2341 1039 [p.
2378 952 2525 1017 214.

449 1046 615 1110 novi
657 1045 1070 1111 molientibus
1084 1093 1102 1122 ,
1148 1046 1336 1111 bonis
1379 1046 1532 1110 viris
1581 1045 2063 1131 [locupletibus]
2119 1046 2527 1133 perturbatis,

453 1140 560 1205 his
607 1153 742 1205 tam
775 1140 1150 1225 periculosis
1183 1139 1378 1205 rebus
1415 1140 1759 1205 subvenire
1793 1140 2141 1225 patiuntur.
2214 1162 2409 1224 quam
2443 1140 2525 1204 ob
2560 1162 2614 1201 ει

455 1256 622 1311 rem,
659 1233 714 1298 si
746 1256 850 1299 me
887 1233 1186 1310 audietis,
1223 1234 1697 1311 adulescentes,
1735 1236 1935 1299 solem
1970 1235 2242 1301 alterum
2276 1258 2357 1299 ne
2394 1256 2528 1298 me·-

455 1328 740 1393 tueritis:
797 1338 910 1393 aut
961 1328 1132 1393 enim
1183 1328 1402 1393 nullus
1449 1349 1590 1393 esse
1634 1338 1875 1413 potest,
1929 1340 2043 1394 aut
2094 1329 2177 1393 sit
2220 1351 2404 1405 sane,
2457 1338 2529 1391 ut

457 1421 642 1486 visus
677 1431 794 1497 est,
831 1422 1023 1486 modo
1058 1444 1140 1487 ne
1177 1422 1261 1487 sit
1294 1422 1602 1487 molestus
1613 1446 1633 1500 3
1672 1432 1785 1486 aut
1818 1421 1979 1487 scire
2013 1422 2281 1487 istarum
2316 1444 2529 1488 rerum

457 1516 622 1580 nihil
657 1527 788 1593 aut,
827 1514 1018 1581 etiam
1055 1516 1110 1581 si
1143 1517 1424 1581 maxime
1459 1518 1757 1594 sciemus,
1793 1538 1913 1582 nec
1944 1517 2238 1583 meliores
2274 1516 2358 1581 ob
2386 1540 2531 1583 eam

460 1610 798 1675 scientiam
831 1631 953 1676 nec
987 1610 1302 1677 beatiores
1336 1633 1476 1677 esse
1505 1632 1879 1697 possumus:
1917 1611 2229 1693 senaltum
2266 1608 2359 1696 [p.
2379 1609 2527 1675 215.

459 1724 620 1767 vero
671 1714 734 1767 et
786 1703 1096 1789 populum
1149 1716 1222 1769 ut
1275 1726 1480 1769 unum
1523 1705 1877 1771 habeamus
1922 1714 1987 1769 et
2028 1704 2167 1769 fieri
2210 1716 2422 1789 potest
2465 1716 2528 1769 et

460 1796 919 1881 permolestum
964 1808 1092 1873 est,
1137 1798 1262 1862 nisi
1304 1799 1406 1875 fit,
1462 1809 1526 1863 et
1573 1820 1759 1864 secus
1806 1820 1945 1864 esse
1982 1797 2219 1863 scimus
2254 1808 2320 1863 et
2350 1797 2529 1862 vide-

457 1910 638 1964 mus,
691 1888 746 1953 si
795 1887 864 1953 id
909 1890 1211 1955 effectum
1255 1891 1367 1969 sit,
1419 1903 1485 1956 et
1527 1892 1757 1957 melius
1802 1913 1921 1959 nos
1966 1914 2107 1957 esse
2150 1892 2429 1957 victuros
2468 1901 2531 1956 et

461 1983 760 2048 beatius!

592 2078 764 2143 Tum
791 2078 1084 2144 Mucius.
1123 2079 1309 2164 ‘quid
1345 2102 1486 2146 esse
1521 2080 1723 2167 igitur
1757 2104 2001 2159 censes,
2036 2080 2245 2157 Laeli,
2282 2080 2529 2147 discen—
2562 2071 2637 2123 20

464 2173 622 2239 duni
661 2173 847 2238 nobis
860 2220 877 2250 ,
931 2185 1007 2239 ut
1049 2174 1223 2240 istud
1270 2174 1524 2241 efficere
1559 2176 1881 2261 possimus
1914 2177 2158 2286 ipsum,
2205 2176 2379 2259 quod
2412 2197 2531 2261 po-

464 2268 730 2332 stulas?
788 2276 928 2334 ‘eas
974 2268 1157 2347 artis,
1203 2290 1370 2353 quae
1415 2270 1699 2335 efficiant
1731 2283 1805 2336 ut
1838 2271 1987 2335 usui
2002 2271 2264 2336 civitati
2300 2270 2526 2348 simus3

462 2361 531 2424 id
581 2361 752 2426 enim
804 2384 944 2427 esse
997 2362 1579 2471 praeclarissimum
1631 2363 1985 2450 sapientiae
2034 2386 2271 2429 munus
2323 2365 2529 2429 maxi-

463 2476 768 2539 mumque
801 2455 1053 2521 virtutis
1092 2456 1102 2542 Ι
1141 2458 1244 2523 vel
1281 2458 1740 2524 documentum
1774 2460 1878 2525 vel
1914 2458 2199 2525 officium
2249 2457 2339 2544 [p.
2376 2436 2527 2523 216.

462 2560 639 2636 puto.
727 2572 922 2634 quam
967 2552 1052 2615 ob
1097 2573 1265 2629 rem,
1313 2563 1387 2617 ut
1419 2552 1545 2619 hae
1579 2554 1779 2620 feriae
1814 2554 2001 2619 nobis
2040 2554 2123 2619 ad
2158 2553 2528 2619 utilissimos

464 2644 557 2708 rei
605 2644 900 2729 publicae
953 2667 1276 2711 sermones
1331 2647 1736 2732 potissimum
1788 2648 2231 2725 conferantur,
2277 2645 2528 2733 Scipio-

467 2760 614 2803 nem
657 2759 960 2823 rogemus
993 2749 1068 2802 ut
1103 2740 1410 2824 explicet,
1455 2762 1650 2824 quem
1686 2741 2003 2807 existimet
2038 2762 2179 2806 esse
2214 2740 2529 2826 optimum

469 2842 702 2896 statum
737 2832 1032 2895 civitatis.
1106 2833 1336 2898 deinde
1375 2835 1502 2898 alia
1536 2856 1945 2918 quaeramus,
1981 2834 2217 2918 quibus
2255 2834 2525 2919 cognitis

471 2945 652 3010 spero
695 2943 814 2988 nos
849 2925 933 2989 ad
968 2924 1178 2991 haec
1159 2948 1303 3010 ipsa
1336 2927 1442 2991 via
1475 2939 1892 3013 perventuros
1930 2948 2277 3010 earumque
2312 2948 2527 2992 rerum

469 3018 804 3095 rationem,
853 3040 1018 3103 quae
1061 3040 1234 3083 nunc
1276 3020 1544 3098 instant,
1599 3019 2069 3107 explicaturos?
2159 3042 2307 3085 cum
2350 3020 2418 3085 id
2464 3032 2526 3086 et
2560 2997 2629 3109 23}

471 3112 694 3179 Philus
741 3122 804 3179 et
849 3111 1160 3199 Manilius
1204 3124 1266 3179 et
1309 3113 1672 3180 Mummius
1726 3114 2072 3181 admodum
2116 3114 2525 3239 adprobavis-

472 3220 600 3272 sent
632 3207 669 3240 ⁴*
706 3209 742 3243 ¹*

703 3306 722 3321 ⁸
993 3298 1476 3387 [Desidet-antw-
1498 3305 1773 3389 payinae
1808 3300 2016 3389 duaa]

598 3394 762 3460 Sane
839 3398 1124 3461 diser-unt
1193 3408 1466 3461 auctores
1538 3396 1842 3461 ‘simulat’
1904 3418 2025 3482 per
2096 3400 2191 3459 ‘u’
2261 3396 2375 3460 Ιιοσ
2442 3409 2527 3460 est

476 3486 796 3573 ὃμοιάζει,
847 3501 916 3553 ut
955 3488 1162 3555 Cicero
1197 3493 1272 3555 de
1306 3512 1372 3555 re
1394 3491 1685 3577 publica.-
1740 3489 1991 3556 nullum
2028 3499 2125 3555 est
2158 3488 2523 3573 exemplum

476 3584 575 3650 cui
621 3584 918 3650 malimus
971 3584 1354 3653 adsimulare
1406 3608 1544 3651 rem
1596 3585 1941 3671 publicam.
2029 3581 2409 3667 (Diomedes
2460 3605 2524 3668 p.

478 3677 598 3743 365
631 3681 721 3743 ed.
757 3678 957 3765 Keil.)

597 3773 688 3835 Μ.
715 3774 952 3837 Tullius
989 3776 1062 3839 de
1095 3794 1160 3837 re
1183 3774 1442 3859 publica
1480 3774 1584 3838 lib.
1603 3774 1676 3838 Ι.
1708 3792 1928 3856 quare,
1965 3771 2018 3835 si
2051 3771 2281 3856 placet,
2320 3768 2527 3834 deduc

481 3864 818 3929 orationem
862 3877 1041 3931 tuam
1086 3866 1166 3932 de
1211 3868 1388 3933 caelo
1433 3868 1518 3933 ad
1551 3866 1715 3931 haec
1750 3864 2060 3931 citeriora.
2148 3860 2427 3947 (Nonius
2462 3882 2525 3926 v.

482 3962 694 4025 cituma
727 3982 791 4044 p.
830 3959 914 4024 85
950 3972 1014 4026 et
1047 3983 1109 4025 v.
1148 3963 1466 4027 deductum
1499 3981 1564 4046 p.
1601 3960 1783 4045 289.)

599 4054 632 4088 ⁴⁸*
669 4054 705 4088 ¹*
740 4053 776 4087 ¹*
814 4051 825 4139 Ι
861 4076 993 4119 non
1027 4056 1233 4121 solum
1269 4057 1354 4121 ob
1390 4076 1532 4123 eam
1561 4076 1821 4122 causam
1849 4053 1989 4119 fieri
2016 4052 2212 4129 volui,
2251 4050 2345 4138 [p.
2375 4050 2523 4118 293.

581 4152 794 4197 Ciaeronis
812 4156 896 4197 vol.
918 4154 1023 4197 VIII.
2119 4154 2187 4207 11

2570 2144 2623 2183 33
2735 2147 2744 2153 '
