3292 4559
805 300 933 364 150
1425 308 1497 360 M.
1537 308 1810 368 TULLII
1850 304 2250 364 CICERONIS

801 448 1041 504 fiuntur
1077 436 1159 500 ab
1196 436 1289 508 iis,
1329 432 1441 520 qui
1477 444 1701 496 contra
1734 432 2086 516 disputant,
2122 432 2398 516 primum
2433 432 2706 508 labores,
2746 436 2846 516 qui

801 532 929 596 sint
961 552 1033 596 rs
1069 530 1329 616 publiea
1365 528 1770 592 defendenda
1806 528 2190 592 sustinendi:
2242 528 2382 596 leva
2422 552 2574 594 sans
2610 528 2850 612 inpedi-

801 648 865 712 Ρ.
905 620 1041 708 91.]
1089 636 1377 688 ωεῑιΐυω,
1421 624 1710 708 vigilanti
1758 636 1822 688 et
1862 624 2202 696 industrio,
2250 644 2458 704 neque
2494 620 2702 684 solum
2746 620 2754 708 Ι
2794 624 2850 684 in

801 720 993 784 tantis
1045 720 1269 792 rebus,
1325 720 1437 784 ssd
1493 716 1682 784 etiam
1734 716 1798 780 in
1854 716 2282 780 madiocrihus
2334 716 2438 780 vel
2482 716 2710 784 studiis
2758 716 2854 780 vel

801 816 1029 880 officiis
1085 816 1185 880 vel
1233 836 1381 876 vern
1429 812 1621 878 etiam
1666 812 1938 896 negotiis
1986 812 2538 876 contemnendum.
2630 812 2854 876 adiun-

799 920 1041 994 guntur
1096 908 1381 994 pericula
1429 908 1597 972 'sitae
1654 908 1982 992 turpisque
2038 908 2122 972 ab
2174 908 2270 977 his
2314 908 2590 972 famido
2638 908 2854 968 mortis

800 1001 1073 1069 fortibus
1111 1002 1263 1068 viris
1300 1001 1663 1087 opponitur,
1699 1001 1934 1085 quibus
1969 1000 2176 1087 magis
2211 1001 2280 1071 id
2312 1001 2619 1072 miserum
2655 1001 2854 1069 videri

802 1098 994 1174 solet,
1046 1108 1275 1162 natura
1329 1119 1397 1161 se
1452 1096 1742 1163 consumi
1794 1107 1858 1163 et
1901 1107 2254 1173 senectute,
2308 1117 2502 1179 quam
2551 1095 2674 1162 sibi
2716 1096 2850 1162 dari

798 1203 1082 1277 tempus,
1136 1201 1209 1255 ut
1259 1189 1505 1275 possint
1560 1213 1704 1256 eam
1748 1190 1974 1267 vitam,
2027 1212 2194 1275 quae
2240 1201 2455 1256 tamen
2497 1201 2668 1256 esset
2711 1189 2850 1255 red-

800 1285 1010 1351 denda
1041 1295 1329 1361 naturae,
1363 1306 1481 1371 pro
1515 1285 1726 1370 patria
1759 1285 2162 1371 potissimum
2196 1284 2482 1352 reddere.
2554 1285 2667 1353 illo
2702 1307 2847 1350 vero

795 1403 860 1466 p.
898 1377 1037 1465 92]
1084 1402 1153 1446 se
1198 1379 1340 1445 loco
1385 1380 1678 1466 copiosos
1723 1392 1788 1449 et
1831 1381 2098 1446 disertos
2138 1379 2148 1467 Ι
2186 1391 2445 1467 putant,
2491 1402 2643 1444 cum
2686 1380 2851 1446 cala-

797 1472 1050 1540 mitates
1087 1473 1583 1540 clarissimorum
1618 1475 1902 1541 virorum
1935 1475 2324 1559 iniuriasque
2359 1475 2437 1539 iis
2472 1475 2557 1539 ab
2585 1475 2849 1560 ingratis

718 1587 745 1627 5
795 1567 1105 1653 inpositas
1170 1567 1419 1633 civibus
1490 1569 1842 1654 conligunt.
1929 1569 2080 1635 hinc
2150 1569 2322 1635 enim
2378 1569 2491 1637 illa
2552 1579 2617 1636 et
2679 1568 2848 1654 apud

796 1661 1084 1730 Graecos
1147 1664 1467 1748 exempla,
1536 1662 1903 1730 Miltiadem
1965 1664 2272 1730 victorem
2342 1662 2850 1746 domitoremque
2960 1718 2965 1724 .

793 1757 1140 1822 Persarum
1184 1756 1474 1822 nondum
1517 1757 1754 1822 sanatis
1800 1758 2166 1823 volneribus
2209 1757 2320 1834 iis,
2365 1778 2533 1841 quae
2587 1779 2848 1843 corpore

794 1852 1066 1918 adverso
1108 1852 1177 1917 in
1222 1851 1572 1917 clarissima
1617 1851 1886 1917 victoria
1938 1853 2318 1938 accepisset,
2363 1852 2566 1919 vitam
2606 1875 2694 1918 ex
2739 1852 2847 1916 ho-

794 1947 990 2011 stium
1048 1947 1190 2012 telis
1254 1957 1574 2012 servatam
1634 1948 1705 2012 in
1766 1947 2003 2013 civium
2053 1948 2281 2014 vinclis
2333 1947 2728 2036 profudisse,
2789 1958 2848 2012 et

792 2041 1289 2107 Themistoclem
1332 2042 1566 2128 patria,
1620 2063 1818 2126 quam
1860 2042 2289 2120 liberavisset,
2344 2044 2604 2128 pulsum
2659 2053 2846 2126 atque

790 2158 855 2222 p.
895 2133 1031 2221 73.]
1074 2136 1503 2222 proterriltum
1545 2158 1675 2201 non
1721 2137 1789 2201 in
1825 2135 2141 2204 Graeciae
2185 2148 2408 2223 portus
2454 2160 2571 2223 per
2613 2160 2686 2202 se
2721 2159 2845 2202 ser-

790 2240 1002 2306 vatos,
1049 2229 1165 2295 sed
1206 2230 1273 2294 in
1318 2230 1654 2298 barbariae
1703 2232 1879 2297 sinus
1915 2230 2310 2318 confugisse,
2355 2254 2554 2317 quam
2589 2232 2844 2297 adflixe-

788 2332 918 2398 rat3
972 2345 1092 2388 nec
1144 2345 1296 2389 vero
1338 2323 1616 2390 levitatis
1664 2326 2159 2392 Atheniensium
2209 2326 2729 2410 crudelitatisque
2780 2327 2841 2389 in

789 2415 1214 2499 amplissimos
1270 2417 1427 2481 civis
1480 2421 1779 2505 exempla
1823 2421 2152 2498 deficiunt,
2206 2443 2371 2505 quae
2414 2433 2571 2488 nata
2613 2433 2681 2486 et
2720 2421 2841 2485 fre·-

788 2518 1096 2589 quentata
1164 2509 1338 2593 apud
1396 2511 1540 2576 illos
1603 2513 1798 2580 etiam
1862 2516 1929 2580 in
1996 2516 2467 2602 gravissumam
2527 2515 2842 2580 civitatem

707 2623 733 2662 6
783 2611 1068 2668 nostram
1121 2601 1341 2668 dicunt
1393 2607 1817 2674 redundasse:
1871 2633 2022 2674 nam
2076 2612 2180 2676 vel
2233 2610 2531 2676 exsilium
2588 2607 2843 2674 Camilli

325 2703 356 2762 :J
384 2704 457 2730 ³*
783 2695 886 2760 vel
930 2695 1197 2762 offensio
1242 2714 1781 2768 commemoratur
1813 2704 2094 2782 Ahalae,
2144 2706 2246 2771 vel
2290 2705 2535 2769 invidia
2569 2705 2843 2770 Nasicae

325 2869 350 2886 ,Ἴ
781 2812 845 2875 p.
885 2789 1019 2876 74.]
1065 2793 1169 2858 vel
1213 2794 1504 2879 expulsio
1540 2796 1850 2862 Laenatis
1897 2800 2002 2864 vel
2039 2799 2287 2885 Opimii
2323 2796 2333 2885 Ι
2374 2799 2702 2864 damnatio
2746 2800 2839 2863 vel
2899 2809 2910 2818 ’

325 2931 359 2977 r
780 2884 942 2972 fuga
974 2885 1227 2954 Metelli
1260 2889 1365 2954 vel
1400 2891 1819 2958 acerbissima
1855 2889 1933 2958 C.
1970 2894 2168 2960 Marii
2203 2895 2446 2970 clades,
2484 2895 2838 2980 principum

782 2979 1039 3056 caedes,
1091 2982 1195 3046 vel
1247 3004 1469 3048 eorum
1521 2986 1874 3052 multorum
1930 3000 2176 3073 pestes,
2230 3009 2399 3072 quae
2451 2989 2650 3073 paulo
2703 2998 2837 3074 post

781 3084 1036 3139 secutae
1082 3089 1249 3140 sunt.
1336 3101 1458 3144 nec
1502 3102 1656 3147 vero
1704 3082 1834 3147 iam
1877 3105 2022 3148 meo
2067 3084 2324 3149 nomine
2359 3083 2718 3161 abstinent,
2762 3093 2836 3157 et,

779 3167 998 3244 credo,
1047 3171 1199 3252 qnia
1240 3184 1459 3239 nostro
1503 3176 1771 3242 consilio
1821 3199 1897 3242 ac
1921 3179 2226 3264 'periculo
2271 3201 2412 3245 sese
2446 3179 2515 3243 in
2556 3178 2672 3243 illa
2716 3178 2836 3241 vita

778 3269 971 3342 atque
1023 3264 1153 3328 otio
1206 3280 1613 3333 conservatos
1668 3282 1926 3355 putant,
1981 3274 2244 3358 gravius
2291 3274 2485 3339 etiam
2530 3272 2613 3339 de
2656 3271 2835 3337 nobis

777 3367 1131 3437 queruntur
1182 3370 1246 3424 et
1298 3363 1636 3428 amantius.
1739 3367 1853 3430 sed
1909 3367 2086 3432 haud
2137 3366 2328 3435 facile
2381 3367 2655 3434 dixerim
2709 3388 2832 3439 eur,

777 3470 925 3513 cum
949 3451 1127 3581 *ipsi
1196 3454 1481 3520 discendi
1552 3468 1666 3522 aut
1735 3459 1984 3525 visendi
2055 3484 2254 3526 causa
2322 3463 2527 3528 maria
2597 3460 2832 3526 tramit-

776 3553 914 3607 tant
1093 3548 1128 3582 ⁴*

1300 3640 1780 3727 [Desiderantur
1801 3652 2077 3734 payinae
2113 3648 2321 3738 duaa]

327 3744 358 3793 l¹
685 3725 724 3834 ξ
772 3749 837 3812 p.
873 3727 1054 3815 259]
1110 3733 1148 3768 ⁴*
1182 3734 1217 3768 ⁴*
1254 3734 1290 3771 ⁴⁸*
1337 3734 1348 3818 Ι
1396 3737 1641 3803 salvam
1695 3763 1835 3807 esse
1892 3747 2232 3810 consulatu
2289 3746 2512 3811 abiens
2563 3743 2635 3807 in
2686 3764 2828 3807 con-

771 3834 961 3932 t1one,
997 3828 1236 3911 populo
1269 3829 1565 3898 Romano
1600 3835 1774 3901 idem
1807 3837 2086 3916 iurante,
2123 3841 2469 3918 iurassem,
2513 3839 2703 3905 facile
2737 3838 2826 3900 in-

325 3935 338 4003 g
634 3945 638 3949 -
770 3938 1077 3983 mnarum
1145 3922 1433 3989 omnium
1504 3949 1964 4015 conpensarem
2036 3957 2261 4001 curam
2330 3947 2395 4001 et
2452 3932 2822 4000 molestiam.

771 4026 1160 4092 quamquam
1210 4019 1411 4082 nostri
1464 4043 1653 4087 casus
1705 4027 1852 4110 plus
1903 4026 2165 4095 honoris
2217 4031 2584 4096 habuerunt
2637 4048 2820 4112 quam

325 4119 415 4212 ἐῷ
769 4095 1031 4176 laboris,
1068 4126 1278 4188 neque
1314 4120 1565 4178 tantum
1600 4120 1930 4187 molestiae
1965 4135 2282 4207 quantum
2316 4125 2591 4211 gloriae,
2629 4113 2818 4190 maio·
