<?xml version="1.0" encoding="UTF-8"?>
<!DOCTYPE html PUBLIC "-//W3C//DTD XHTML 1.0 Transitional//EN"
    "http://www.w3.org/TR/xhtml1/DTD/xhtml1-transitional.dtd">
<html xmlns="http://www.w3.org/1999/xhtml" xml:lang="en" lang="en">
 <head>
  <title>
</title>
<meta http-equiv="Content-Type" content="text/html;charset=utf-8" />
  <meta name='ocr-system' content='tesseract 3.04.00' />
  <meta name='ocr-capabilities' content='ocr_page ocr_carea ocr_par ocr_line ocrx_word'/>
</head>
<body>
  <div class='ocr_page' id='page_1' title='image "./mtulliiciceroni03unkngoog_0250.png"; bbox 0 0 3292 4559; ppageno 0'>
   <div class='ocr_carea' id='block_1_1' title="bbox 612 382 651 493">
    <p class='ocr_par' dir='ltr' id='par_1_1' title="bbox 612 382 651 493">
     <span class='ocr_line' id='line_1_1' title="bbox 612 382 651 435; baseline 0 0"><span class='ocrx_word' id='word_1_1' title='bbox 612 382 651 435; x_wconf 79' lang='lat'>4</span> 
     </span>
     <span class='ocr_line' id='line_1_2' title="bbox 614 453 640 493; baseline 0 0"><span class='ocrx_word' id='word_1_2' title='bbox 614 453 640 493; x_wconf 72' lang='grc' dir='ltr'><strong>ἰ</strong></span> 
     </span>
    </p>
   </div>
   <div class='ocr_carea' id='block_1_2' title="bbox 683 237 2134 304">
    <p class='ocr_par' dir='ltr' id='par_1_2' title="bbox 683 237 2134 304">
     <span class='ocr_line' id='line_1_3' title="bbox 683 237 2134 304; baseline -0.001 -1"><span class='ocrx_word' id='word_1_3' title='bbox 683 237 815 303; x_wconf 79' lang='grc'><strong>220</strong></span> <span class='ocrx_word' id='word_1_4' title='bbox 1304 247 1384 302; x_wconf 77' lang='lat' dir='ltr'><strong>M.</strong></span> <span class='ocrx_word' id='word_1_5' title='bbox 1420 245 1696 304; x_wconf 84' lang='lat' dir='ltr'>TULLII</span> <span class='ocrx_word' id='word_1_6' title='bbox 1727 243 2134 302; x_wconf 78' lang='lat' dir='ltr'>CICERONIS</span> 
     </span>
    </p>
   </div>
   <div class='ocr_carea' id='block_1_3' title="bbox 681 369 2761 2625">
    <p class='ocr_par' dir='ltr' id='par_1_3' title="bbox 681 369 2761 2625">
     <span class='ocr_line' id='line_1_4' title="bbox 815 369 2761 460; baseline 0.001 -22"><span class='ocrx_word' id='word_1_7' title='bbox 815 371 949 439; x_wconf 89' lang='lat' dir='ltr'><strong>Sed</strong></span> <span class='ocrx_word' id='word_1_8' title='bbox 981 369 1436 448; x_wconf 80' lang='lat' dir='ltr'><strong>Posidonium,</strong></span> <span class='ocrx_word' id='word_1_9' title='bbox 1470 369 1637 434; x_wconf 88' lang='lat' dir='ltr'><strong>sicut</strong></span> <span class='ocrx_word' id='word_1_10' title='bbox 1671 390 1952 453; x_wconf 87' lang='lat' dir='ltr'><strong>aequum</strong></span> <span class='ocrx_word' id='word_1_11' title='bbox 1983 381 2114 447; x_wconf 83' lang='lat' dir='ltr'><strong>est,</strong></span> <span class='ocrx_word' id='word_1_12' title='bbox 2150 391 2304 437; x_wconf 88' lang='lat' dir='ltr'><strong>cum</strong></span> <span class='ocrx_word' id='word_1_13' title='bbox 2337 371 2514 438; x_wconf 84' lang='lat' dir='ltr'><strong>bona</strong></span> <span class='ocrx_word' id='word_1_14' title='bbox 2547 375 2761 460; x_wconf 82' lang='lat' dir='ltr'><strong>gratia</strong></span> 
     </span>
     <span class='ocr_line' id='line_1_5' title="bbox 685 461 2760 574; baseline 0.001 -42"><span class='ocrx_word' id='word_1_15' title='bbox 685 466 1099 543; x_wconf 72' lang='lat' dir='ltr'><strong>dimittamus,</strong></span> <span class='ocrx_word' id='word_1_16' title='bbox 1126 465 1213 530; x_wconf 74' lang='lat' dir='ltr'><strong>ad</strong></span> <span class='ocrx_word' id='word_1_17' title='bbox 1230 461 1579 574; x_wconf 70' lang='lat' dir='ltr'>Chrysippi</span> <span class='ocrx_word' id='word_1_18' title='bbox 1602 463 1868 547; x_wconf 74' lang='lat' dir='ltr'><strong>laqueos</strong></span> <span class='ocrx_word' id='word_1_19' title='bbox 1893 475 2325 544; x_wconf 74' lang='lat' dir='ltr'><strong>revertamur3</strong></span> <span class='ocrx_word' id='word_1_20' title='bbox 2355 467 2463 532; x_wconf 90' lang='lat' dir='ltr'><strong>cui</strong></span> <span class='ocrx_word' id='word_1_21' title='bbox 2489 468 2760 553; x_wconf 87' lang='lat' dir='ltr'><strong>quidem</strong></span> 
     </span>
     <span class='ocr_line' id='line_1_6' title="bbox 682 559 2760 668; baseline 0.002 -42"><span class='ocrx_word' id='word_1_22' title='bbox 682 561 965 648; x_wconf 86' lang='lat' dir='ltr'><strong>primum</strong></span> <span class='ocrx_word' id='word_1_23' title='bbox 996 561 1131 626; x_wconf 85' lang='lat' dir='ltr'><strong>de&#39;</strong></span> <span class='ocrx_word' id='word_1_24' title='bbox 1112 581 1255 646; x_wconf 80' lang='lat' dir='ltr'><strong>ipsa</strong></span> <span class='ocrx_word' id='word_1_25' title='bbox 1288 559 1670 668; x_wconf 78' lang='lat' dir='ltr'><strong>contagione</strong></span> <span class='ocrx_word' id='word_1_26' title='bbox 1693 579 1912 623; x_wconf 87' lang='lat' dir='ltr'><strong>rerum</strong></span> <span class='ocrx_word' id='word_1_27' title='bbox 1937 560 2470 645; x_wconf 70' lang='lat' dir='ltr'><strong>respondeamus,</strong></span> <span class='ocrx_word' id='word_1_28' title='bbox 2505 563 2760 649; x_wconf 85' lang='lat' dir='ltr'><strong>reliqua</strong></span> 
     </span>
     <span class='ocr_line' id='line_1_7' title="bbox 681 651 2757 742; baseline 0.001 -21"><span class='ocrx_word' id='word_1_29' title='bbox 681 666 907 742; x_wconf 88' lang='lat' dir='ltr'><strong>postea</strong></span> <span class='ocrx_word' id='word_1_30' title='bbox 955 675 1435 742; x_wconf 75' lang='lat' dir='ltr'><strong>persequemur.</strong></span> <span class='ocrx_word' id='word_1_31' title='bbox 1536 651 1708 718; x_wconf 88' lang='lat' dir='ltr'><strong>inter</strong></span> <span class='ocrx_word' id='word_1_32' title='bbox 1763 652 2054 718; x_wconf 85' lang='lat' dir='ltr'><strong>locorum</strong></span> <span class='ocrx_word' id='word_1_33' title='bbox 2115 665 2384 720; x_wconf 84' lang='lat' dir='ltr'><strong>naturas</strong></span> <span class='ocrx_word' id='word_1_34' title='bbox 2431 673 2757 740; x_wconf 85' lang='lat' dir='ltr'><strong>quantum</strong></span> 
     </span>
     <span class='ocr_line' id='line_1_8' title="bbox 684 745 2752 838; baseline 0.002 -24"><span class='ocrx_word' id='word_1_35' title='bbox 684 748 935 815; x_wconf 87' lang='lat' dir='ltr'><strong>intersit</strong></span> <span class='ocrx_word' id='word_1_36' title='bbox 986 747 1307 814; x_wconf 87' lang='lat' dir='ltr'><strong>videmus:</strong></span> <span class='ocrx_word' id='word_1_37' title='bbox 1378 746 1537 812; x_wconf 87' lang='lat' dir='ltr'><strong>alios</strong></span> <span class='ocrx_word' id='word_1_38' title='bbox 1588 769 1732 812; x_wconf 88' lang='lat' dir='ltr'><strong>esse</strong></span> <span class='ocrx_word' id='word_1_39' title='bbox 1781 745 2090 826; x_wconf 86' lang='lat' dir='ltr'><strong>salubris,</strong></span> <span class='ocrx_word' id='word_1_40' title='bbox 2149 748 2314 814; x_wconf 84' lang='lat' dir='ltr'><strong>alios</strong></span> <span class='ocrx_word' id='word_1_41' title='bbox 2372 751 2752 838; x_wconf 83' lang='lat' dir='ltr'><strong>pestilentis,</strong></span> 
     </span>
     <span class='ocr_line' id='line_1_9' title="bbox 682 839 2750 929; baseline 0.001 -20"><span class='ocrx_word' id='word_1_42' title='bbox 682 845 751 910; x_wconf 91' lang='lat' dir='ltr'><strong>in</strong></span> <span class='ocrx_word' id='word_1_43' title='bbox 804 842 943 908; x_wconf 86' lang='lat' dir='ltr'><strong>aliis</strong></span> <span class='ocrx_word' id='word_1_44' title='bbox 983 843 1321 929; x_wconf 73' lang='lat' dir='ltr'><strong>pituitosos</strong></span> <span class='ocrx_word' id='word_1_45' title='bbox 1362 854 1430 908; x_wconf 90' lang='lat' dir='ltr'><strong>et</strong></span> <span class='ocrx_word' id='word_1_46' title='bbox 1480 840 1670 926; x_wconf 83' lang='lat' dir='ltr'><strong>quasi</strong></span> <span class='ocrx_word' id='word_1_47' title='bbox 1711 839 2168 921; x_wconf 70' lang='lat' dir='ltr'><strong>redundantis,</strong></span> <span class='ocrx_word' id='word_1_48' title='bbox 2219 842 2290 908; x_wconf 91' lang='lat' dir='ltr'><strong>in</strong></span> <span class='ocrx_word' id='word_1_49' title='bbox 2353 845 2497 910; x_wconf 87' lang='lat' dir='ltr'><strong>aliis</strong></span> <span class='ocrx_word' id='word_1_50' title='bbox 2541 846 2750 912; x_wconf 83' lang='lat' dir='ltr'><strong>exsic-</strong></span> 
     </span>
     <span class='ocr_line' id='line_1_10' title="bbox 684 935 2754 1022; baseline 0 -18"><span class='ocrx_word' id='word_1_51' title='bbox 684 949 859 1004; x_wconf 83' lang='lat' dir='ltr'><strong>catos</strong></span> <span class='ocrx_word' id='word_1_52' title='bbox 923 949 1117 1022; x_wconf 87' lang='lat' dir='ltr'><strong>atque</strong></span> <span class='ocrx_word' id='word_1_53' title='bbox 1190 937 1445 1014; x_wconf 82' lang='lat' dir='ltr'><strong>aridos3</strong></span> <span class='ocrx_word' id='word_1_54' title='bbox 1512 935 1848 1018; x_wconf 80' lang='lat' dir='ltr'><strong>multaque</strong></span> <span class='ocrx_word' id='word_1_55' title='bbox 1909 946 2060 1000; x_wconf 88' lang='lat' dir='ltr'><strong>sunt</strong></span> <span class='ocrx_word' id='word_1_56' title='bbox 2123 937 2282 1014; x_wconf 73' lang='lat' dir='ltr'><strong>alia,</strong></span> <span class='ocrx_word' id='word_1_57' title='bbox 2353 959 2525 1022; x_wconf 82' lang='lat' dir='ltr'><strong>quae</strong></span> <span class='ocrx_word' id='word_1_58' title='bbox 2585 940 2754 1007; x_wconf 85' lang='lat' dir='ltr'><strong>inter</strong></span> 
     </span>
     <span class='ocr_line' id='line_1_11' title="bbox 683 1027 2755 1116; baseline 0.002 -20"><span class='ocrx_word' id='word_1_59' title='bbox 683 1032 895 1098; x_wconf 89' lang='lat' dir='ltr'><strong>locum</strong></span> <span class='ocrx_word' id='word_1_60' title='bbox 928 1042 997 1097; x_wconf 89' lang='lat' dir='ltr'><strong>et</strong></span> <span class='ocrx_word' id='word_1_61' title='bbox 1026 1031 1241 1096; x_wconf 91' lang='lat' dir='ltr'><strong>locum</strong></span> <span class='ocrx_word' id='word_1_62' title='bbox 1274 1030 1623 1116; x_wconf 88' lang='lat' dir='ltr'><strong>plurimum</strong></span> <span class='ocrx_word' id='word_1_63' title='bbox 1656 1027 1976 1094; x_wconf 83' lang='lat' dir='ltr'><strong>differant.</strong></span> <span class='ocrx_word' id='word_1_64' title='bbox 2055 1030 2340 1096; x_wconf 78' lang='lat' dir='ltr'><strong>Athenis</strong></span> <span class='ocrx_word' id='word_1_65' title='bbox 2373 1043 2573 1099; x_wconf 87' lang='lat' dir='ltr'><strong>tenue</strong></span> <span class='ocrx_word' id='word_1_66' title='bbox 2607 1057 2755 1100; x_wconf 79' lang='lat' dir='ltr'><strong>cae-</strong></span> 
     </span>
     <span class='ocr_line' id='line_1_12' title="bbox 682 1123 2757 1210; baseline 0.002 -19"><span class='ocrx_word' id='word_1_67' title='bbox 682 1127 847 1202; x_wconf 87' lang='lat' dir='ltr'><strong>lum,</strong></span> <span class='ocrx_word' id='word_1_68' title='bbox 900 1149 983 1192; x_wconf 83' lang='lat' dir='ltr'><strong>ex</strong></span> <span class='ocrx_word' id='word_1_69' title='bbox 1032 1147 1165 1210; x_wconf 90' lang='lat' dir='ltr'><strong>quo</strong></span> <span class='ocrx_word' id='word_1_70' title='bbox 1216 1125 1413 1190; x_wconf 88' lang='lat' dir='ltr'><strong>etiam</strong></span> <span class='ocrx_word' id='word_1_71' title='bbox 1455 1123 1772 1190; x_wconf 72' lang='lat' dir='ltr'><strong>acutiores</strong></span> <span class='ocrx_word' id='word_1_72' title='bbox 1814 1135 2128 1210; x_wconf 78' lang='lat' dir='ltr'><strong>putantur</strong></span> <span class='ocrx_word' id='word_1_73' title='bbox 2169 1126 2408 1205; x_wconf 87' lang='lat' dir='ltr'><strong>Attici,</strong></span> <span class='ocrx_word' id='word_1_74' title='bbox 2459 1150 2757 1194; x_wconf 80' lang='lat' dir='ltr'><strong>crassum</strong></span> 
     </span>
     <span class='ocr_line' id='line_1_13' title="bbox 682 1217 2754 1305; baseline 0.002 -21"><span class='ocrx_word' id='word_1_75' title='bbox 682 1219 955 1295; x_wconf 80' lang='lat' dir='ltr'><strong>Thebis,</strong></span> <span class='ocrx_word' id='word_1_76' title='bbox 998 1218 1219 1303; x_wconf 87' lang='lat' dir='ltr'><strong>itaque</strong></span> <span class='ocrx_word' id='word_1_77' title='bbox 1260 1219 1537 1305; x_wconf 77' lang='lat' dir='ltr'><strong>pingues</strong></span> <span class='ocrx_word' id='word_1_78' title='bbox 1568 1217 1868 1283; x_wconf 81' lang='lat' dir='ltr'><strong>Thebani</strong></span> <span class='ocrx_word' id='word_1_79' title='bbox 1901 1229 1968 1284; x_wconf 86' lang='lat' dir='ltr'><strong>et</strong></span> <span class='ocrx_word' id='word_1_80' title='bbox 1999 1219 2290 1285; x_wconf 81' lang='lat' dir='ltr'><strong>valentes</strong></span> <span class='ocrx_word' id='word_1_81' title='bbox 2307 1245 2326 1284; x_wconf 76' lang='grc' dir='ltr'><em>ε</em></span> <span class='ocrx_word' id='word_1_82' title='bbox 2379 1232 2600 1287; x_wconf 81' lang='lat' dir='ltr'><strong>tamen</strong></span> <span class='ocrx_word' id='word_1_83' title='bbox 2633 1246 2754 1289; x_wconf 91' lang='lat' dir='ltr'><strong>ne-</strong></span> 
     </span>
     <span class='ocr_line' id='line_1_14' title="bbox 685 1311 2750 1399; baseline 0.001 -21"><span class='ocrx_word' id='word_1_84' title='bbox 685 1334 812 1397; x_wconf 89' lang='lat' dir='ltr'><strong>que</strong></span> <span class='ocrx_word' id='word_1_85' title='bbox 844 1311 1004 1376; x_wconf 89' lang='lat' dir='ltr'><strong>illud</strong></span> <span class='ocrx_word' id='word_1_86' title='bbox 1036 1323 1231 1378; x_wconf 89' lang='lat' dir='ltr'><strong>tenue</strong></span> <span class='ocrx_word' id='word_1_87' title='bbox 1265 1311 1515 1376; x_wconf 84' lang='lat' dir='ltr'><strong>eaelum</strong></span> <span class='ocrx_word' id='word_1_88' title='bbox 1548 1311 1804 1387; x_wconf 84' lang='lat' dir='ltr'><strong>efficiet,</strong></span> <span class='ocrx_word' id='word_1_89' title='bbox 1835 1323 1913 1377; x_wconf 88' lang='lat' dir='ltr'><strong>ut</strong></span> <span class='ocrx_word' id='word_1_90' title='bbox 1945 1325 2062 1378; x_wconf 86' lang='lat' dir='ltr'><strong>aut</strong></span> <span class='ocrx_word' id='word_1_91' title='bbox 2087 1313 2414 1380; x_wconf 86' lang='lat' dir='ltr'><strong>Zenonem</strong></span> <span class='ocrx_word' id='word_1_92' title='bbox 2449 1314 2596 1399; x_wconf 88' lang='lat' dir='ltr'><strong>quis</strong></span> <span class='ocrx_word' id='word_1_93' title='bbox 2633 1331 2750 1381; x_wconf 87' lang='lat' dir='ltr'><strong>aut</strong></span> 
     </span>
     <span class='ocr_line' id='line_1_15' title="bbox 684 1407 2750 1493; baseline 0.002 -21"><span class='ocrx_word' id='word_1_94' title='bbox 684 1407 1045 1473; x_wconf 77' lang='lat' dir='ltr'><strong>Arcesilam</strong></span> <span class='ocrx_word' id='word_1_95' title='bbox 1078 1419 1193 1472; x_wconf 85' lang='lat' dir='ltr'><strong>aut</strong></span> <span class='ocrx_word' id='word_1_96' title='bbox 1224 1407 1742 1493; x_wconf 75' lang='lat' dir='ltr'><strong>Theophrastum</strong></span> <span class='ocrx_word' id='word_1_97' title='bbox 1775 1408 2025 1485; x_wconf 87' lang='lat' dir='ltr'><strong>audiat,</strong></span> <span class='ocrx_word' id='word_1_98' title='bbox 2057 1431 2270 1493; x_wconf 87' lang='lat' dir='ltr'><strong>neque</strong></span> <span class='ocrx_word' id='word_1_99' title='bbox 2302 1431 2626 1489; x_wconf 85' lang='lat' dir='ltr'><strong>crassum,</strong></span> <span class='ocrx_word' id='word_1_100' title='bbox 2674 1424 2750 1478; x_wconf 89' lang='lat' dir='ltr'><strong>ut</strong></span> 
     </span>
     <span class='ocr_line' id='line_1_16' title="bbox 683 1499 2750 1593; baseline 0.002 -25"><span class='ocrx_word' id='word_1_101' title='bbox 683 1503 931 1568; x_wconf 87' lang='lat' dir='ltr'><strong>Nemea</strong></span> <span class='ocrx_word' id='word_1_102' title='bbox 981 1503 1195 1588; x_wconf 87' lang='lat' dir='ltr'><strong>potius</strong></span> <span class='ocrx_word' id='word_1_103' title='bbox 1245 1523 1443 1586; x_wconf 88' lang='lat' dir='ltr'><strong>quam</strong></span> <span class='ocrx_word' id='word_1_104' title='bbox 1492 1501 1740 1566; x_wconf 84' lang='lat' dir='ltr'><strong>Isthmo</strong></span> <span class='ocrx_word' id='word_1_105' title='bbox 1789 1499 2126 1568; x_wconf 81' lang='lat' dir='ltr'><strong>victoriam</strong></span> <span class='ocrx_word' id='word_1_106' title='bbox 2171 1513 2370 1588; x_wconf 85' lang='lat' dir='ltr'><strong>petat.</strong></span> <span class='ocrx_word' id='word_1_107' title='bbox 2475 1503 2750 1593; x_wconf 86' lang='lat' dir='ltr'><strong>diiunge</strong></span> 
     </span>
     <span class='ocr_line' id='line_1_17' title="bbox 682 1594 2749 1686; baseline 0 -23"><span class='ocrx_word' id='word_1_108' title='bbox 682 1597 968 1683; x_wconf 80' lang='lat' dir='ltr'><strong>longius:</strong></span> <span class='ocrx_word' id='word_1_109' title='bbox 1012 1595 1172 1680; x_wconf 87' lang='lat' dir='ltr'><strong>quid</strong></span> <span class='ocrx_word' id='word_1_110' title='bbox 1204 1595 1377 1662; x_wconf 92' lang='lat' dir='ltr'><strong>enim</strong></span> <span class='ocrx_word' id='word_1_111' title='bbox 1408 1594 1535 1660; x_wconf 90' lang='lat' dir='ltr'><strong>loci</strong></span> <span class='ocrx_word' id='word_1_112' title='bbox 1566 1607 1800 1660; x_wconf 79' lang='lat' dir='ltr'><strong>natura</strong></span> <span class='ocrx_word' id='word_1_113' title='bbox 1831 1596 2086 1662; x_wconf 87' lang='lat' dir='ltr'><strong>adferre</strong></span> <span class='ocrx_word' id='word_1_114' title='bbox 2119 1605 2352 1682; x_wconf 84' lang='lat' dir='ltr'><strong>potest,</strong></span> <span class='ocrx_word' id='word_1_115' title='bbox 2383 1607 2460 1662; x_wconf 90' lang='lat' dir='ltr'><strong>ut</strong></span> <span class='ocrx_word' id='word_1_116' title='bbox 2491 1597 2562 1663; x_wconf 90' lang='lat' dir='ltr'><strong>in</strong></span> <span class='ocrx_word' id='word_1_117' title='bbox 2593 1621 2749 1686; x_wconf 69' lang='lat' dir='ltr'><strong>por-</strong></span> 
     </span>
     <span class='ocr_line' id='line_1_18' title="bbox 682 1690 2750 1778; baseline 0 -20"><span class='ocrx_word' id='word_1_118' title='bbox 682 1692 814 1758; x_wconf 87' lang='lat' dir='ltr'><strong>ticu</strong></span> <span class='ocrx_word' id='word_1_119' title='bbox 846 1690 1145 1778; x_wconf 88' lang='lat' dir='ltr'><strong>Pompeii</strong></span> <span class='ocrx_word' id='word_1_120' title='bbox 1178 1691 1393 1776; x_wconf 86' lang='lat' dir='ltr'><strong>potius</strong></span> <span class='ocrx_word' id='word_1_121' title='bbox 1436 1712 1629 1775; x_wconf 86' lang='lat' dir='ltr'><strong>quam</strong></span> <span class='ocrx_word' id='word_1_122' title='bbox 1665 1690 1734 1754; x_wconf 90' lang='lat' dir='ltr'><strong>in</strong></span> <span class='ocrx_word' id='word_1_123' title='bbox 1768 1712 1999 1777; x_wconf 86' lang='lat' dir='ltr'><strong>campo</strong></span> <span class='ocrx_word' id='word_1_124' title='bbox 2035 1691 2480 1756; x_wconf 78' lang='lat' dir='ltr'><strong>ambulemus?</strong></span> <span class='ocrx_word' id='word_1_125' title='bbox 2530 1703 2750 1760; x_wconf 85' lang='lat' dir='ltr'><strong>tecum</strong></span> 
     </span>
     <span class='ocr_line' id='line_1_19' title="bbox 684 1784 2752 1872; baseline 0 -21"><span class='ocrx_word' id='word_1_126' title='bbox 684 1806 879 1872; x_wconf 87' lang='lat' dir='ltr'><strong>quam</strong></span> <span class='ocrx_word' id='word_1_127' title='bbox 912 1807 1060 1851; x_wconf 85' lang='lat' dir='ltr'><strong>cum</strong></span> <span class='ocrx_word' id='word_1_128' title='bbox 1094 1785 1259 1850; x_wconf 79' lang='lat' dir='ltr'><strong>alio?</strong></span> <span class='ocrx_word' id='word_1_129' title='bbox 1303 1784 1530 1849; x_wconf 89' lang='lat' dir='ltr'><strong>Idibus</strong></span> <span class='ocrx_word' id='word_1_130' title='bbox 1563 1784 1780 1870; x_wconf 87' lang='lat' dir='ltr'><strong>potius</strong></span> <span class='ocrx_word' id='word_1_131' title='bbox 1814 1805 2012 1868; x_wconf 86' lang='lat' dir='ltr'><strong>quam</strong></span> <span class='ocrx_word' id='word_1_132' title='bbox 2043 1785 2408 1850; x_wconf 75' lang='lat' dir='ltr'><strong>Kalendis?</strong></span> <span class='ocrx_word' id='word_1_133' title='bbox 2441 1796 2518 1850; x_wconf 87' lang='grc' dir='ltr'><strong>ιιι</strong></span> <span class='ocrx_word' id='word_1_134' title='bbox 2547 1785 2752 1872; x_wconf 84' lang='lat' dir='ltr'><strong>igitur</strong></span> 
     </span>
     <span class='ocr_line' id='line_1_20' title="bbox 682 1878 2750 1966; baseline -0.001 -19"><span class='ocrx_word' id='word_1_135' title='bbox 682 1882 767 1947; x_wconf 86' lang='lat' dir='ltr'><strong>ad</strong></span> <span class='ocrx_word' id='word_1_136' title='bbox 793 1881 1107 1966; x_wconf 84' lang='lat' dir='ltr'><strong>quasdam</strong></span> <span class='ocrx_word' id='word_1_137' title='bbox 1136 1903 1241 1946; x_wconf 78' lang='lat' dir='ltr'><strong>res</strong></span> <span class='ocrx_word' id='word_1_138' title='bbox 1264 1891 1499 1944; x_wconf 75' lang='lat' dir='ltr'><strong>namra</strong></span> <span class='ocrx_word' id='word_1_139' title='bbox 1528 1878 1656 1943; x_wconf 89' lang='lat' dir='ltr'><strong>loci</strong></span> <span class='ocrx_word' id='word_1_140' title='bbox 1687 1879 1966 1964; x_wconf 82' lang='lat' dir='ltr'><strong>pertinet</strong></span> <span class='ocrx_word' id='word_1_141' title='bbox 1995 1879 2276 1963; x_wconf 86' lang='lat' dir='ltr'><strong>aliquid,</strong></span> <span class='ocrx_word' id='word_1_142' title='bbox 2311 1878 2400 1943; x_wconf 88' lang='lat' dir='ltr'><strong>ad</strong></span> <span class='ocrx_word' id='word_1_143' title='bbox 2434 1879 2750 1964; x_wconf 85' lang='lat' dir='ltr'><strong>quasdam</strong></span> 
     </span>
     <span class='ocr_line' id='line_1_21' title="bbox 683 1973 2752 2058; baseline 0 -18"><span class='ocrx_word' id='word_1_144' title='bbox 683 1985 897 2042; x_wconf 85' lang='lat' dir='ltr'><strong>autem</strong></span> <span class='ocrx_word' id='word_1_145' title='bbox 930 1975 1110 2053; x_wconf 88' lang='lat' dir='ltr'><strong>nihil,</strong></span> <span class='ocrx_word' id='word_1_146' title='bbox 1146 1975 1241 2040; x_wconf 89' lang='lat' dir='ltr'><strong>sic</strong></span> <span class='ocrx_word' id='word_1_147' title='bbox 1272 1985 1599 2041; x_wconf 74' lang='lat' dir='ltr'><strong>astrorum</strong></span> <span class='ocrx_word' id='word_1_148' title='bbox 1622 1973 1902 2038; x_wconf 75' lang='lat' dir='ltr'><strong>adfectio</strong></span> <span class='ocrx_word' id='word_1_149' title='bbox 1927 1973 2162 2048; x_wconf 81' lang='lat' dir='ltr'><strong>valeat,</strong></span> <span class='ocrx_word' id='word_1_150' title='bbox 2197 1973 2256 2037; x_wconf 88' lang='lat' dir='ltr'><strong>si</strong></span> <span class='ocrx_word' id='word_1_151' title='bbox 2280 1973 2405 2052; x_wconf 76' lang='lat' dir='ltr'><strong>vis,</strong></span> <span class='ocrx_word' id='word_1_152' title='bbox 2439 1974 2526 2038; x_wconf 81' lang='lat' dir='ltr'><strong>ad</strong></span> <span class='ocrx_word' id='word_1_153' title='bbox 2555 1995 2752 2058; x_wconf 87' lang='lat' dir='ltr'><strong>quas·-</strong></span> 
     </span>
     <span class='ocr_line' id='line_1_22' title="bbox 685 2066 2751 2152; baseline -0 -19"><span class='ocrx_word' id='word_1_154' title='bbox 685 2069 835 2134; x_wconf 79' lang='lat' dir='ltr'><strong>dam</strong></span> <span class='ocrx_word' id='word_1_155' title='bbox 868 2092 992 2147; x_wconf 88' lang='lat' dir='ltr'><strong>res,</strong></span> <span class='ocrx_word' id='word_1_156' title='bbox 1027 2069 1112 2133; x_wconf 87' lang='lat' dir='ltr'><strong>ad</strong></span> <span class='ocrx_word' id='word_1_157' title='bbox 1146 2069 1355 2133; x_wconf 86' lang='lat' dir='ltr'><strong>omnis</strong></span> <span class='ocrx_word' id='word_1_158' title='bbox 1389 2079 1561 2133; x_wconf 85' lang='lat' dir='ltr'><strong>certe</strong></span> <span class='ocrx_word' id='word_1_159' title='bbox 1594 2089 1729 2132; x_wconf 91' lang='lat' dir='ltr'><strong>non</strong></span> <span class='ocrx_word' id='word_1_160' title='bbox 1761 2067 2020 2131; x_wconf 84' lang='lat' dir='ltr'><strong>valebit.</strong></span> <span class='ocrx_word' id='word_1_161' title='bbox 2105 2077 2178 2130; x_wconf 76' lang='lat' dir='ltr'><strong>at</strong></span> <span class='ocrx_word' id='word_1_162' title='bbox 2209 2066 2406 2144; x_wconf 83' lang='lat' dir='ltr'><strong>enim,</strong></span> <span class='ocrx_word' id='word_1_163' title='bbox 2441 2068 2751 2152; x_wconf 87' lang='lat' dir='ltr'><strong>quoniam</strong></span> 
     </span>
     <span class='ocr_line' id='line_1_23' title="bbox 682 2161 2748 2240; baseline -0.001 -12"><span class='ocrx_word' id='word_1_164' title='bbox 682 2163 751 2228; x_wconf 91' lang='lat' dir='ltr'><strong>in</strong></span> <span class='ocrx_word' id='word_1_165' title='bbox 783 2164 1029 2228; x_wconf 82' lang='lat' dir='ltr'><strong>naturis</strong></span> <span class='ocrx_word' id='word_1_166' title='bbox 1065 2162 1395 2228; x_wconf 88' lang='lat' dir='ltr'><strong>hominum</strong></span> <span class='ocrx_word' id='word_1_167' title='bbox 1420 2161 1970 2228; x_wconf 78' lang='lat' dir='ltr'><strong>dissimilitudines</strong></span> <span class='ocrx_word' id='word_1_168' title='bbox 2003 2171 2176 2238; x_wconf 85' lang='lat' dir='ltr'><strong>sunt,</strong></span> <span class='ocrx_word' id='word_1_169' title='bbox 2209 2171 2286 2225; x_wconf 89' lang='grc' dir='ltr'><strong>ιιι</strong></span> <span class='ocrx_word' id='word_1_170' title='bbox 2319 2161 2484 2228; x_wconf 86' lang='lat' dir='ltr'><strong>alios</strong></span> <span class='ocrx_word' id='word_1_171' title='bbox 2509 2162 2748 2240; x_wconf 84' lang='lat' dir='ltr'><strong>dulcia,</strong></span> 
     </span>
     <span class='ocr_line' id='line_1_24' title="bbox 684 2255 2750 2334; baseline 0 -12"><span class='ocrx_word' id='word_1_172' title='bbox 684 2257 842 2323; x_wconf 85' lang='lat' dir='ltr'><strong>alios</strong></span> <span class='ocrx_word' id='word_1_173' title='bbox 876 2257 1219 2322; x_wconf 76' lang='lat' dir='ltr'><strong>subamara</strong></span> <span class='ocrx_word' id='word_1_174' title='bbox 1250 2256 1597 2334; x_wconf 85' lang='lat' dir='ltr'><strong>delectent,</strong></span> <span class='ocrx_word' id='word_1_175' title='bbox 1630 2255 1741 2320; x_wconf 89' lang='lat' dir='ltr'><strong>alii</strong></span> <span class='ocrx_word' id='word_1_176' title='bbox 1771 2255 2126 2332; x_wconf 86' lang='lat' dir='ltr'><strong>libidinosi,</strong></span> <span class='ocrx_word' id='word_1_177' title='bbox 2161 2255 2272 2319; x_wconf 91' lang='lat' dir='ltr'><strong>alii</strong></span> <span class='ocrx_word' id='word_1_178' title='bbox 2299 2255 2599 2321; x_wconf 73' lang='lat' dir='ltr'><strong>iracundi</strong></span> <span class='ocrx_word' id='word_1_179' title='bbox 2633 2268 2750 2322; x_wconf 86' lang='lat' dir='ltr'><strong>aut</strong></span> 
     </span>
     <span class='ocr_line' id='line_1_25' title="bbox 684 2348 2744 2436; baseline -0.002 -18"><span class='ocrx_word' id='word_1_180' title='bbox 684 2352 972 2418; x_wconf 86' lang='lat' dir='ltr'><strong>crudeles</strong></span> <span class='ocrx_word' id='word_1_181' title='bbox 1006 2361 1121 2415; x_wconf 88' lang='lat' dir='ltr'><strong>aut</strong></span> <span class='ocrx_word' id='word_1_182' title='bbox 1152 2351 1413 2436; x_wconf 84' lang='lat' dir='ltr'><strong>superbi</strong></span> <span class='ocrx_word' id='word_1_183' title='bbox 1444 2351 1593 2427; x_wconf 85' lang='lat' dir='ltr'><strong>sint,</strong></span> <span class='ocrx_word' id='word_1_184' title='bbox 1627 2349 1738 2414; x_wconf 89' lang='lat' dir='ltr'><strong>alii</strong></span> <span class='ocrx_word' id='word_1_185' title='bbox 1769 2371 1812 2412; x_wconf 83' lang='grc' dir='ltr'><strong><em>α</em></strong></span> <span class='ocrx_word' id='word_1_186' title='bbox 1843 2350 2082 2414; x_wconf 82' lang='lat' dir='ltr'><strong>talibus</strong></span> <span class='ocrx_word' id='word_1_187' title='bbox 2115 2348 2290 2414; x_wconf 85' lang='lat' dir='ltr'><strong>vitiis</strong></span> <span class='ocrx_word' id='word_1_188' title='bbox 2323 2349 2744 2416; x_wconf 67' lang='lat' dir='ltr'><strong>abhorreant:</strong></span> 
     </span>
     <span class='ocr_line' id='line_1_26' title="bbox 684 2444 2746 2531; baseline 0 -21"><span class='ocrx_word' id='word_1_189' title='bbox 684 2445 1021 2530; x_wconf 81' lang='lat' dir='ltr'><strong>‘quoniam</strong></span> <span class='ocrx_word' id='word_1_190' title='bbox 1052 2444 1276 2531; x_wconf 87' lang='lat' dir='ltr'><strong>igitur&#39;</strong></span> <span class='ocrx_word' id='word_1_191' title='bbox 1318 2445 1528 2529; x_wconf 89' lang='lat' dir='ltr'><strong>inquit</strong></span> <span class='ocrx_word' id='word_1_192' title='bbox 1572 2451 1852 2508; x_wconf 83' lang='lat' dir='ltr'><strong>‘tantum</strong></span> <span class='ocrx_word' id='word_1_193' title='bbox 1893 2456 2128 2510; x_wconf 83' lang='lat' dir='ltr'><strong>natura</strong></span> <span class='ocrx_word' id='word_1_194' title='bbox 2168 2469 2213 2509; x_wconf 74' lang='lat' dir='ltr'><strong>a</strong></span> <span class='ocrx_word' id='word_1_195' title='bbox 2249 2456 2486 2510; x_wconf 83' lang='lat' dir='ltr'><strong>natura</strong></span> <span class='ocrx_word' id='word_1_196' title='bbox 2527 2447 2746 2524; x_wconf 81' lang='lat' dir='ltr'><strong>distat,</strong></span> 
     </span>
     <span class='ocr_line' id='line_1_27' title="bbox 684 2538 2750 2625; baseline 0.001 -21"><span class='ocrx_word' id='word_1_197' title='bbox 684 2539 843 2625; x_wconf 89' lang='lat' dir='ltr'><strong>quid</strong></span> <span class='ocrx_word' id='word_1_198' title='bbox 872 2540 1109 2604; x_wconf 89' lang='lat' dir='ltr'><strong>mirum</strong></span> <span class='ocrx_word' id='word_1_199' title='bbox 1142 2550 1243 2604; x_wconf 87' lang='lat' dir='ltr'><strong>est</strong></span> <span class='ocrx_word' id='word_1_200' title='bbox 1273 2539 1390 2603; x_wconf 81' lang='lat' dir='ltr'><strong>has</strong></span> <span class='ocrx_word' id='word_1_201' title='bbox 1414 2538 1962 2604; x_wconf 83' lang='lat' dir='ltr'><strong>dissimilitudines</strong></span> <span class='ocrx_word' id='word_1_202' title='bbox 1993 2562 2078 2605; x_wconf 85' lang='lat' dir='ltr'><strong>ex</strong></span> <span class='ocrx_word' id='word_1_203' title='bbox 2111 2539 2558 2606; x_wconf 77' lang='lat' dir='ltr'><strong>differentibus</strong></span> <span class='ocrx_word' id='word_1_204' title='bbox 2593 2563 2750 2606; x_wconf 88' lang='lat' dir='ltr'><strong>cau—</strong></span> 
     </span>
    </p>
   </div>
   <div class='ocr_carea' id='block_1_4' title="bbox 616 2632 2750 2722">
    <p class='ocr_par' dir='ltr' id='par_1_4' title="bbox 616 2632 2750 2722">
     <span class='ocr_line' id='line_1_28' title="bbox 616 2632 2750 2722; baseline 0.002 -27"><span class='ocrx_word' id='word_1_205' title='bbox 616 2633 1252 2700; x_wconf 75' lang='lat' dir='ltr'><strong>5sisessefactas?&#39;</strong></span> <span class='ocrx_word' id='word_1_206' title='bbox 1302 2632 2750 2722; x_wconf 80' lang='lat' dir='ltr'><strong>haecdisserensquadereagaturetin</strong></span> 
     </span>
    </p>
   </div>
   <div class='ocr_carea' id='block_1_5' title="bbox 616 2711 2756 3860">
    <p class='ocr_par' dir='ltr' id='par_1_5' title="bbox 616 2711 2748 2910">
     <span class='ocr_line' id='line_1_29' title="bbox 616 2711 2748 2814; baseline 0 -20"><span class='ocrx_word' id='word_1_207' title='bbox 616 2711 817 2814; x_wconf 66' lang='grc' dir='ltr'><strong>9(Ῑιιο</strong></span> <span class='ocrx_word' id='word_1_208' title='bbox 860 2751 1059 2794; x_wconf 86' lang='lat' dir='ltr'><strong>causa</strong></span> <span class='ocrx_word' id='word_1_209' title='bbox 1090 2726 1395 2794; x_wconf 77' lang='lat' dir='ltr'><strong>consistat</strong></span> <span class='ocrx_word' id='word_1_210' title='bbox 1434 2749 1567 2792; x_wconf 91' lang='lat' dir='ltr'><strong>non</strong></span> <span class='ocrx_word' id='word_1_211' title='bbox 1598 2728 1806 2793; x_wconf 79' lang='lat' dir='ltr'><strong>videt·</strong></span> <span class='ocrx_word' id='word_1_212' title='bbox 1849 2749 1984 2792; x_wconf 89' lang='lat' dir='ltr'><strong>non</strong></span> <span class='ocrx_word' id='word_1_213' title='bbox 2015 2727 2218 2807; x_wconf 88' lang='lat' dir='ltr'><strong>enim,</strong></span> <span class='ocrx_word' id='word_1_214' title='bbox 2261 2730 2318 2793; x_wconf 90' lang='lat' dir='ltr'><strong>si</strong></span> <span class='ocrx_word' id='word_1_215' title='bbox 2351 2730 2462 2798; x_wconf 84' lang='lat' dir='ltr'><strong>alii</strong></span> <span class='ocrx_word' id='word_1_216' title='bbox 2495 2730 2582 2794; x_wconf 81' lang='lat' dir='ltr'><strong>ad</strong></span> <span class='ocrx_word' id='word_1_217' title='bbox 2615 2729 2748 2794; x_wconf 83' lang='lat' dir='ltr'><strong>alia</strong></span> 
     </span>
     <span class='ocr_line' id='line_1_30' title="bbox 684 2824 2750 2910; baseline 0 -21"><span class='ocrx_word' id='word_1_218' title='bbox 684 2825 1129 2910; x_wconf 81' lang='lat' dir='ltr'><strong>propensiores</strong></span> <span class='ocrx_word' id='word_1_219' title='bbox 1164 2834 1315 2888; x_wconf 85' lang='lat' dir='ltr'><strong>sunt</strong></span> <span class='ocrx_word' id='word_1_220' title='bbox 1346 2833 1607 2909; x_wconf 84' lang='lat' dir='ltr'><strong>propter</strong></span> <span class='ocrx_word' id='word_1_221' title='bbox 1640 2845 1870 2888; x_wconf 85' lang='lat' dir='ltr'><strong>causas</strong></span> <span class='ocrx_word' id='word_1_222' title='bbox 1901 2824 2214 2888; x_wconf 84' lang='lat' dir='ltr'><strong>naturalis</strong></span> <span class='ocrx_word' id='word_1_223' title='bbox 2249 2835 2316 2890; x_wconf 91' lang='lat' dir='ltr'><strong>et</strong></span> <span class='ocrx_word' id='word_1_224' title='bbox 2359 2825 2750 2891; x_wconf 85' lang='lat' dir='ltr'><strong>anteceden-</strong></span> 
     </span>
    </p>

    <p class='ocr_par' dir='ltr' id='par_1_6' title="bbox 682 2917 2756 3860">
     <span class='ocr_line' id='line_1_31' title="bbox 686 2917 2752 3006; baseline 0.001 -24"><span class='ocrx_word' id='word_1_225' title='bbox 686 2918 801 2994; x_wconf 85' lang='lat' dir='ltr'><strong>tis,</strong></span> <span class='ocrx_word' id='word_1_226' title='bbox 834 2919 1074 2983; x_wconf 90' lang='lat' dir='ltr'><strong>idcirco</strong></span> <span class='ocrx_word' id='word_1_227' title='bbox 1109 2917 1303 2982; x_wconf 88' lang='lat' dir='ltr'><strong>etiam</strong></span> <span class='ocrx_word' id='word_1_228' title='bbox 1334 2929 1700 2982; x_wconf 89' lang='lat' dir='ltr'><strong>nostrarum</strong></span> <span class='ocrx_word' id='word_1_229' title='bbox 1731 2917 2140 2982; x_wconf 78' lang='lat' dir='ltr'><strong>voluntatum</strong></span> <span class='ocrx_word' id='word_1_230' title='bbox 2175 2929 2370 3003; x_wconf 88' lang='lat' dir='ltr'><strong>atque</strong></span> <span class='ocrx_word' id='word_1_231' title='bbox 2405 2919 2752 3006; x_wconf 80' lang='lat' dir='ltr'><strong>adpetitio—</strong></span> 
     </span>
     <span class='ocr_line' id='line_1_32' title="bbox 685 3012 2751 3090; baseline 0.001 -14"><span class='ocrx_word' id='word_1_232' title='bbox 685 3033 846 3076; x_wconf 88' lang='lat' dir='ltr'><strong>num</strong></span> <span class='ocrx_word' id='word_1_233' title='bbox 894 3023 1047 3076; x_wconf 88' lang='lat' dir='ltr'><strong>sunt</strong></span> <span class='ocrx_word' id='word_1_234' title='bbox 1094 3033 1329 3078; x_wconf 85' lang='lat' dir='ltr'><strong>causae</strong></span> <span class='ocrx_word' id='word_1_235' title='bbox 1376 3012 1700 3077; x_wconf 76' lang='lat' dir='ltr'><strong>naturales</strong></span> <span class='ocrx_word' id='word_1_236' title='bbox 1743 3022 1811 3076; x_wconf 89' lang='lat' dir='ltr'><strong>et</strong></span> <span class='ocrx_word' id='word_1_237' title='bbox 1859 3012 2340 3090; x_wconf 84' lang='lat' dir='ltr'><strong>antecedentes3</strong></span> <span class='ocrx_word' id='word_1_238' title='bbox 2389 3035 2542 3078; x_wconf 82' lang='lat' dir='ltr'><strong>nam</strong></span> <span class='ocrx_word' id='word_1_239' title='bbox 2583 3014 2751 3080; x_wconf 83' lang='lat' dir='ltr'><strong>nihil</strong></span> 
     </span>
     <span class='ocr_line' id='line_1_33' title="bbox 688 3107 2746 3194; baseline 0 -20"><span class='ocrx_word' id='word_1_240' title='bbox 688 3117 858 3174; x_wconf 88' lang='lat' dir='ltr'><strong>esset</strong></span> <span class='ocrx_word' id='word_1_241' title='bbox 906 3107 978 3172; x_wconf 86' lang='lat' dir='ltr'><strong>in</strong></span> <span class='ocrx_word' id='word_1_242' title='bbox 1026 3118 1245 3173; x_wconf 86' lang='lat' dir='ltr'><strong>nostra</strong></span> <span class='ocrx_word' id='word_1_243' title='bbox 1292 3118 1634 3194; x_wconf 79' lang='lat' dir='ltr'><strong>potestate,</strong></span> <span class='ocrx_word' id='word_1_244' title='bbox 1687 3108 1744 3172; x_wconf 90' lang='lat' dir='ltr'><strong>si</strong></span> <span class='ocrx_word' id='word_1_245' title='bbox 1791 3107 1887 3172; x_wconf 86' lang='lat' dir='ltr'><strong>ita</strong></span> <span class='ocrx_word' id='word_1_246' title='bbox 1936 3130 2008 3172; x_wconf 90' lang='lat' dir='ltr'><strong>se</strong></span> <span class='ocrx_word' id='word_1_247' title='bbox 2051 3131 2158 3173; x_wconf 89' lang='lat' dir='ltr'><strong>res</strong></span> <span class='ocrx_word' id='word_1_248' title='bbox 2199 3107 2484 3174; x_wconf 78' lang='lat' dir='ltr'><strong>haberet.</strong></span> <span class='ocrx_word' id='word_1_249' title='bbox 2567 3131 2746 3174; x_wconf 92' lang='lat' dir='ltr'><strong>nunc</strong></span> 
     </span>
     <span class='ocr_line' id='line_1_34' title="bbox 686 3200 2748 3281; baseline 0 -13"><span class='ocrx_word' id='word_1_250' title='bbox 686 3223 839 3268; x_wconf 80' lang='lat' dir='ltr'><strong>vero</strong></span> <span class='ocrx_word' id='word_1_251' title='bbox 873 3201 1170 3279; x_wconf 85' lang='lat' dir='ltr'><strong>fatemur,</strong></span> <span class='ocrx_word' id='word_1_252' title='bbox 1206 3201 1379 3266; x_wconf 89' lang='lat' dir='ltr'><strong>acuti</strong></span> <span class='ocrx_word' id='word_1_253' title='bbox 1409 3200 1779 3278; x_wconf 88' lang='lat' dir='ltr'><strong>hebetesne,</strong></span> <span class='ocrx_word' id='word_1_254' title='bbox 1812 3202 2100 3267; x_wconf 79' lang='lat' dir='ltr'><strong>valentes</strong></span> <span class='ocrx_word' id='word_1_255' title='bbox 2125 3201 2491 3268; x_wconf 88' lang='lat' dir='ltr'><strong>inbecilline</strong></span> <span class='ocrx_word' id='word_1_256' title='bbox 2517 3201 2748 3281; x_wconf 87' lang='lat' dir='ltr'><strong>simus,</strong></span> 
     </span>
     <span class='ocr_line' id='line_1_35' title="bbox 684 3296 2752 3385; baseline 0.001 -23"><span class='ocrx_word' id='word_1_257' title='bbox 684 3319 817 3363; x_wconf 92' lang='lat' dir='ltr'><strong>non</strong></span> <span class='ocrx_word' id='word_1_258' title='bbox 846 3319 991 3364; x_wconf 87' lang='lat' dir='ltr'><strong>esse</strong></span> <span class='ocrx_word' id='word_1_259' title='bbox 1022 3296 1093 3361; x_wconf 90' lang='lat' dir='ltr'><strong>id</strong></span> <span class='ocrx_word' id='word_1_260' title='bbox 1124 3297 1194 3361; x_wconf 91' lang='lat' dir='ltr'><strong>in</strong></span> <span class='ocrx_word' id='word_1_261' title='bbox 1224 3296 1441 3374; x_wconf 84' lang='lat' dir='ltr'><strong>nobis3</strong></span> <span class='ocrx_word' id='word_1_262' title='bbox 1485 3296 1598 3380; x_wconf 90' lang='lat' dir='ltr'><strong>qui</strong></span> <span class='ocrx_word' id='word_1_263' title='bbox 1632 3309 1852 3362; x_wconf 87' lang='lat' dir='ltr'><strong>autem</strong></span> <span class='ocrx_word' id='word_1_264' title='bbox 1883 3319 1966 3363; x_wconf 87' lang='lat' dir='ltr'><strong>ex</strong></span> <span class='ocrx_word' id='word_1_265' title='bbox 2000 3319 2080 3363; x_wconf 90' lang='lat' dir='ltr'><strong>eo</strong></span> <span class='ocrx_word' id='word_1_266' title='bbox 2113 3298 2262 3384; x_wconf 87' lang='lat' dir='ltr'><strong>cogi</strong></span> <span class='ocrx_word' id='word_1_267' title='bbox 2293 3309 2510 3385; x_wconf 83' lang='lat' dir='ltr'><strong>putat,</strong></span> <span class='ocrx_word' id='word_1_268' title='bbox 2551 3320 2640 3364; x_wconf 93' lang='lat' dir='ltr'><strong>ne</strong></span> <span class='ocrx_word' id='word_1_269' title='bbox 2671 3311 2752 3364; x_wconf 88' lang='lat' dir='ltr'><strong>ut</strong></span> 
     </span>
     <span class='ocr_line' id='line_1_36' title="bbox 686 3391 2752 3477; baseline 0 -19"><span class='ocrx_word' id='word_1_270' title='bbox 686 3393 1023 3459; x_wconf 77' lang='lat' dir='ltr'><strong>sedeamus</strong></span> <span class='ocrx_word' id='word_1_271' title='bbox 1057 3391 1319 3477; x_wconf 89' lang='lat' dir='ltr'><strong>quidem</strong></span> <span class='ocrx_word' id='word_1_272' title='bbox 1352 3401 1467 3456; x_wconf 88' lang='lat' dir='ltr'><strong>aut</strong></span> <span class='ocrx_word' id='word_1_273' title='bbox 1498 3392 1902 3457; x_wconf 89' lang='lat' dir='ltr'><strong>ambulemus</strong></span> <span class='ocrx_word' id='word_1_274' title='bbox 1933 3393 2282 3458; x_wconf 80' lang='lat' dir='ltr'><strong>voluntatis</strong></span> <span class='ocrx_word' id='word_1_275' title='bbox 2315 3415 2490 3472; x_wconf 88' lang='lat' dir='ltr'><strong>esse,</strong></span> <span class='ocrx_word' id='word_1_276' title='bbox 2523 3393 2582 3458; x_wconf 87' lang='lat' dir='ltr'><strong>is</strong></span> <span class='ocrx_word' id='word_1_277' title='bbox 2613 3417 2752 3459; x_wconf 90' lang='lat' dir='ltr'><strong>non</strong></span> 
     </span>
     <span class='ocr_line' id='line_1_37' title="bbox 685 3487 2751 3572; baseline -0.001 -18"><span class='ocrx_word' id='word_1_278' title='bbox 685 3487 862 3554; x_wconf 85' lang='lat' dir='ltr'><strong>videt</strong></span> <span class='ocrx_word' id='word_1_279' title='bbox 913 3509 1083 3572; x_wconf 88' lang='lat' dir='ltr'><strong>quae</strong></span> <span class='ocrx_word' id='word_1_280' title='bbox 1135 3509 1461 3572; x_wconf 87' lang='lat' dir='ltr'><strong>quamque</strong></span> <span class='ocrx_word' id='word_1_281' title='bbox 1502 3509 1643 3552; x_wconf 89' lang='lat' dir='ltr'><strong>rem</strong></span> <span class='ocrx_word' id='word_1_282' title='bbox 1683 3509 1790 3552; x_wconf 89' lang='lat' dir='ltr'><strong>res</strong></span> <span class='ocrx_word' id='word_1_283' title='bbox 1831 3499 2293 3572; x_wconf 71' lang='lat' dir='ltr'><strong>consequaturz</strong></span> <span class='ocrx_word' id='word_1_284' title='bbox 2347 3500 2426 3552; x_wconf 89' lang='lat' dir='ltr'><strong>ut</strong></span> <span class='ocrx_word' id='word_1_285' title='bbox 2471 3487 2647 3554; x_wconf 87' lang='lat' dir='ltr'><strong>enim</strong></span> <span class='ocrx_word' id='word_1_286' title='bbox 2681 3501 2751 3554; x_wconf 87' lang='lat' dir='ltr'><strong>et</strong></span> 
     </span>
     <span class='ocr_line' id='line_1_38' title="bbox 682 3583 2750 3670; baseline -0 -21"><span class='ocrx_word' id='word_1_287' title='bbox 682 3584 999 3670; x_wconf 88' lang='lat' dir='ltr'><strong>ingeniosi</strong></span> <span class='ocrx_word' id='word_1_288' title='bbox 1050 3593 1115 3648; x_wconf 90' lang='lat' dir='ltr'><strong>et</strong></span> <span class='ocrx_word' id='word_1_289' title='bbox 1174 3583 1343 3648; x_wconf 90' lang='lat' dir='ltr'><strong>tardi</strong></span> <span class='ocrx_word' id='word_1_290' title='bbox 1400 3583 1494 3648; x_wconf 86' lang='lat' dir='ltr'><strong>ita</strong></span> <span class='ocrx_word' id='word_1_291' title='bbox 1554 3594 1905 3648; x_wconf 82' lang='lat' dir='ltr'><strong>nascantur</strong></span> <span class='ocrx_word' id='word_1_292' title='bbox 1953 3583 2481 3649; x_wconf 83' lang='lat' dir='ltr'><strong>antecedentibus</strong></span> <span class='ocrx_word' id='word_1_293' title='bbox 2533 3584 2750 3648; x_wconf 80' lang='lat' dir='ltr'><strong>causis</strong></span> 
     </span>
     <span class='ocr_line' id='line_1_39' title="bbox 684 3677 2753 3763; baseline 0 -21"><span class='ocrx_word' id='word_1_294' title='bbox 684 3679 965 3763; x_wconf 89' lang='lat' dir='ltr'><strong>itemque</strong></span> <span class='ocrx_word' id='word_1_295' title='bbox 992 3678 1280 3743; x_wconf 76' lang='lat' dir='ltr'><strong>valent-es</strong></span> <span class='ocrx_word' id='word_1_296' title='bbox 1305 3688 1372 3743; x_wconf 88' lang='lat' dir='ltr'><strong>et</strong></span> <span class='ocrx_word' id='word_1_297' title='bbox 1396 3677 1698 3756; x_wconf 78' lang='lat' dir='ltr'><strong>inbecilli,</strong></span> <span class='ocrx_word' id='word_1_298' title='bbox 1729 3700 1862 3744; x_wconf 91' lang='lat' dir='ltr'><strong>non</strong></span> <span class='ocrx_word' id='word_1_299' title='bbox 1888 3679 2180 3762; x_wconf 85' lang='lat' dir='ltr'><strong>sequitur</strong></span> <span class='ocrx_word' id='word_1_300' title='bbox 2205 3690 2426 3743; x_wconf 83' lang='lat' dir='ltr'><strong>tamen</strong></span> <span class='ocrx_word' id='word_1_301' title='bbox 2451 3689 2528 3742; x_wconf 91' lang='lat' dir='ltr'><strong>ut</strong></span> <span class='ocrx_word' id='word_1_302' title='bbox 2552 3679 2753 3743; x_wconf 85' lang='lat' dir='ltr'><strong>etiam</strong></span> 
     </span>
     <span class='ocr_line' id='line_1_40' title="bbox 688 3771 2756 3860; baseline 0.002 -24"><span class='ocrx_word' id='word_1_303' title='bbox 688 3772 909 3838; x_wconf 87' lang='lat' dir='ltr'><strong>sedere</strong></span> <span class='ocrx_word' id='word_1_304' title='bbox 944 3794 1057 3838; x_wconf 89' lang='lat' dir='ltr'><strong>eos</strong></span> <span class='ocrx_word' id='word_1_305' title='bbox 1090 3783 1155 3837; x_wconf 89' lang='lat' dir='ltr'><strong>et</strong></span> <span class='ocrx_word' id='word_1_306' title='bbox 1188 3771 1521 3838; x_wconf 85' lang='lat' dir='ltr'><strong>ambulare</strong></span> <span class='ocrx_word' id='word_1_307' title='bbox 1556 3783 1623 3838; x_wconf 88' lang='lat' dir='ltr'><strong>et</strong></span> <span class='ocrx_word' id='word_1_308' title='bbox 1654 3796 1794 3838; x_wconf 90' lang='lat' dir='ltr'><strong>rem</strong></span> <span class='ocrx_word' id='word_1_309' title='bbox 1827 3795 2023 3860; x_wconf 83' lang='lat' dir='ltr'><strong>agere</strong></span> <span class='ocrx_word' id='word_1_310' title='bbox 2059 3773 2344 3858; x_wconf 81' lang='lat' dir='ltr'><strong>aliquam</strong></span> <span class='ocrx_word' id='word_1_311' title='bbox 2376 3771 2756 3859; x_wconf 86' lang='lat' dir='ltr'><strong>principali-</strong></span> 
     </span>
    </p>
   </div>
   <div class='ocr_carea' id='block_1_6' title="bbox 613 3866 2756 3954">
    <p class='ocr_par' dir='ltr' id='par_1_7' title="bbox 613 3866 2756 3954">
     <span class='ocr_line' id='line_1_41' title="bbox 613 3866 2756 3954; baseline 0 -24"><span class='ocrx_word' id='word_1_312' title='bbox 613 3883 665 3922; x_wconf 76' lang='grc' dir='ltr'><strong>ιο</strong></span> <span class='ocrx_word' id='word_1_313' title='bbox 686 3866 811 3931; x_wconf 89' lang='lat' dir='ltr'><strong>hus</strong></span> <span class='ocrx_word' id='word_1_314' title='bbox 845 3867 1055 3932; x_wconf 85' lang='lat' dir='ltr'><strong>causis</strong></span> <span class='ocrx_word' id='word_1_315' title='bbox 1088 3867 1423 3933; x_wconf 84' lang='lat' dir='ltr'><strong>definitum</strong></span> <span class='ocrx_word' id='word_1_316' title='bbox 1457 3881 1519 3933; x_wconf 89' lang='lat' dir='ltr'><strong>et</strong></span> <span class='ocrx_word' id='word_1_317' title='bbox 1554 3869 1972 3934; x_wconf 84' lang='lat' dir='ltr'><strong>constitutum</strong></span> <span class='ocrx_word' id='word_1_318' title='bbox 2007 3868 2108 3932; x_wconf 84' lang='lat' dir='ltr'><strong>sit.</strong></span> <span class='ocrx_word' id='word_1_319' title='bbox 2180 3866 2572 3954; x_wconf 75' lang='lat' dir='ltr'><strong>Stilponem,-</strong></span> <span class='ocrx_word' id='word_1_320' title='bbox 2598 3867 2756 3932; x_wconf 86' lang='lat' dir='ltr'><strong>Me·</strong></span> 
     </span>
    </p>
   </div>
   <div class='ocr_carea' id='block_1_7' title="bbox 690 3960 2758 4144">
    <p class='ocr_par' dir='ltr' id='par_1_8' title="bbox 690 3960 2758 4144">
     <span class='ocr_line' id='line_1_42' title="bbox 690 3960 2758 4072; baseline 0.001 -49"><span class='ocrx_word' id='word_1_321' title='bbox 690 3960 979 4042; x_wconf 81' lang='lat' dir='ltr'><strong>gai-icum</strong></span> <span class='ocrx_word' id='word_1_322' title='bbox 1010 3961 1495 4048; x_wconf 83' lang='lat' dir='ltr'><strong>philosophum,</strong></span> <span class='ocrx_word' id='word_1_323' title='bbox 1537 3974 1802 4027; x_wconf 85' lang='lat' dir='ltr'><strong>acutum</strong></span> <span class='ocrx_word' id='word_1_324' title='bbox 1845 3986 2000 4028; x_wconf 85' lang='lat' dir='ltr'><strong>sane</strong></span> <span class='ocrx_word' id='word_1_325' title='bbox 2041 3962 2370 4028; x_wconf 88' lang='lat' dir='ltr'><strong>hominem</strong></span> <span class='ocrx_word' id='word_1_326' title='bbox 2412 3971 2479 4028; x_wconf 90' lang='lat' dir='ltr'><strong>et</strong></span> <span class='ocrx_word' id='word_1_327' title='bbox 2509 3961 2758 4072; x_wconf 76' lang='lat' dir='ltr'><strong>proba-</strong></span> 
     </span>
     <span class='ocr_line' id='line_1_43' title="bbox 690 4055 2755 4144; baseline 0.005 -32"><span class='ocrx_word' id='word_1_328' title='bbox 690 4061 829 4113; x_wconf 89' lang='lat' dir='ltr'><strong>tum</strong></span> <span class='ocrx_word' id='word_1_329' title='bbox 878 4055 1270 4136; x_wconf 86' lang='lat' dir='ltr'><strong>temporibus</strong></span> <span class='ocrx_word' id='word_1_330' title='bbox 1318 4056 1446 4121; x_wconf 88' lang='lat' dir='ltr'><strong>illis</strong></span> <span class='ocrx_word' id='word_1_331' title='bbox 1498 4056 1883 4144; x_wconf 86' lang='lat' dir='ltr'><strong>accepimus.</strong></span> <span class='ocrx_word' id='word_1_332' title='bbox 1979 4056 2153 4122; x_wconf 89' lang='lat' dir='ltr'><strong>hunc</strong></span> <span class='ocrx_word' id='word_1_333' title='bbox 2205 4057 2496 4123; x_wconf 86' lang='lat' dir='ltr'><strong>scribunt</strong></span> <span class='ocrx_word' id='word_1_334' title='bbox 2541 4055 2755 4144; x_wconf 88' lang='lat' dir='ltr'><strong>ipsius</strong></span> 
     </span>
    </p>
   </div>
   <div class='ocr_carea' id='block_1_8' title="bbox 2988 3551 2989 4473">
    <p class='ocr_par' dir='ltr' id='par_1_9' title="bbox 2988 3551 2989 4473">
     <span class='ocr_line' id='line_1_44' title="bbox 2988 3551 2989 4473; baseline 0 0"><span class='ocrx_word' id='word_1_335' title='bbox 2988 3551 2989 4473; x_wconf 95' lang='lat' dir='ltr'><strong> </strong></span> 
     </span>
    </p>
   </div>
  </div>
 </body>
</html>
