3292 4559
576 208 588 215 “
627 228 822 289 ,xvul
1251 222 1258 229 '
1384 229 1739 277 Anno‘mno
1778 210 2039 275 cni-1³10&
2110 204 2114 212 ’

628 324 891 417 „sequenti
908 361 1074 400 versu
1091 343 1402 399 omittenda
1417 343 1713 413 vorreqni.’
1728 362 1732 373 ¹
1748 341 1899 412 quod
1936 342 2101 398 colon
2133 340 2403 397 insulsum
2428 341 2847 412 expunximus)

629 423 832 490 Marus.
873 425 892 493 ΙΙ
922 428 1006 479 50.
1043 424 1248 493 imperii
1277 421 1562 491 :inmutav-⁸2³
1599 419 1711 474 del.
1746 418 2188 489 Ham-vides,
2208 421 2264 473 in
2283 419 2551 475 Oreuaer:
2590 422 2754 475 videri
2778 422 2845 477 in

627 498 922 557 Heinrich.
953 529 1025 541 --
1043 501 1244 569 populo
1274 514 1522 568 oppresso
1549 498 1711 551 domi·
1746 494 1792 552 Ο
1824 500 1973 553 teste
1995 495 2095 551 Du
2117 496 2290 567 Rieu,
2327 498 2488 552 videet
2524 499 2580 551 in
2608 495 2655 555 Ο
2684 504 2841 556 teste

625 586 844 637 nantem
887 575 997 631 del.
1036 575 1293 633 Greuzer.
1328 605 1401 616 —
1435 584 1542 629 tam
1575 576 1712 629 enim
1744 572 1916 643 Maio,
1934 575 2048 629 vide
2062 574 2114 628 si
2124 575 2181 628 in
2197 574 2384 629 Maius
2400 574 2487 646 (in
2504 575 2836 649 edaltera),

626 672 741 711 esse
775 653 982 709 Maius:
1019 662 1194 709 tamen
1227 655 1394 707 messe
1428 649 1491 707 Ο.
1517 680 1590 691 -
1615 668 1713 705 ra·
1743 652 1899 719 vides,
1923 651 1976 704 si
1994 654 2052 705 in
2077 651 2149 707 de
2174 650 2389 707 Halmii
2414 651 2739 709 coniectura
2756 652 2835 708 T.

629 730 744 789 del.
781 730 1030 802 Madvig.
1061 730 1082 801 ΙΙ
1127 736 1212 785 51.
1245 745 1490 799 praeesse
1519 726 1711 783 Bake:
1743 756 1814 769 --
1830 730 2006 797 reyale
2023 729 2073 783 si
2086 730 2358 798 imperium
2375 727 2591 783 Maius:
2626 732 2836 800 reyales

621 816 928 877 praeessent
956 805 1017 863 Ο.
1039 815 1234 861 —tum
1267 824 1304 861 a
1329 806 1520 877 paucis
1547 802 1710 859 Mad·
1744 806 2013 875 imperium
2030 803 2077 861 Ο
2092 810 2237 861 teste
2260 804 2358 860 Du
2372 804 2547 876 Rieu,
2578 810 2755 877 requie
2776 808 2838 863 εἰ

626 884 750 956 vig:
787 895 894 939 tum
911 886 968 939 in
977 886 1170 955 paucis
1187 882 1250 939 Ο.
1267 901 1416 938 —re
1431 892 1602 937 autem
1617 898 1709 937 ca·
1743 882 1997 951 mperium
2038 887 2185 939 teste
2220 882 2402 951 Maio,
2450 886 2636 953 regale
2665 886 2831 953 impe-

627 971 748 1015 rent
764 959 1019 1033 Madvig.
1057 975 1116 1016 re
1141 970 1313 1017 autem
1339 969 1521 1018 carent
1537 978 1596 1015 eo
1613 976 1711 1013 no-
1742 962 1881 1013 rium
1906 974 2035 1015 cum
2052 958 2205 1015 Maio
2229 959 2313 1029 (in
2331 959 2419 1015 ed.
2440 961 2565 1031 alt.)
2594 958 2665 1015 Τ.
2690 962 2711 1029 ΙΙ
2736 966 2827 1016 61.

627 1040 766 1093 mim
798 1037 866 1093 Ο
907 1041 928 1107 ΙΙ
971 1044 1056 1093 52.
1099 1039 1453 1127 infirmitatem
1497 1035 1709 1093 Maius·
1743 1054 1937 1109 quaeso
1973 1036 2183 1091 Maius.
2218 1038 2375 1107 quasi
2405 1035 2467 1092 Ο.
2496 1066 2567 1079 ·-
2592 1055 2826 1109 quonam

623 1117 925 1189 firmitatem
953 1113 1015 1172 Ο.
1049 1116 1074 1185 ΙΙ
1104 1120 1188 1169 53.
1218 1116 1516 1185 praecipua
1550 1112 1711 1184 Kay·
1743 1112 1955 1171 Maius:
1988 1115 2237 1185 quoniam
2264 1112 2327 1168 Ο.
2348 1144 2419 1155 --
2435 1132 2573 1169 unus
2604 1117 2823 1186 [inquit]

627 1194 1056 1264 seiz—aequitas
1073 1192 1444 1262 iniquissima-vt
1461 1189 1708 1260 Krarup,
1744 1190 1985 1245 Christio
2015 1195 2245 1247 auctore
2265 1190 2421 1245 T.--
2439 1193 2573 1245 idem
2590 1188 2664 1249 Ο.
2699 1194 2825 1249 item

628 1267 936 1339 Leopamii⁹
955 1268 1215 1340 Madvig:
1242 1270 1476 1339 aequitas
1495 1268 1709 1337 iniquis·
1743 1284 1871 1321 cum
1904 1266 2231 1321 Heinrichio
2267 1267 2426 1322 Τ.-
2445 1270 2703 1337 adducor,
2741 1272 2828 1323 in-

629 1348 764 1401 sima
780 1348 847 1400 sit
865 1345 928 1401 Ο.
958 1348 978 1416 ΙΙ
999 1352 1084 1401 54.
1109 1347 1250 1416 quod
1273 1346 1498 1399 maxime
1507 1345 1711 1415 probas
1742 1346 1852 1416 quit
1876 1344 2061 1399 Maius
2092 1344 2175 1416 (in
2203 1343 2614 1417 adnotatione).
2650 1347 2829 1401 addu-

630 1422 918 1479 Halmius:
952 1424 1080 1493 quid
1101 1424 1324 1477 maxime
1339 1422 1543 1493 probas
1567 1419 1630 1477 Ο.
1660 1420 1711 1492 (e
1742 1440 1836 1476 cor
1866 1423 2025 1491 iqitur
2049 1420 2113 1477 Ο.
2136 1450 2211 1465 ·-
2231 1431 2291 1476 ut
2316 1424 2689 1493 propemodum
2722 1424 2829 1477 ad-

629 1499 795 1559 tribue
813 1499 923 1553 ιἐιίε
941 1501 1130 1571 [quod]
1142 1501 1366 1554 maxime
1375 1501 1609 1568 probas!
1625 1516 1707 1552 re·
1740 1500 1939 1553 sentiar
1956 1497 2159 1553 Wolff:
2186 1508 2237 1553 et
2242 1501 2617 1570 propemodum
2634 1500 2830 1555 adsen-

631 1585 712 1631 cte
730 1578 957 1649 quaer-12⁸,
977 1578 1102 1649 quid
1113 1578 1337 1631 maxime
1353 1571 1621 1647 Kayser.)
1639 1604 1707 1617 --
1743 1577 1847 1631 tior
1899 1574 1973 1645 Ο,
2034 1586 2086 1631 et
2126 1578 2505 1650 propemodum
2556 1576 2827 1631 adsentior

631 1653 916 1723 separatim
927 1650 1016 1709 Οἳ.
1029 1654 1050 1722 Ι
1073 1659 1156 1708 56.
1159 1654 1428 1723 principia
1439 1652 1709 1722 capiamus
1742 1652 1952 1722 Maius,
2009 1655 2389 1723 propemodum
2440 1662 2498 1707 ut
2551 1654 2823 1708 adsentiar

629 1728 814 1788 Maius
850 1728 1034 1803 (nulla
1059 1747 1091 1787 8
1119 1730 1311 1786 codice
1337 1728 1590 1785 indicata
1610 1745 1708 1783 va·
1741 1730 2030 1786 Heinrich.
2056 1732 2076 1799 ΙΙ
2112 1736 2195 1784 62.
2216 1733 2334 1799 plur
2348 1748 2385 1784 a
2410 1728 2677 1786 Greuzerz
2712 1733 2829 1785 uita

627 1806 880 1879 rietate):
926 1808 1310 1898 praecipimur
1346 1805 1391 1863 Ο
1426 1811 1570 1862 teste
1611 1805 1709 1859 Du
1742 1807 2038 1878 (superscr.
2072 1806 2283 1898 futura)
2318 1806 2383 1863 Ο.
2408 1837 2480 1849 -
2512 1809 2829 1861 secessiones

626 1883 802 1953 Rieu,
821 1886 1142 1955 principium
1169 1886 1440 1954 capiamus
1466 1884 1538 1939 de
1565 1882 1707 1937 Hal-
1742 1883 1955 1939 Moser·
1988 1886 2323 1939 secessionem
2354 1882 2443 1954 Ο1,
2484 1883 2675 1939 deleta
2706 1900 2829 1939 una

521 1974 524 1981 ·
627 1960 726 2015 mii
763 1961 1085 2017 coniectura
1110 1959 1179 2014 Τ.
1211 1992 1284 2003 ——
1321 1961 1460 2015 docti
1489 1961 1705 2015 indocti·
1742 1960 1933 2016 littera
1958 1979 2007 2015 m
2035 1965 2180 2017 teste
2206 1959 2304 2017 Du
2319 1960 2487 2052 Rieu,
2516 1960 2732 2017 sece-m'o
2750 1959 2827 2015 Ο8

617 2052 728 2109 que
763 2036 982 2097 Osann:
1037 2037 1178 2091 docti
1217 2039 1507 2108 indoctique
1550 2054 1707 2107 apo·
1740 2042 1885 2093 teste
1911 2036 2125 2109 Maian
2163 2042 2247 2091 63.
2282 2040 2384 2091 vim
2416 2054 2649 2093 summae
2675 2046 2829 2107 pote-

625 2118 722 2171 tiri
761 2114 834 2185 Ο,
885 2116 1027 2170 docti
1064 2116 1354 2185 indoctique
1391 2115 1600 2183 pariter
1635 2114 1707 2169 de
1739 2116 1888 2169 statis
1934 2114 2110 2169 Bake.
2150 2115 2169 2182 ΙΙ
2218 2119 2302 2168 64.
2336 2116 2427 2169 diu
2462 2114 2561 2171 Ol:
2606 2116 2697 2171 dia
2730 2112 2825 2183 Οἳ,

631 2190 829 2248 Orellii
853 2192 1176 2247 coniectura
1201 2192 1271 2247 Τ.
1327 2190 1414 2247 cf.
1440 2190 1705 2245 Lactaut.
1740 2194 1878 2246 dura
1914 2189 2271 2260 Steinacker‚
2308 2193 2431 2246 dira
2467 2190 2619 2247 Otto.
2642 2220 2715 2233 --

627 2269 768 2325 Inst.
793 2268 851 2338 1,
880 2275 962 2325 11.
1013 2268 1315 2340 Augustin.
1343 2268 1506 2339 epist.
1531 2273 1618 2322 44.
1637 2298 1707 2309 —
1733 2278 1931 2340 patres,
1948 2278 2025 2322 set
2042 2269 2165 2321 deos
2180 2284 2309 2323 nos:
2344 2279 2421 2323 set
2429 2279 2615 2339 patres
2631 2277 2679 2323 et
2696 2270 2825 2321 deoc

628 2348 756 2418 quid
789 2348 930 2401 tum?
963 2346 1113 2418 (quid
1143 2346 1276 2416 ita-³)
1312 2347 1476 2417 inquit
1502 2346 1568 2399 L.
1588 2344 1707 2399 Do-
1741 2344 1859 2402 ΟΤ.
1894 2348 1915 2414 ΙΙ
1950 2350 2035 2401 65.
2064 2346 2229 2415 coepit
2252 2344 2468 2401 Moser:
2504 2346 2729 2415 coeperit
2759 2342 2824 2400 Ο.

629 2424 784 2491 brec,
813 2423 938 2495 quid
961 2423 1033 2475 ad
1055 2423 1218 2475 haec!
1249 2424 1415 2493 &aquit
1438 2423 1504 2476 L.
1524 2420 1704 2490 Bake,
1742 2453 1806 2463 -
1824 2423 1908 2477 sin
1934 2424 2145 2493 quando
2162 2422 2405 2492 Kayser.
2424 2452 2495 2463 —
2512 2424 2685 2477 attulit
2701 2420 2825 2475 Mo-

631 2500 724 2555 cui
751 2497 1066 2555 adsentitur
1088 2497 1330 2570 Kayser.
1356 2530 1427 2541 -
1463 2500 1705 2553 constitu·
1740 2516 1832 2554 881·
1857 2503 1915 2554 et
1940 2498 2170 2554 Nobbe:
2206 2500 2437 2553 attulen‘t
2454 2498 2517 2554 Ο.
2542 2501 2561 2571 ΙΙ
2591 2505 2677 2554 66.
2694 2499 2827 2553 hau-

631 2586 689 2631 ta
719 2586 838 2631 sunt
865 2575 1074 2643 Monere
1113 2578 1391 2629 constituta
1416 2576 1518 2628 sint
1546 2572 1608 2629 Ο.
1636 2604 1709 2616 -
1740 2579 1806 2630 eit
1847 2574 2167 2630 Eiehstadt:
2218 2576 2447 2629 hauserit
2490 2574 2551 2629 Ο.
2593 2604 2661 2616 -—
2688 2583 2829 2644 puto

629 2665 687 2712 ut
727 2656 826 2722 ait,
880 2663 1041 2709 totum
1095 2655 1369 2723 Olympum
1409 2650 1598 2706 Bake:
1651 2660 1708 2705 ut
1742 2654 1928 2720 [enim]
1976 2652 2068 2705 tibi
2107 2648 2345 2721 Kayser.
2390 2653 2411 2719 ΙΙ
2455 2657 2538 2705 67.
2582 2650 2831 2718 ecferunt

631 2734 705 2789 ait
733 2742 892 2787 totum
920 2732 1225 2801 Olympkum
1254 2731 1515 2785 Homerus
1542 2727 1615 2796 Ο,
1654 2738 1707 2782 ut
1741 2730 1980 2784 laudibus
1996 2727 2259 2781 100111-
2278 2726 2829 2798 inqueDoederlein.

631 2812 704 2865 ait
733 2811 1020 2879 Homerus,
1049 2818 1209 2864 totum
1239 2809 1512 2877 Olympum
1531 2804 1705 2859 Η8111-
1740 2807 1797 2860 in
1830 2804 2125 2878 (euperscr.
2152 2804 2245 2876 qu)
2282 2802 2345 2871 Ο,
2374 2805 2503 2875 quin
2530 2802 2828 2857 Maius.—

628 2887 769 2942 rich.
809 2920 871 2931 —-
907 2887 1098 2940 similia
1132 2886 1366 2939 ducimus
1401 2883 1465 2939 Ο.
1501 2883 1569 2939 F.
1608 2884 1705 2939 W.
1742 2883 1895 2937 liberi
1915 2880 2264 2952 sicMadvig.
2302 2881 2455 2935 liberi
2478 2882 2581 2935 sint
2608 2877 2767 2935 sicC.
2796 2882 2817 2949 ΙΙ

630 2964 852 3020 Miiuer.
899 2965 920 3033 ΙΙ
957 2970 1044 3017 57.
1118 2960 1312 3015 ‘Hunc
1346 2962 1558 3029 locum,
1597 2976 1707 3030 quo
1743 2966 1826 3015 68.
1854 2968 2120 3014 auctorem
2148 2958 2299 3013 zell.
2327 2976 2527 3013 morem
2544 2955 2749 3012 ΟΤ.-
2768 2955 2831 3009 id

630 3042 814 3109 Maius
832 3040 1093 3095 lacunam
1110 3037 1332 3110 explere
1352 3042 1584 3093 conatus
1603 3042 1705 3105 est,
1742 3035 1928 3090 Maius
1960 3036 2046 3108 (ih
2073 3035 2487 3107 adnotatione).
2526 3051 2633 3088 om.
2663 3030 2725 3089 Ο.
2752 3062 2827 3074 ·-—

632 3136 700 3177 ex
743 3117 902 3171 libris
940 3116 1009 3171 de
1047 3132 1108 3171 re
1143 3114 1374 3186 publica
1410 3114 1707 3169 adumbra-
1741 3114 1873 3167 cedit
1897 3112 2107 3167 Maius·
2144 3116 2283 3169 cadit
2309 3111 2427 3180 ΟΤ,
2458 3113 2625 3167 evadit
2640 3108 2827 3163 Maur.

630 3201 752 3252 tum
778 3210 898 3249 8888
927 3210 1127 3275 parum
1143 3193 1364 3247 videtur
1379 3189 1709 3263 probabile?
1744 3188 2005 3260 Seyffert.
2023 3220 2093 3232 —
2110 3209 2175 3245 ex
2198 3192 2291 3245 illo
2318 3188 2529 3243 Maius·
2564 3188 2738 3241 ailla
2756 3184 2825 3241 Ο.

629 3272 812 3333 Ihm.
841 3271 969 3342 1158.
995 3289 1060 3325 ea
1085 3288 1206 3325 vero
1233 3265 1376 3325 OlT.
1396 3267 1708 3335 -rexfice-
1749 3272 1877 3334 [169.
1905 3268 1989 3335 sit,
2018 3284 2083 3321 ex
2106 3268 2271 3320 tribus
2294 3265 2593 3321 Heinrich.
2628 3264 2696 3317 sit
2726 3263 2827 3315 tri·-

630 3352 700 3404 rit
728 3346 1024 3404 Heinrich.
1063 3366 1155 3401 rex
1179 3347 1282 3415 fuit
1301 3343 1347 3400 Ο
1365 3350 1510 3401 teste
1527 3343 1710 3414 Mai03
1746 3344 1837 3397 bue
1872 3342 1935 3399 Ο.
1972 3374 2040 3385 -
2074 3344 2380 3399 auctoritati
2402 3342 2703 3413 principum
2738 3340 2825 3393 in-
2878 3382 2883 3389 .

630 3427 728 3480 Du
754 3425 901 3481 Rieu
928 3432 987 3482 et
1009 3423 1270 3479 Halmius
1295 3421 1481 3477 silent.
1506 3422 1526 3493 ΙΙ
1553 3428 1638 3477 59.
1665 3422 1716 3476 si
1738 3422 1995 3490 partitum
2035 3418 2383 3476 Doederlein
2428 3424 2489 3475 et
2526 3415 2825 3475 Heinrich.

629 3504 770 3573 forte
795 3500 1275 3560 de1.Steinacker.
1301 3502 1322 3569 ΙΙ
1347 3505 1432 3554 60.
1450 3500 1518 3554 ab
1535 3500 1711 3553 aniwno
1744 3498 2052 3552 auctoritate
2077 3498 2379 3568 principum
2406 3498 2641 3566 partium
2666 3490 2729 3547 Ο.
2752 3524 2825 3537 —

631 3582 993 3635 removendam
1027 3579 1244 3633 ducebat
1276 3574 1709 3635 Weissenborn:
1742 3592 1991 3644 maynam
2018 3573 2371 3630 0111.Νο111118
2396 3590 2455 3644 p.
2478 3579 2595 3629 109.
2612 3600 2685 3613 —-
2698 3587 2833 3625 con-

633 3659 701 3711 ab
717 3659 892 3711 animo
910 3657 1186 3711 reducebat
1204 3652 1267 3710 Ο.
1313 3654 1480 3708 ‘Post
1495 3652 1713 3706 ducebat
1742 3651 2061 3719 formatione
2094 3650 2309 3705 Maius·
2346 3650 2729 3705 conmutationes
2762 3645 2833 3703 Ο.

633 3738 722 3789 est
746 3732 808 3787 in
833 3733 989 3791 editt.
1007 3750 1124 3789 eam
1150 3732 1365 3786 consilio
1381 3729 1561 3783 sedari
1575 3730 1711 3783 vole·
1756 3730 1775 3797 ΙΙ
1804 3735 1887 3783 70.
1914 3737 2099 3783 nostra
2114 3729 2402 3798 republica
2418 3726 2701 3783 Niebuhr:
2734 3742 2836 3779 no-

635 3811 740 3880 bat,
769 3826 914 3880 quae
931 3810 1126 3877 verba,
1155 3814 1220 3862 ut
1237 3806 1397 3862 nobis
1414 3804 1713 3862 Detlefsen
1743 3814 1886 3859 strae
1908 3806 2037 3874 reip.
2069 3804 2115 3861 Ο
2140 3809 2201 3861 et
2227 3803 2445 3861 Nonius
2470 3822 2529 3875 p.
2558 3810 2678 3858 244.
2695 3832 2769 3843 -
2786 3802 2841 3857 si

635 3884 991 3959 significavit,
1019 3886 1166 3941 inter
1181 3884 1421 3955 primam
1439 3888 1498 3940 et
1513 3901 1712 3939 secun·
1741 3892 1923 3953 potero
1950 3880 2167 3938 Nonius
2194 3885 2254 3937 et
2277 3881 2594 3937 Arusianus
2626 3880 2709 3953 (p.
2730 3884 2837 3936 212

637 3963 769 4017 dam
811 3962 1019 4019 lineam
1062 3964 1292 4019 alterius
1329 3960 1618 4017 columnae
1654 3978 1710 4031 p.
1744 3958 1869 4031 L.):
1906 3960 1957 4013 si
1968 3968 2193 4050 potuero
2212 3956 2275 4014 Ο.
2302 3960 2321 4027 ΙΙ
2349 3964 2431 4013 71.
2450 3976 2517 4013 ac
2546 3967 2689 4011 tuum
2716 3960 2837 4027 qui-

639 4044 964 4093 2658181111
1005 4040 1252 4095 secunda
1297 4040 1521 4098 adiecta
1563 4043 1711 4108 811111,
1748 4038 1858 4090 dem
1897 4037 2048 4090 unius
2082 4035 2259 4092 Henr.
2295 4034 2541 4091 Alanus:
2586 4052 2653 4089 ac
2688 4042 2841 4089 tuum
