3292 4559
778 252 906 318 166
1385 263 1463 318 Μ.
1502 261 1776 319 TULLII
1812 259 2216 319 CICERONIS

776 388 1128 476 caliginosa
1161 386 1344 452 stella
1380 385 1707 461 exstiterit,
1741 385 1998 472 pingue·
2021 395 2084 449 et
2120 395 2487 451 concretum
2517 406 2657 450 esse
2692 405 2827 448 cae-

776 483 932 558 lum,
968 494 1042 547 ut
1076 483 1213 547 eius
1250 480 1595 565 adspiratio
1628 481 1846 566 gravis
1888 489 1955 547 et
1987 479 2290 564 pestilens
2325 479 2546 544 futura
2578 479 2660 543 sit
2669 502 2688 555 ;
2733 478 2828 543 sin

784 576 1062 642 inlustris
1098 587 1165 642 et
1197 574 1525 661 perlucida
1559 575 1746 640 stella
1780 573 2168 659 adparuerit,
2189 572 2554 659 significari
2587 572 2827 637 caelum

684 698 748 738 ιιη
784 698 920 738 asses
956 683 1147 739 tenue
1180 691 1541 758 purumque
1578 682 1642 739 et
1684 680 2026 756 propterea
2061 669 2336 735 salubre.
2424 667 2829 734 Democritus

784 785 998 834 >sutem
1042 776 1259 831 censet
1303 765 1623 851 sapienter
1665 763 2022 829 instituisse
2066 774 2315 829 veteres
2361 773 2436 827 ut
2487 761 2828 829 hostiarum

784 861 1253 926 humolatarum
1280 859 1744 944 inspicerentur
1774 868 1942 935 exta,
1979 879 2256 942 quorum
2284 880 2368 922 ex
2391 856 2617 922 habitu
2643 867 2827 940 atque

784 982 860 1018 ex
908 955 1116 1020 solore
1160 964 1320 1019 tum·
1343 952 1764 1030 salubritatis,
1816 964 1956 1021 tum
2014 951 2412 1037 pestilentiae
2458 951 2643 1036 signa
2693 972 2827 1036 per·

784 1054 832 1114 *Ji
844 1050 932 1134 pi,
986 1069 1116 1113 non
1165 1068 1520 1130 unusquam
1562 1046 1788 1125 etiam,
1832 1068 2000 1130 quae
2046 1047 2130 1112 sit
2173 1047 2276 1112 vel
2320 1045 2614 1111 sterilitas
2653 1066 2834 1130 agro-

780 1166 924 1206 rum
973 1142 1077 1209 vel
1128 1141 1422 1209 fertilitas
1476 1140 1715 1206 futura.
1821 1161 1986 1224 quae
2051 1141 2106 1206 si
2170 1163 2210 1206 a
2268 1150 2499 1205 natura
2550 1137 2831 1225 profecta

784 1237 1142 1302 observatio
1178 1245 1371 1319 atque
1405 1256 1561 1301 usus
1597 1234 1883 1321 agnovit,
1918 1235 2124 1301 multa
2159 1233 2409 1299 adferre
2447 1233 2652 1319 potuit
2681 1232 2832 1307 dies,

784 1354 948 1414 siuas
984 1328 1547 1395 animadvertendo
1580 1338 1982 1405 notarentur,
2034 1340 2108 1393 ut
2141 1329 2248 1394 ille
2282 1327 2692 1393 Pacuvianus
2725 1327 2832 1411 qui

784 1426 844 1486 in
904 1422 1153 1508 Chryse
1207 1422 1511 1508 physicus
1572 1423 1899 1490 inducitur
1949 1422 2216 1488 minime
2276 1433 2573 1488 naturam
2624 1443 2832 1487 rerum

784 1539 1093 1602 &agnosse
1127 1517 1450 1583 videatur:

1121 1645 1273 1727 nam
1307 1663 1415 1727 isti
1448 1662 1561 1746 qui
1593 1663 1885 1748 linguam
1920 1663 2139 1726 avium
2174 1661 2552 1747 intellegunt

956 1757 1225 1843 plusque
1261 1779 1342 1822 ex
1377 1758 1584 1823 alieno
1618 1758 1828 1822 iecore
1864 1757 2124 1842 sapiunt
2170 1777 2366 1840 quam
2401 1778 2482 1821 ex
2519 1777 2656 1832 suo,

956 1851 1158 1936 magIs
1194 1851 1587 1916 audiendum
1622 1873 1819 1935 quam
1855 1850 2351 1920 auscultandum
2388 1871 2636 1916 censeo.

788 2014 936 2078 sur?
974 2034 1248 2097 quaeso,
1295 2036 1444 2078 cum
1477 2014 1615 2100 ipse
1652 2012 1875 2100 paucis
1909 2012 2301 2099 interpositis
2335 2013 2630 2079 versibus
2667 2013 2849 2078 dicae

788 2110 940 2170 saitis
973 2108 1330 2173 luculente:

956 2251 1261 2336 quicquid
1296 2262 1393 2317 est
1425 2251 1579 2328 hoc,
1618 2252 1834 2320 omnia
1869 2253 2128 2332 animat,
2163 2251 2418 2329 format,
2455 2251 2586 2329 alit,
2624 2265 2854 2338 auget,

1730 2357 1933 2422 creat,

958 2437 1183 2523 sepelit
1223 2438 1574 2524 recipitque
1621 2439 1691 2504 in
1744 2461 1883 2505 sese
1937 2440 2152 2506 omnia
2198 2439 2611 2523 omniumque
2665 2441 2852 2507 idem

1729 2544 1825 2599 est
1858 2546 2070 2619 pater,
2627 2570 2633 2573 ·
2732 2568 2736 2573 -

956 2626 1365 2710 indidemque
1414 2627 1636 2696 eadem
1680 2650 1846 2712 quae
1892 2629 2182 2695 oriuntur
2217 2628 2296 2693 de
2339 2627 2590 2714 integro
2634 2650 2856 2713 aeque

1727 2722 1953 2787 eodem
1989 2722 2308 2787 occidunt.

788 2886 940 2966 quid
974 2894 1071 2948 est
1114 2882 1312 2968 igitur
1346 2905 1489 2960 cur,
1535 2905 1683 2949 cum
1729 2883 1957 2950 domus
2004 2885 2085 2950 sit
2131 2885 2416 2950 omnium
2461 2907 2593 2950 una
2636 2907 2861 2970 eaque

788 2978 1138 3040 fflmmunis
1176 2992 1449 3061 cumque
1493 2977 1691 3041 animi
1724 2977 2056 3043 hominum
2092 3001 2345 3065 semper
2379 2978 2621 3045 fuerint
2663 2979 2857 3045 futu-

792 3070 968 3153 rique
1005 3070 1157 3147 sint,
1206 3092 1320 3135 cur
1351 3071 1397 3139 ii
1432 3072 1589 3156 quid
1624 3095 1707 3137 ex
1742 3092 1998 3156 quoque
2035 3073 2289 3139 eveniat
2324 3085 2389 3138 et
2419 3073 2579 3157 quid
2615 3094 2862 3157 quam-

788 3186 912 3246 qus
948 3185 1081 3228 rem
1118 3163 1431 3250 significet
1474 3166 1838 3252 perspicere
1883 3188 2015 3233 non
2058 3166 2349 3253 possint?
2407 3167 2569 3233 haec
2612 3168 2860 3233 habui’

688 3262 756 3370 -Ιιῇ
788 3258 991 3342 inquit
1025 3257 1135 3323 ‘de
1171 3259 1557 3326 divinatione
1593 3282 1760 3344 quae
1797 3261 2092 3326 dicerem.
2183 3270 2356 3327 nunc
2390 3262 2501 3326 illa
2535 3263 2860 3339 testabor,

784 3450 1020 3523 lsntur,
1056 3470 1138 3512 ne
1174 3448 1662 3532 psychomantia
1692 3449 1987 3531 quidem,
2034 3449 2267 3532 quibus
2302 3449 2560 3535 Appius
2597 3450 2865 3516 amicus

788 3562 932 3606 tuus
983 3540 1077 3605 uti
1129 3542 1402 3619 solebat,
1455 3564 1832 3628 agnoscere3
1887 3565 2017 3608 non
2070 3543 2277 3608 habeo
2322 3543 2598 3628 denique
2647 3546 2870 3609 nauci

784 3638 1079 3700 ,Marsum
1116 3657 1448 3720 augurem,
1483 3658 1615 3703 non
1648 3637 1910 3702 vicanos
1946 3637 2350 3723 haruspices,
2385 3660 2517 3705 non
2551 3639 2632 3704 de
2672 3639 2875 3704 circo

788 3729 1159 3815 astrologos,
1194 3751 1324 3794 non
1359 3730 1601 3796 Isiacos
1637 3732 2057 3809 coniectores,
2093 3754 2223 3798 non
2257 3734 2632 3820 interpretes
2672 3754 2881 3799 som-
2970 3766 2980 3782 ⁴

788 3824 1063 3887 uiarum:
1099 3844 1228 3888 non
1256 3825 1425 3890 enim
1452 3836 1602 3890 sunt
1634 3825 1683 3889 ii
1718 3839 1830 3892 aut
1867 3827 2130 3893 scientia
2158 3837 2269 3892 aut
2298 3838 2432 3892 arte
2469 3826 2691 3904 divini,
2733 3829 2882 3894 sed

1035 3969 1454 4054 superstitiosi
1489 3980 1670 4038 vates
1703 3971 2211 4058 inpudentesque
2246 3971 2496 4049 harioli,

960 4070 1069 4123 aut
1099 4061 1331 4128 inertes
1367 4063 1867 4131 autinsanifaut
1901 4062 2134 4149 quibus
2170 4077 2422 4153 egestas
2455 4065 2778 4152 imperat,

784 3378 912 3418 nnn
948 3373 1051 3416 me
1088 3353 1420 3440 sortilegos
1464 3375 1676 3437 neque
1713 3375 1853 3431 eos,
1900 3355 2012 3438 qui
2049 3366 2354 3439 quaestus
2399 3377 2594 3421 eausa
2628 3355 2866 3422 hario-
2980 3357 2981 3361 ’
