3292 4559
1156 295 1163 304 ,
1205 244 1312 300 DE
1346 243 1557 300 FATO
1594 245 1837 301 33—38.
2423 235 2554 301 229

484 381 661 436 esset
704 369 891 435 arbor
904 368 921 434 l
936 368 953 398 '
1008 367 1201 435 etiam
1246 363 1442 455 supra
1496 367 1772 434 ‘utinam
1815 391 1898 434 ne
1945 379 2115 436 esset
2155 391 2343 448 mons
2386 373 2556 438 1111110

485 465 741 625 Peliuilsl
756 465 771 494 ’
828 464 1243 551 similiterque
1290 465 1619 552 superiora
1663 475 2059 551 repetentem
2103 467 2360 554 regredi
2407 466 2558 534 infi-

484 559 623 626 nite
684 558 823 626 'cet.

705 693 871 738 neve
905 671 1056 738 inde
1090 670 1274 738 navis
1307 669 1654 738 inchoandi
1689 671 2022 738 exordium

611 781 619 786 ’
708 766 1000 853 cepisset.

490 907 801 970 quorsum
838 886 999 951 haec
1031 884 1415 972 praeterita?
1449 885 1603 970 quia
1636 885 1927 970 sequitur
1960 882 2123 948 illud

706 1014 859 1070 nain
885 1025 1239 1088 numquam
1256 1025 1370 1070 era
1384 1026 1602 1070 errans
1630 1026 1778 1070 mea
1795 1003 1988 1069 domo
2008 1002 2278 1069 ecferret
2303 1003 2556 1090 pedem,

706 1097 948 1164 Medea
984 1099 1195 1162 animo
1232 1119 1449 1184 aegro,
1486 1119 1705 1164 amore
1745 1118 1937 1164 saevo
1975 1095 2214 1174 saucia,

487 1238 645 1297 non,
681 1228 757 1282 ut
792 1239 907 1283 eae
940 1240 1044 1284 res
1082 1239 1344 1284 causam
1379 1217 1708 1286 adferrent
1741 1217 1997 1283 amoris.

623 1312 943 1378 Interesse
978 1323 1196 1379 autem
1223 1311 1423 1392 aiunt,
1458 1323 1676 1378 utrum
1703 1312 1840 1378 eius
1875 1311 2053 1378 modi
2087 1309 2244 1395 quid
2279 1310 2381 1388 sit,
2417 1309 2555 1377 sine
2592 1312 2660 1368 16

490 1430 620 1502 quo
672 1408 843 1474 effici
896 1408 1140 1493 aliquid
1191 1431 1321 1474 non
1372 1409 1605 1495 possit,
1661 1431 1746 1474 an
1795 1407 1936 1474 eius
1977 1406 2183 1484 modi,
2239 1428 2388 1472 cum
2425 1427 2556 1492 quo
2599 1385 2652 1428 ³⁶

486 1503 661 1570 effici
696 1503 939 1589 aliquid
981 1525 1243 1571 necesse
1288 1505 1389 1572 sit.
1476 1503 1658 1570 nulla
1699 1503 1896 1591 igitur
1945 1513 2304 1570 earumest
2337 1523 2554 1581 causa,

488 1597 792 1682 quoniam
827 1599 1006 1664 nulla
1052 1621 1196 1666 eam
1238 1621 1376 1665 rem
1412 1622 1531 1664 s-ua
1562 1599 1630 1663 vi
1668 1598 1898 1675 efficit,
1950 1597 2132 1663 cuius
2167 1618 2364 1662 causa
2397 1598 2555 1662 dici-

488 1703 619 1770 tur3
655 1713 777 1758 nec
810 1692 899 1769 id,
934 1693 1073 1758 sine
1108 1714 1238 1777 quo
1269 1693 1599 1779 quippiam
1634 1713 1767 1756 non
1799 1692 1893 1768 fit,
1931 1714 2127 1773 causa
2161 1701 2278 1766 est,
2316 1689 2430 1755 sed
2463 1690 2553 1768 id,

484 1785 663 1870 quod
700 1806 847 1849 cum
884 1786 1181 1862 accessit,
1226 1786 1293 1849 id
1339 1787 1519 1850 cuius
1557 1795 1654 1850 est
1699 1806 1896 1850 causa
1932 1785 2131 1850 efficit
2173 1783 2553 1849 necessario.

486 1879 778 1946 nondum
812 1879 983 1943 enim
1017 1880 1301 1944 ulcerato
1339 1879 1652 1964 serpentis
1687 1900 1913 1944 morsu
1947 1878 2340 1958 Philocteta,
2387 1901 2554 1962 quae

492 1995 689 2038 causa
722 1973 789 2036 in
835 1993 1051 2037 rerum
1086 1982 1319 2036 natura
1354 1972 1830 2049 continebatur,
1866 1971 2006 2038 fore
2041 1983 2115 2037 ut
2147 1972 2204 2038 is
2239 1972 2307 2036 in
2341 1972 2551 2038 insula

488 2067 741 2131 Lemno
794 2065 1229 2149 linqueretur?
1279 2075 1425 2153 post
1478 2075 1694 2130 autem
1753 2087 1950 2131 causa
1997 2065 2126 2131 11111
2175 2066 2436 2153 propior
2487 2079 2555 2133 et

488 2183 637 2226 cum
684 2161 858 2237 exitu
902 2161 1205 2226 iunctior:
1260 2161 1422 2226 ratio
1466 2159 1666 2248 igitur
1710 2171 1973 2226 eventus
2019 2161 2226 2246 aperit
2268 2182 2548 2227 causam.
2593 2179 2644 2221 3⁷

486 2255 602 2321 sed
648 2276 727 2320 ex
764 2254 1137 2321 aeternitate
1171 2277 1327 2321 vera
1369 2254 1493 2320 fuit
1536 2254 1698 2321 haec
1732 2255 2083 2320 enuntiatio
2128 2255 2552 2340 ‘relinquetur

484 2348 555 2416 in
587 2349 798 2415 insula
830 2347 1265 2429 Philoctetes,'
1300 2371 1421 2416 nec
1454 2350 1579 2415 hoc
1614 2371 1696 2416 ex
1731 2371 1884 2415 vero
1919 2349 1988 2414 in
2022 2348 2260 2414 falsum
2292 2360 2548 2436 poterat

488 2455 891 2510 convertere:
937 2465 1200 2510 necesse
1244 2455 1343 2510 est
1385 2445 1556 2510 enim
1590 2443 1659 2509 in
1693 2443 1889 2510 rebus
1926 2444 2259 2508 contrariis
2295 2444 2547 2532 duabus
2595 2490 2600 2494 -

486 2571 574 2584 -—
608 2537 923 2603 contraria
975 2551 1191 2605 autem
1240 2538 1367 2604 hoc
1416 2538 1558 2605 loco
1606 2561 1684 2604 ea
1731 2538 1902 2616 (1100,
1957 2560 2232 2623 quorum
2277 2539 2550 2604 alterum

488 2632 579 2696 ait
612 2631 789 2716 quid,
826 2632 1097 2698 alterum
1132 2642 1330 2718 negat
1362 2669 1479 2710 -—‚
1524 2655 1605 2697 ex
1640 2632 1718 2697 iis
1753 2633 1950 2718 igitur
1985 2653 2246 2699 necesse
2284 2642 2382 2698 001
2421 2631 2548 2716 [111-

487 2725 619 2790 vito
662 2725 975 2810 Epicuro]
1030 2726 1299 2792 alterum
1344 2748 1571 2792 verum
1614 2747 1785 2802 esse,
1841 2727 2114 2793 alterum
2159 2726 2422 2802 falsum,
2477 2737 2550 2790 ut

488 2825 508 2855 ‘
522 2817 914 2883 sauciabitur
928 2817 1318 2884 Philocteta'
1356 2819 1653 2885 omnibus
1679 2829 1828 2885 ante
1855 2818 2128 2887 saeculis
2153 2841 2380 2886 verum
2403 2819 2546 2898 fuit,

490 2921 507 2948 ‘
532 2933 660 2975 non
695 2910 1113 2976 sauciabitur’
1162 2911 1429 2991 falsum3
1474 2912 1601 2978 nisi
1644 2912 1810 2980 forte
1855 2914 2154 2980 volumus
2189 2913 2546 3001 Epicureo-

486 3027 631 3069 rum
677 3003 1043 3089 opinionem
1086 3007 1299 3090 sequi‚
1354 3007 1465 3091 qui
1509 3006 1656 3072 talis
1703 3007 2172 3074 enuntiationes
2206 3030 2327 3074 nec
2363 3031 2548 3076 veras

488 3121 609 3166 nec
644 3098 839 3165 falsas
886 3121 1025 3165 esse
1063 3100 1313 3178 dicunt,
1370 3113 1510 3178 aut,
1556 3123 1706 3168 cum
1737 3101 1806 3166 id
1851 3103 2082 3188 pudet,
2133 3104 2293 3170 illud
2337 3116 2550 3172 tamen

492 3195 738 3271 dicunt,
790 3194 966 3278 qnod
988 3193 1109 3262 'est
1150 3195 1594 3282 inpudentius,
1648 3218 1835 3263 veras
1886 3220 2030 3266 esse
2081 3221 2164 3264 ex
2217 3199 2550 3265 contrariis

493 3287 944 3367 diiunctiones,
998 3290 1143 3368 sed,
1198 3311 1364 3374 quae
1405 3291 1477 3355 in
1517 3291 1617 3356 his
1661 3291 1992 3358 enuntiata
2035 3303 2275 3370 essent,
2329 3313 2551 3358 eorum

494 3391 793 3448 neutrum
828 3404 967 3448 esse
1003 3405 1245 3450 verum.
1300 3405 1338 3448 o
1368 3385 1808 3453 admirabilem
1842 3387 2164 3453 licentiam
2192 3397 2256 3452 et
2289 3386 2551 3450 misera·
2593 3401 2646 3444 38

493 3476 688 3542 bilem
713 3475 1115 3542 inscientiam
1146 3477 1528 3545 disserendi!
1566 3480 1621 3545 si
1638 3481 1809 3547 enim
1835 3479 2077 3564 aliquid
2104 3479 2172 3544 in
2191 3479 2548 3563 eloquendo

494 3593 613 3638 nec
647 3593 873 3640 verum
905 3593 1027 3638 nec
1060 3572 1297 3639 falsum
1332 3584 1447 3652 est,
1484 3585 1655 3640 certe
1687 3575 1756 3638 id
1789 3595 2018 3640 verum
2049 3595 2180 3638 non
2215 3582 2342 3651 est3
2357 3575 2360 3578 ’
2377 3573 2551 3659 quod

500 3677 710 3732 autem
745 3688 972 3732 verum
1014 3689 1145 3732 non
1190 3676 1319 3747 est,
1364 3668 1478 3752 qui
1518 3679 1730 3754 potest
1761 3690 1892 3734 non
1936 3667 2170 3734 falsum
2215 3667 2396 3734 esse?
2439 3679 2552 3732 aut

498 3759 670 3842 quod
704 3759 941 3827 falsum
960 3759 1105 3826 ’11011
1150 3772 1275 3841 001,
1327 3761 1441 3846 qui
1472 3773 1688 3847 potest
1719 3784 1850 3841 non
1885 3783 2108 3828 verum
2143 3761 2324 3827 esse?
2373 3771 2552 3826 tene-

498 3851 667 3916 bitur
709 3856 901 3940 iqitur
960 3855 1059 3934 id,
1114 3855 1289 3940 quod
1342 3878 1382 3922 a
1426 3852 1792 3942 Chrysippo
1845 3855 2241 3933 defenditur,
2293 3876 2551 3920 omnem

490 3945 999 4016 enuntiationem
1054 3962 1169 4016 aut
1229 3973 1449 4018 veram
1512 3960 1627 4016 aut
1677 3951 1908 4017 falsam
1963 3973 2130 4030 esse3
2193 3949 2354 4016 ratio
2405 3949 2551 4036 ipsa

504 4047 689 4122 coget
732 4049 796 4105 et
848 4065 929 4108 ex
982 4044 1355 4112 aeternitate
1398 4045 1717 4131 quaedam
1765 4069 1903 4113 esse
1949 4068 2133 4124 vera,
2188 4056 2252 4112 et
2294 4068 2372 4111 ea
2421 4065 2552 4110 non
