3292 4559
745 266 876 333 134
1343 276 1439 331 M.
1474 271 1749 332 TULLII
1782 270 2184 329 CICERONIS

743 404 969 479 altero,
1023 380 1245 466 rursus
1301 399 1470 465 enim
1523 398 1688 462 alius
1738 398 2057 474 animans,
2104 395 2217 479 qui
2260 417 2415 460 eum
2458 395 2813 472 contineat,

742 497 827 563 sit
870 517 1132 562 necesse
1177 506 1306 571 est,
1351 493 1534 558 cuius
1577 502 1795 577 partes
1840 490 1969 555 sint
2022 490 2378 556 animantes
2423 491 2814 576 superiores,

744 592 1119 674 caelumque
1154 587 1278 653 hoc
1313 586 1726 652 simulacrum
1759 584 1933 649 illius
1965 583 2175 648 ultimi
2209 584 2311 660 811,
2345 606 2479 649 11011
2506 586 2815 670 proximi

743 706 1017 770 quomm
1070 706 1153 749 ne
1206 682 1363 766 quid
1407 678 1726 744 accideret
1780 689 1977 761 atque
2028 687 2102 741 ut
2153 676 2259 742 hic
2310 677 2595 743 mundus
2642 691 2817 744 esset

744 778 1051 845 animanti
1086 777 1380 843 absoluto
1417 773 1795 848 simillimus,
1832 772 2008 837 hoc
1989 792 2153 857 ipso,
2188 772 2364 856 quod
2399 772 2577 838 solus
2616 783 2816 856 atque

742 897 912 941 unus
948 884 1135 949 esset,
1169 870 1408 936 idcirco
1445 868 1836 954 singularem
1871 866 2033 932 deus
2065 866 2240 932 hunc
2265 866 2587 932 mundum
2615 879 2815 952 atque

743 969 1093 1055 unigenam
1127 963 1511 1053 procreavit.

875 1060 1278 1148 Corporeum
1322 1069 1537 1123 autem
1580 1068 1645 1122 et
1697 1055 2084 1142 aspectabile
2136 1054 2419 1138 itemque
2471 1057 2811 1121 tractabile

743 1179 932 1223 omne
967 1176 1232 1220 necesse
1269 1163 1366 1218 est
1401 1173 1563 1225 8888,
1600 1151 1775 1233 quod
1807 1161 2032 1215 natum
2067 1159 2185 1215 est.
2256 1150 2415 1216 nihil
2449 1172 2643 1236 porro
2674 1151 2809 1236 igni

742 1271 1019 1315 vacuum
1069 1247 1268 1333 aspici
1322 1266 1398 1311 ac
1449 1244 1652 1310 videri
1704 1255 1943 1331 potest,
2008 1265 2130 1308 nec
2190 1265 2342 1309 vero
2394 1244 2579 1352 tangi
2631 1245 2811 1327 quod

743 1352 957 1409 careat
991 1337 1217 1417 solido,
1255 1339 1531 1405 solidum
1565 1349 1781 1404 autem
1805 1338 1964 1402 nihil
1990 1337 2165 1421 quod
2196 1349 2403 1403 terrae
2416 1329 2514 1402 sit
2542 1360 2810 1423 expers.

745 1458 940 1519 quam
975 1434 1059 1499 ob
1094 1457 1230 1500 rem
1263 1432 1577 1498 mundum
1612 1432 1869 1498 efficere
1905 1432 2171 1497 moliens
2209 1429 2366 1496 deus
2402 1442 2639 1498 terram
2681 1434 2811 1517 pri-

743 1553 922 1596 mum
963 1530 1307 1616 ignemque
1349 1528 1677 1613 iungebat.
1766 1527 1981 1591 omnia
2024 1538 2242 1592 autem
2286 1527 2415 1592 duo
2453 1527 2538 1591 ad
2576 1527 2814 1593 cohae-

743 1626 1014 1693 rendum
1057 1624 1314 1689 tertium
1357 1622 1599 1706 aliquid
1642 1622 1991 1705 anquirunt
2033 1632 2099 1686 et
2144 1619 2329 1704 quasi
2375 1622 2620 1686 nodum
2668 1624 2815 1687 vin-

745 1720 1088 1803 culumque
1132 1716 1522 1795 desiderant,
1569 1716 1684 1782 sed
1730 1715 2134 1781 vinculorum
2167 1716 2236 1780 id
2270 1727 2369 1781 881
2402 1716 2812 1801 aptissimum

744 1823 936 1898 atque
996 1812 1524 1899 pulcherrimum,
1586 1811 1763 1896 quod
1824 1832 1904 1876 ex
1968 1832 2037 1875 se
2099 1820 2291 1894 atque
2344 1810 2425 1875 de
2476 1810 2587 1886 iis,
2639 1833 2815 1895 quae

745 1908 1019 1994 stringit,
1056 1929 1249 1991 quam
1283 1906 1565 1971 maxime
1598 1927 1805 1970 unum
1840 1904 2057 1970 efficit.
2127 1904 2195 1968 id
2231 1904 2471 1990 optime
2507 1905 2816 1989 adsequi-

745 2014 878 2080 tur,
931 2023 1098 2088 quae
1153 1999 1404 2067 Graece
1458 1996 1803 2085 ἆναλογία,
1860 1998 2096 2064 Latine
2148 2033 2237 2046 --
2287 2000 2661 2065 audendum
2720 2014 2815 2066 est

746 2096 945 2174 enim,
992 2095 1295 2180 quoniam
1339 2094 1500 2159 haec
1543 2093 1823 2179 primum
1858 2115 1897 2156 a
1929 2091 2116 2158 nobis
2159 2104 2477 2157 novantur
2508 2129 2599 2141 --
2633 2116 2818 2159 com-

743 2191 989 2276 paratio
1034 2188 1438 2276 proportiove
1486 2186 1613 2252 dici
1654 2197 1883 2273 potest.
1973 2186 2232 2269 quando
2267 2187 2438 2252 enim
2472 2188 2671 2253 trium
2688 2190 2816 2254 -vel

743 2306 1154 2351 numerorum
1199 2283 1300 2349 vel
1345 2282 1703 2367 figurarum
1746 2281 1849 2346 vel
1896 2303 2448 2365 quorumcumque
2493 2306 2812 2369 generum

745 2377 1057 2462 contingit
1108 2387 1210 2452 ut,
1265 2374 1441 2460 quod
1492 2375 1776 2440 medium
1830 2376 1942 2452 sit,
1995 2388 2067 2440 ut
2112 2376 2173 2441 ei
2213 2376 2493 2461 primum
2534 2400 2814 2464 propor-

743 2472 942 2547 tione,
979 2469 1070 2535 ita
1103 2469 1170 2534 id
1203 2480 1524 2555 postremo
1559 2481 1985 2555 comparetur,
2020 2470 2449 2555 vicissimque,
2486 2484 2563 2537 ut
2597 2486 2811 2540 extre-

743 2585 921 2630 mum
955 2587 1104 2631 cum
1137 2564 1376 2641 medi0,
1413 2564 1506 2629 sic
1538 2564 1824 2632 medium
1861 2588 2007 2630 cum
2039 2565 2249 2650 primo
2283 2566 2683 2644 conferatur,
2722 2571 2812 2646 id,

745 2660 918 2745 quod
967 2660 1254 2725 medium
1305 2669 1429 2737 est,
1493 2670 1632 2723 tum
1683 2660 1961 2745 primum
2012 2660 2115 2737 fit,
2181 2672 2320 2725 tum
2382 2673 2812 2746 postremum,

741 2765 1064 2840 postrema
1127 2764 1343 2820 autem
1405 2765 1469 2819 et
1521 2753 1729 2839 prima
1781 2754 1995 2820 media
2045 2754 2237 2819 fiunt:
2258 2823 2279 2828 ,
2308 2756 2401 2820 118
2452 2758 2812 2823 necessitas

736 2849 914 2934 ‘cogit
968 2860 1042 2913 ut
1092 2849 1314 2914 eadem
1361 2847 1489 2913 81111
1532 2870 1638 2926 88,
1693 2870 1860 2931 quae
1906 2848 2191 2913 diiuncta
2232 2846 2519 2925 fuerant3
2574 2851 2814 2917 eadem

742 2956 954 3008 autem
1017 2964 1164 3007 cum
1225 2941 1398 3007 facta
1459 2942 1616 3018 sint,
1680 2941 1955 3008 efficitur
2004 2953 2079 3006 ut
2130 2942 2346 3008 omnia
2396 2943 2523 3008 sint
2577 2967 2814 3011 unum.

742 3038 914 3122 quod
950 3036 1004 3117 81
1038 3035 1318 3100 universi
1354 3057 1586 3121 corpus
1622 3036 1887 3120 planum
1918 3046 1982 3101 et
2008 3036 2345 3145 aequabile
2373 3039 2820 3123 explicaretur

740 3150 948 3213 neque
990 3130 1057 3193 in
1101 3152 1178 3195 eo
1225 3130 1570 3213 quicquam
1618 3140 1786 3195 esset
1820 3133 1854 3210 †
1889 3129 2300 3213 requisitum,
2356 3154 2562 3224 unum
2606 3132 2818 3200 inter-

740 3226 976 3289 iectum
1011 3223 1294 3289 medium
1331 3233 1394 3288 et
1429 3245 1498 3288 88
1533 3223 1745 3307 ipsum
1782 3234 1847 3289 et
1882 3246 1989 3299 ea,
2035 3224 2269 3307 quibus
2316 3236 2485 3290 esset
2516 3225 2819 3313 interpo-

741 3319 954 3393 situm,
990 3317 1356 3403 conligaret.
1429 3317 1544 3382 sed
1579 3338 1729 3381 cum
1763 3318 2048 3383 soliditas
2083 3318 2326 3385 mundo
2359 3332 2810 3404 quaereretur,

741 3413 943 3480 solida
987 3424 1200 3480 autem
1249 3412 1462 3477 omnia
1497 3434 1626 3478 uno
1663 3414 1873 3480 medio
1909 3436 2292 3498 numquam,
2340 3415 2594 3481 duobus
2630 3440 2817 3483 sem—

738 3531 855 3594 per
889 3508 1297 3593 copulentur,
1342 3506 1433 3571 118
1468 3507 1737 3595 contigit
1771 3519 1845 3573 ut
1876 3510 2043 3575 inter
2076 3509 2298 3595 ignem
2331 3521 2525 3593 atque
2560 3522 2808 3575 terram

739 3626 971 3687 aquam
1018 3602 1176 3669 deus
1223 3602 1628 3686 animamque
1674 3615 1938 3689 poneret
1982 3625 2188 3688 eaque
2230 3604 2397 3669 inter
2430 3628 2500 3670 88
2538 3628 2820 3691 compa-

737 3707 906 3763 raret
948 3707 1012 3762 et
1053 3696 1461 3783 proportione
1507 3697 1953 3783 coniungeret,
1997 3708 2099 3774 ut,
2146 3717 2341 3781 quem
2392 3699 2479 3764 ad
2531 3700 2820 3765 modum

737 3791 902 3876 ignis
940 3790 1211 3868 animae,
1248 3791 1340 3857 sic
1375 3791 1588 3856 anima
1623 3814 1850 3875 aquae,
1885 3792 2189 3876 quodque
2225 3794 2439 3859 anima
2466 3815 2706 3877 aquae,
2745 3795 2822 3859 id

737 3908 906 3968 aqua
957 3897 1163 3952 terrae
1218 3886 1625 3971 proportione
1671 3886 1994 3965 redderet3
2050 3909 2179 3971 qua
2224 3911 2305 3954 ex
2349 3888 2827 3955 coniunctione

739 3978 986 4041 caelum
1021 3979 1112 4043 ita
1144 3990 1368 4063 aptum
1403 3990 1525 4054 est,
1571 3990 1645 4043 ut
1679 3980 1801 4045 sub
1838 3992 2167 4090 aspectum
2204 3994 2267 4049 et
2300 3992 2548 4049 tactum
2584 3984 2826 4049 eadat.

735 4066 953 4149 itaque
999 4080 1062 4136 81
1106 4072 1189 4136 ob
1225 4092 1369 4136 eam
1404 4094 1662 4139 causam
1700 4086 1763 4141 et
1797 4098 1878 4141 ex
1912 4076 1991 4141 118
2028 4078 2221 4145 rebus
2234 4126 2253 4157 ,
2301 4099 2571 4146 numero
2612 4091 2830 4163 quat-
