3292 4559
878 289 984 344 DE
1017 287 1346 346 DEORUM
1381 287 1710 346 NATURA
1742 289 1819 342 ιι.
1858 290 2096 346 79—-86,
2434 279 2527 356 65>

457 413 574 499 qui
605 414 698 480 ita
731 411 974 489 dividit,
1011 410 1318 488 omnium,
1355 432 1522 496 quae
1557 411 1713 490 sint',
1748 422 2048 482 naturam
2079 435 2219 482 esse
2254 437 2522 504 corpora

459 521 526 574 et
559 509 746 574 inane
783 529 1078 591 quaeque
1111 506 1190 573 iis
1225 505 1538 574 accidant.
1611 506 1726 572 sed
1760 529 1878 572 nos
1914 530 2061 576 cum
2096 509 2369 577 dicimus
2404 532 2520 578 na-

459 613 606 668 tura
639 613 932 669 constare
968 599 1524 686 administrarique
1559 603 1872 668 mundum
1885 651 1903 681 ,
1938 625 2069 671 non
2102 604 2193 670 ita
2228 605 2518 684 dicimus,

457 707 532 761 ut
564 695 860 782 glaebam
889 705 1002 760 aut
1027 695 1461 780 fragmentum
1487 694 1720 782 lapidis
1748 706 1857 761 aut
1886 696 2129 781 aliquid
2158 698 2295 764 eius
2324 697 2519 778 modi,

456 790 636 854 nulla
681 788 1060 854 cohaerendi
1104 799 1361 865 natura,
1409 789 1522 854 sed
1555 800 1630 857 ιιι
1664 790 1984 865 arborem,
2031 802 2105 856 ut
2136 792 2405 871 animal,
2448 794 2519 859 in

459 883 694 968 quibus
728 883 907 948 nulla
949 883 1304 959 temeritas,
1359 883 1474 948 sed
1517 883 1676 948 ordo
1712 885 1979 970 adparet
2023 895 2088 952 et
2130 887 2283 951 artis
2318 909 2518 972 quae-

459 977 612 1042 dam
646 976 1012 1044 similitudo.
1099 977 1272 1060 quod
1310 977 1362 1042 si
1401 999 1507 1056 ea,
1543 1000 1709 1061 quae
1747 1001 1787 1042 a
1820 988 1991 1049 terra
2024 980 2329 1065 stirpibus
2364 997 2519 1051 con·
2549 979 2619 1034 33

457 1071 772 1146 tinentur,
827 1082 962 1136 arte
1014 1081 1280 1142 naturae
1334 1070 1561 1137 vivunt
1613 1082 1679 1136 et
1730 1072 1983 1158 vigent,
2035 1073 2325 1158 profecto
2374 1074 2531 1186 ipsa-

457 1178 628 1232 terra
657 1166 878 1231 eadem
909 1165 975 1230 vi
1011 1165 1388 1243 continetur,
1425 1165 1666 1252 quippe
1696 1186 1861 1250 quae
1896 1167 2233 1252 gravidata
2260 1168 2521 1236 semini-

456 1261 580 1326 bus
618 1260 834 1326 omnia
850 1259 1075 1370 ‘pariat
1109 1271 1174 1325 et
1217 1259 1449 1327 fundat
1487 1284 1568 1326 ex
1605 1283 1773 1340 sese,
1810 1262 2023 1350 stirpis
2058 1263 2374 1348 amplexa
2388 1264 2517 1330 alat

458 1365 526 1420 et
568 1363 802 1440 augeat
847 1353 1114 1440 ipsaque
1157 1354 1364 1422 alatur
1407 1354 1689 1422 vicissim
1730 1377 1771 1420 a
1814 1356 2060 1442 superis
2106 1357 2529 1442 externisque*

455 1449 700 1514 naturis
711 1472 730 1526 ;
768 1448 1184 1534 eiusdemque
1209 1449 1741 1536 exspirationibus
1770 1462 1835 1516 et
1860 1457 1971 1516 ae‘r
1996 1451 2187 1516 alitur
2205 1462 2269 1517 et
2296 1453 2515 1520 aether

2558 1051 2611 1092 88
2662 1093 2669 1100 ,

459 1555 524 1611 et
567 1542 782 1608 omnia
822 1564 1074 1629 supera.
1163 1543 1284 1620 ita,
1331 1544 1384 1609 si
1428 1554 1598 1610 terra
1641 1555 1871 1610 natura
1914 1556 2167 1611 tenetur
2211 1557 2275 1612 et
2316 1547 2515 1632 viget,

460 1637 682 1703 eadem
735 1636 897 1704 ratio
947 1637 1018 1702 in
1058 1638 1303 1722 reliquo
1346 1637 1588 1704 mundo
1641 1650 1773 1716 est3
1822 1639 2051 1725 stirpes
2095 1639 2265 1706 enim
2308 1649 2514 1704 terrae

457 1731 818 1809 inhaerent3
863 1731 1218 1797 animantes
1267 1743 1486 1798 autem
1529 1731 1957 1816 adspiratione
1992 1734 2154 1798 ae‘ris
2198 1733 2531 1799 sustinen-‚

457 1835 589 1900 tur,
624 1825 891 1910 ipseque
928 1847 1040 1888 aer
1072 1825 1408 1891 nobiscum
1442 1825 1648 1902 videt‚
1694 1825 2030 1890 nobiscum
2066 1827 2264 1922 ‘'Udi‘’
2298 1827 2530 1892 nobis-·

460 1941 610 1982 cum
652 1929 866 1994 sonat,
917 1917 1078 1981 nihil
1121 1919 1294 1982 enim
1339 1939 1560 1982 eorum
1603 1918 1741 1983 sine
1776 1941 1854 1983 eo
1890 1919 2027 1983 fieri
2070 1930 2315 2004 potest·
2358 1921 2515 2003 quin

459 2011 653 2078 etiam
685 2020 978 2080 movetur
1021 2010 1384 2086 nobiscum3
1437 2031 1845 2095 quacumque
1892 2011 2061 2076 enim
2104 2012 2302 2090 imus,
2356 2034 2519 2096 qua-

461 2126 738 2188 cumque
781 2125 1144 2180 movemur,
1195 2104 1448 2170 videtur
1494 2105 1681 2187 quasi
1723 2107 1937 2170 locum
1972 2105 2125 2172 dare
2161 2116 2225 2172 et
2268 2107 2527 2180 cedere-,-

459 2221 754 2284 quaeque
803 2199 872 2264 in
922 2199 1204 2264 medium
1248 2199 1464 2264 locum
1507 2199 1761 2278 mundi,
1817 2199 1929 2284 qui
1976 2211 2075 2265 est
2115 2199 2399 2278 infimus,
2452 2212 2517 2264 et

458 2316 624 2378 quae
659 2317 698 2359 a
731 2293 944 2358 medio
985 2293 1051 2358 in
1097 2312 1402 2380 superum
1446 2312 1741 2378 quaeque
1778 2295 2193 2360 conversione
2233 2295 2528 2360 rutunda·

459 2389 697 2454 circum
731 2388 1015 2454 medium
1048 2387 1361 2465 feruntur,
1397 2411 1476 2452 ea
1511 2389 1944 2456 continentem
1977 2388 2202 2453 mundi
2229 2387 2529 2457 efficium

456 2503 780 2566 unamque
812 2492 1130 2546 naturam.
1218 2491 1284 2547 et
1326 2505 1476 2546 cum
1511 2493 1815 2566 quattuor
1847 2503 2087 2568 genera
2120 2482 2247 2548 sint
2291 2503 2529 2568 corpo-.

457 2599 630 2654 rum,
672 2575 1106 2641 vicissitudine
1151 2594 1372 2642 eorum
1424 2576 1651 2641 mundi
1694 2575 2063 2640 continuata
2112 2586 2343 2643 natura
2387 2588 2485 2641 est
2493 2600 2527 2654 3²·

457 2695 606 2736 nam
643 2693 726 2736 ex
759 2681 928 2736 terra
963 2693 1163 2756 aqua,
1210 2695 1292 2736 ex
1327 2691 1496 2756 aqua
1529 2671 1732 2738 oritur
1774 2675 1913 2747 aer,
1963 2693 2045 2736 ex
2081 2676 2228 2736 a‘e're
2262 2671 2482 2736 aether
2494 2696 2516 2748 3⁴

460 2765 688 2830 deinde
733 2775 1080 2830 retrorsum
1115 2765 1395 2832 vicissim
1431 2789 1513 2830 ex
1549 2765 1807 2831 aethere
1842 2769 1973 2841 aer,
2009 2764 2159 2829 inde
2196 2786 2393 2848 aqua,
2430 2787 2525 2830 ex÷

460 2879 628 2940 aqua
663 2867 830 2922 terra
863 2857 1109 2922 infima:
1157 2858 1247 2922 sic
1281 2858 1526 2923 naturis
1571 2858 1683 2935 iis,
1730 2881 1814 2923 ex
1847 2859 2083 2942 quibus
2118 2857 2331 2925 omnia
2364 2876 2528 2934 conf

461 2961 661 3026 stant,
717 2972 936 3014 sursus
982 2950 1274 3028 deorsus,
1330 2953 1498 3016 ultro
1541 2952 1701 3018 citro
1745 2953 2249 3018 commeantibus
2291 2951 2527 3021 mundi-

459 3042 738 3129 partium
785 3043 1145 3109 coniunctio
1191 3046 1576 3123 continetur3
1631 3067 1797 3130 quae
1840 3057 1953 3111 aut
1996 3047 2382 3132 sempiterna
2434 3047 2517 3112 sit

461 3157 724 3204 necesse
759 3146 853 3203 est
888 3135 1011 3202 hoc
1044 3137 1271 3204 eodem
1307 3150 1565 3217 ornatu,
1599 3160 1797 3224 quem
1831 3140 2150 3218 videmus,
2198 3152 2310 3206 aut
2342 3153 2517 3206 certe

459 3230 897 3318 perdiuturna,
957 3253 1335 3317 permanens
1399 3231 1483 3297 ad
1540 3234 1973 3320 longinquum·
2024 3245 2091 3303 et
2155 3235 2518 3301 inmensum
2614 3222 2653 3280 ,'

459 3347 664 3412 paene
701 3339 984 3412 tempus:
1030 3347 1304 3410 quorum
1345 3327 1661 3393 utrumvis
1693 3340 1767 3394 ut
1802 3328 1914 3406 sit,
1960 3329 2248 3414 sequitur
2288 3339 2517 3394 natura

461 3420 775 3486 mundum
811 3421 1258 3486 administrari.
1311 3444 1478 3507 quae
1510 3423 1684 3488 enim
1720 3423 2019 3490 classium
2050 3422 2376 3509 navigatio
2405 3433 2517 3486 aut

463 3536 629 3598 quae
672 3514 1002 3580 instructio
1038 3517 1354 3581 exercitus
1389 3528 1500 3582 aut
1531 3539 1781 3616 rursus,
1825 3529 1901 3583 ut
1934 3540 2041 3594 ea,
2086 3538 2253 3602 quae
2287 3528 2520 3580 natura

463 3608 689 3685 efficit,
739 3609 1188 3686 conferamus,
1254 3631 1420 3694 quae
1471 3585 1825 3697 procreatio
1877 3611 2023 3676 vitis
2084 3621 2198 3675 aut
2250 3607 2523 3686 arboris,

463 3723 631 3786 quae
662 3722 853 3788 porro
879 3703 1230 3771 animantis
1261 3704 1471 3790 figura
1505 3705 2050 3789 conformatioque
2084 3702 2517 3768 membrorum

462 3806 709 3862 tantam
749 3807 1016 3863 naturae
1051 3798 1394 3864 sollertiam
1427 3798 1771 3885 significat,
1818 3808 2123 3883 quantam
2158 3797 2295 3881 ipse
2330 3818 2519 3862 mun-
2566 3829 2571 3836 ·
2613 3830 2624 3874 2,

465 3888 627 3954 dus?
669 3899 784 3954 aut
823 3889 1021 3976 igitur
1053 3891 1210 3958 nihil
1247 3903 1371 3970 est,
1416 3893 1592 3976 quod
1625 3893 1936 3958 sentiente
1972 3900 2203 3956 natura
2236 3900 2520 3976 regatur,

467 3993 578 4047 aut
610 3984 922 4050 mundum
955 3986 1095 4072 regi
1133 3987 1568 4053 confitendum
1603 3998 1719 4053 est.
1806 3986 2043 4052 etenim
2077 3985 2189 4096 qui
2234 3984 2515 4096 reliquas
2554 4002 2610 4044 se

465 4087 726 4142 naturas
760 4079 966 4144 omnis
1002 4101 1348 4166 earumque
1383 4081 1626 4158 semina
1652 4079 1971 4147 contineat
1997 4079 2131 4165 qui
2132 4090 2351 4166 potest
2376 4079 2519 4166 ipse

576 4171 794 4222 Ciceronis
811 4180 880 4223 vol
914 4179 2147 4236 V11.5
