3292 4559
953 270 1060 324 DE
1095 266 1422 326 DEORUM
1455 265 1783 324 NATURA
1814 267 1922 323 111.
1956 268 2196 325 85-90,
2474 257 2597 326 119

543 397 855 484 copiosos.
943 415 1153 477 neque
1188 392 1456 458 Herculi
1499 392 1840 478 quisquam
1877 393 2212 460 decumam
2246 393 2422 460 vovit
2455 417 2597 460 um·
2637 415 2691 456 ss

542 512 769 578 quam,
821 489 878 556 si
925 489 1176 574 sapiens
1219 487 1429 553 factus
1483 499 1679 554 esset:
1734 509 2125 574 quamquam
2167 489 2594 576 Pythagoras,

544 609 690 654 cum
723 585 792 650 in
825 582 1177 670 geometria
1204 581 1508 665 quiddam
1532 583 1685 647 novi
1718 581 2081 660 invenisset,
2117 582 2327 648 Musis
2362 583 2595 649 bovem

543 679 972 748 immolavisse
1018 677 1246 744 dicitur
1253 702 1272 754 ς
1319 677 1433 742 sed
1465 677 1534 742 id
1568 677 1831 762 quidem
1864 699 1994 742 non
2029 677 2249 755 crede,
2296 677 2596 761 quoniam

543 775 652 842 ille
695 797 778 841 ne
813 772 1101 858 Apollini
1145 771 1405 856 quidem
1445 770 1638 837 Delio
1684 771 1956 836 hostiam
1999 771 2330 838 immolare
2374 771 2594 847 voluit,

545 891 628 936 ne
663 891 840 934 aram
875 867 1187 952 sanguine
1223 876 1607 952 aspergeret.
1673 865 1756 930 ad
1789 888 1925 932 rem
1960 876 2175 931 autem
2208 875 2282 930 ut
2314 866 2595 942 redeam,

549 961 854 1026 iudicium
905 960 1028 1026 hoe
1081 959 1366 1024 omnium
1418 958 1783 1024 mortalium
1837 969 1959 1037 est,
2013 959 2337 1024 fortunam
2383 981 2423 1024 a
2474 958 2595 1024 deo

551 1054 917 1140 petendam,
955 1077 994 1118 a
1028 1076 1097 1119 se
1130 1054 1270 1139 ipso
1307 1052 1683 1118 sumendam
1718 1075 1857 1118 esse
1893 1053 2287 1138 sapientiam.
2372 1075 2598 1136 quam-

547 1148 650 1213 vis
692 1147 840 1214 licet
872 1148 1083 1213 Menti
1128 1147 1394 1213 delubra
1429 1158 1494 1211 et
1527 1145 1770 1212 Virtuti
1806 1156 1871 1212 et
1902 1145 2090 1213 Fidei
2132 1169 2593 1224 consecremus,

551 1251 762 1307 tamen
813 1242 974 1307 haec
1016 1242 1084 1306 in
1134 1239 1318 1306 nobis
1361 1240 1516 1326 ipsis
1561 1240 1683 1306 sita
1730 1239 2047 1305 videmus:
2104 1239 2288 1327 Spei,
2336 1239 2595 1316 Salutis,

552 1333 745 1422 Opis,
793 1334 1116 1402 Victoriae
1161 1334 1432 1399 facultas
1469 1356 1508 1398 a
1554 1333 1653 1397 dis
1698 1333 2053 1419 expetenda
2099 1344 2214 1399 est.
2299 1334 2597 1420 inprobo-

547 1451 692 1494 rum
725 1428 920 1516 igitur
951 1428 1400 1514 prosperitates
1435 1427 1881 1510 secundaeque
1924 1449 2027 1493 res
2062 1429 2483 1514 redarguunt,
2526 1437 2595 1492 ut

551 1523 878 1610 Diogenes
932 1523 1204 1600 dicebat,
1257 1521 1389 1587 vim
1443 1543 1697 1588 omnem
1751 1521 2017 1587 deorum
2068 1543 2147 1587 ac
2198 1519 2594 1608 potestatem.

552 1624 648 1683 ‘at
691 1639 822 1682 non
861 1639 1216 1702 numquam
1260 1615 1464 1684 bonos
1510 1615 1719 1683 exitus
1754 1615 1994 1682 habent
2034 1616 2225 1682 boni)
2316 1638 2425 1683 eos
2457 1616 2599 1700 qui·-
2617 1604 2699 1658 ‘3⁷

550 1712 696 1777 dem
749 1711 1097 1798 adripimus
1145 1710 1679 1795 attribuimusque
1724 1709 1861 1776 sine
1904 1710 2038 1776 ulla
2082 1711 2323 1777 ratione
2360 1711 2456 1776 dis
2500 1711 2598 1775 in-

549 1805 940 1870 mortalibus.
1045 1816 1112 1870 at
1170 1804 1492 1892 Diagoras
1557 1825 1705 1869 cum
1759 1803 2241 1872 Samothracam
2302 1804 2597 1881 venisset,

551 1898 775 1962 atheus
809 1897 916 1962 ille
950 1898 1062 1982 qui
1097 1897 1344 1975 dicitur,
1381 1909 1574 1980 atque
1610 1897 1671 1962 ei
1704 1897 1964 1980 quidam
1986 1893 2289 1984 [amicus]
2329 1906 2347 1935 ‘
2360 1909 2451 1975 tu,
2487 1897 2597 1981 qui

553 1991 706 2055 deos
739 2001 929 2075 putas
962 1989 1244 2055 humana
1275 1991 1637 2078 neglegere,
1672 2012 1884 2058 nonne
1911 1990 2359 2058 animadvertis
2387 2013 2469 2056 ex
2504 2001 2598 2056 tot

553 2083 788 2148 tabulis
825 2083 1010 2168 pictis
1046 2104 1242 2168 quam
1274 2085 1458 2148 multi
1492 2085 1657 2150 votis
1686 2085 1817 2150 vim
1843 2085 2231 2170 tempestatis
2258 2085 2593 2172 effugerint

549 2178 618 2242 in
646 2188 1026 2262 portumque
1043 2177 1204 2244 salvi
1228 2178 1697 2263 pervenerint?
1737 2180 1857 2247 ‘ita
1880 2179 1955 2245 fit
1963 2178 2011 2256 3'
2047 2179 2254 2264 inquit
2289 2179 2409 2244 ‘illi
2428 2178 2597 2245 enim

554 2292 866 2354 nusquam
910 2272 1065 2359 picti
1113 2284 1292 2350 sunt,
1345 2273 1456 2358 qui
1499 2271 1839 2360 naufragia
1872 2273 2160 2340 fecerunt
2202 2273 2270 2339 in
2312 2273 2598 2357 marique

548 2365 912 2452 perierunt.’
999 2367 1327 2451 idemque,
1364 2390 1513 2434 cum
1549 2367 1609 2434 ei
1642 2368 1975 2455 naviganti
2009 2378 2295 2434 vectores
2332 2368 2596 2434 adversa

549 2469 921 2546 tempestate
967 2460 1171 2526 timidi
1218 2471 1281 2528 et
1333 2462 1652 2549 perterriti
1696 2461 1979 2530 dicerent
2022 2484 2153 2527 non
2202 2461 2432 2528 iniuria
2478 2461 2598 2526 sibi

548 2553 706 2618 illud
739 2555 1057 2634 accidere,
1110 2557 1236 2640 qui·
1265 2557 1448 2621 illum
1492 2558 1560 2622 in
1605 2556 1875 2622 eandem
1918 2579 2149 2622 navem
2190 2556 2597 2642 recepissent,

550 2649 826 2714 ostendit
859 2649 950 2715 eis
984 2650 1311 2716 in.eodem
1340 2673 1532 2718 cursu
1565 2652 1799 2718 multas
1836 2652 1991 2716 alias
2024 2651 2369 2716 laborantis
2406 2673 2600 2734 quae-

549 2742 844 2826 sivitque,
880 2765 1035 2806 num
1071 2743 1263 2822 etiam
1297 2744 1366 2808 in
1399 2743 1476 2810 iis
1511 2745 1785 2809 navibus
1809 2744 2166 2831 Diagoram
2201 2744 2349 2810 vehi
2383 2743 2601 2810 crede·

547 2847 710 2898 rent.
763 2834 857 2898 sic
885 2835 1053 2898 enim
1087 2857 1188 2899 res
1216 2859 1285 2901 se
1320 2836 1534 2912 habet,
1570 2849 1643 2901 ut
1671 2838 1755 2902 ad
1787 2860 2157 2924 prosperam
2184 2839 2598 2904 adversamve

550 2927 873 2991 fortunam
925 2927 1131 3008 qualis
1185 2928 1270 2992 sis
1320 2940 1431 2992 aut
1474 2951 1667 3012 quem
1714 2931 1797 2994 ad
1847 2933 2110 2996 modum
2162 2933 2394 2998 vixeris
2444 2930 2602 2997 nihil

550 3019 818 3089 intersit.
890 3026 1044 3084 ‘non
1082 3020 1593 3087 animadvertunt
1607 3023 1622 3051 ’
1660 3023 1867 3107 inquit
1903 3031 1921 3060 ‘
1934 3027 2148 3090 omnia
2182 3027 2266 3104 di,
2299 3049 2383 3094 ne
2417 3048 2601 3114 reges
2642 3043 2699 3084 ⁹⁰

554 3113 852 3202 quidem.’
941 3112 1098 3198 quid
1141 3126 1239 3178 est
1285 3115 1528 3181 simile?
1580 3138 1767 3202 reges
1810 3117 1980 3182 enim
2014 3119 2069 3183 si
2104 3119 2373 3187 scientes
2418 3143 2602 3207 prae-

553 3209 931 3286 termittunt,
964 3229 1202 3295 magna
1235 3209 1426 3294 culpa
1460 3219 1584 3287 est3
1622 3221 1689 3275 at
1722 3210 1843 3276 deo
1877 3233 1960 3274 ne
1994 3213 2319 3278 excusatio
2344 3215 2602 3295 quidem
2635 3224 2707 3280 38

557 3314 652 3369 est
683 3302 1080 3369 inscientiae:
1128 3323 1320 3386 quem
1356 3323 1470 3368 vos
1505 3302 1829 3389 praeclare
1866 3302 2226 3380 defenditis,
2264 3325 2411 3370 cum
2448 3306 2604 3370 dici-

557 3398 637 3461 tis
672 3418 814 3462 eam
850 3397 979 3462 vim
1008 3397 1273 3462 deorum
1308 3419 1466 3475 esse,
1501 3407 1594 3474 ut,
1631 3399 1825 3462 etiam
1860 3397 1915 3462 si
1948 3397 2092 3480 quis
2125 3407 2328 3462 morte
2362 3419 2599 3483 poenas

557 3492 810 3557 sceleris
847 3490 1170 3578 effugerit,
1214 3502 1591 3576 expetantur
1626 3506 1741 3558 e'ae
1775 3512 2019 3577 poenae
2054 3515 2093 3556 a
2126 3490 2340 3556 liberis
2353 3537 2372 3568 ,
2419 3514 2461 3556 a
2490 3514 2601 3557 ne-

558 3585 834 3671 potibus,
869 3608 912 3650 a
934 3585 1222 3670 posteris.
1276 3608 1315 3649 o
1333 3585 1560 3651 miram
1585 3586 1973 3670 aequitatem
2001 3583 2291 3652 deorum!
2327 3583 2603 3650 ferretne

561 3679 781 3744 civitas
827 3679 958 3743 ulla
991 3680 1256 3744 latorem
1297 3679 1480 3746 istius
1515 3681 1697 3744 modi
1725 3680 1916 3766 legis,
1960 3690 2035 3745 ut
2078 3679 2603 3746 condemnaretur

561 3773 726 3838 filius
762 3783 873 3837 aut
906 3794 1124 3858 nepos,
1159 3772 1216 3838 si
1249 3783 1431 3859 pater
1464 3785 1578 3840 aut
1611 3797 1770 3841 avus
1807 3773 2213 3860 deliquisset?

734 3867 992 3950 quinam
1027 3867 1510 3935 Tantalidarum
1544 3870 1944 3938 internicioni
1980 3871 2207 3936 modus
2315 3927 2321 3934 .

733 3961 1026 4044 paretur?
1060 3973 1172 4027 aut
1205 3985 1522 4046 quaenam
1554 3975 1864 4048 umquam
1884 3965 1981 4038 ,ob
2016 3974 2284 4030 mortem
2309 3962 2564 4050 Myrtili

738 4053 958 4138 poenis
991 4055 1241 4121 luendis
1279 4050 1534 4122 dabitur
1570 4058 1763 4125 satias
1798 4057 2108 4145 supplici?
