3292 4559
1041 226 1149 281 DE
1182 225 1285 289 RE
1319 224 1664 282 PUBLICA
1695 224 1801 282 VI.
1836 224 1924 279 28.
1958 226 2045 280 29.
2442 212 2570 280 247

882 432 1389 501 LIBRORUM
1430 431 1561 497 DE
1599 430 1721 497 RE
1767 430 2195 499 PUBLICA

746 551 1541 622 INOERTORUM
1616 550 2324 620 FRAGMENTA.

631 728 695 793 1.
764 727 861 793 Μ.
905 727 1145 791 Tullius
1191 728 1265 791 de
1297 746 1363 791 re
1393 724 1684 811 publica.-
1734 724 1931 809 idque
1975 724 2120 810 ipsa
2164 733 2396 789 natura
2435 749 2564 793 non

496 820 801 889 invitaret
844 820 1081 897 solum,
1129 817 1247 886 sed
1291 818 1486 885 etiam
1528 829 1810 906 cogeret,
1895 816 2174 902 (Nonius
2210 842 2271 884 v.
2307 822 2568 887 invitare

496 938 541 1003 p
626 1010 691 1075 2.
766 1007 921 1075 Non
964 1008 1125 1073 nulli
1164 1018 1431 1073 veterum
1474 1008 1658 1073 etiam
1701 1010 1896 1073 activo
1933 1028 2098 1073 more
2131 1019 2363 1095 tempus
2385 1008 2567 1095 futu-

495 1128 635 1171 rum
669 1104 1035 1191 imperativo
1066 1105 1249 1169 modo
1285 1124 1361 1168 ex
1391 1102 1588 1167 verbis
1624 1124 1862 1189 quoque
1894 1104 2182 1189 passivae
2217 1103 2568 1168 declinatio-

494 1201 592 1265 nis
626 1208 1102 1284 muopaverunt,
1136 1209 1207 1263 ut
1232 1196 1473 1263 Tullius
1506 1199 1576 1261 in
1604 1198 1869 1283 dialoyis
1897 1201 1972 1263 de
1993 1219 2060 1262 re
2074 1197 2334 1283 publica
2359 1196 2566 1275 nitito,

494 1316 631 1358 cum
668 1292 897 1357 ‘nitor'
929 1294 1011 1357 eit
1024 1293 1257 1377 positio
1284 1292 1468 1357 verbi.
1531 1289 1916 1375 (Diomedes
1941 1313 2006 1377 p„
2025 1290 2156 1357 330
2171 1290 2274 1369 Ρ.,
2311 1290 2438 1357 339
2470 1313 2564 1377 sq.

494 1388 593 1454 ed.
631 1385 849 1471 Keil.)
984 1430 991 1437 -

454 1498 462 1507 ’
622 1482 687 1549 3.
763 1482 1023 1549 Eoecello
1061 1482 1317 1567 leyimne
1353 1481 1559 1547 crebro
1597 1484 1771 1567 apud
1799 1466 2038 1557 ueteres,
2073 1493 2143 1546 ut
2167 1482 2370 1549 Gicero
2400 1484 2472 1547 de
2495 1504 2565 1547 re

481 1578 749 1665 publica
783 1576 1124 1643 excellunt.
1212 1574 1597 1660 (Diomedes
1631 1598 1698 1661 p.
1735 1574 1860 1641 371
1898 1574 2001 1651 Ρ.,
2037 1574 2168 1641 374
2204 1576 2330 1661 Κ.)

515 1657 531 1689 ”
618 1670 685 1737 4.
761 1669 937 1737 Haec
978 1673 1170 1735 virtus
1214 1673 1285 1735 in
1326 1671 1643 1736 rhetoricis
1680 1694 1722 1734 a
1760 1670 2040 1737 Cicerone
2074 1674 2280 1735 eadem
2304 1672 2566 1757 ponitur

492 1787 647 1853 quae
680 1767 1024 1851 capiemini,-
1058 1764 1213 1829 alibi
1245 1786 1404 1840 vero,
1439 1767 1513 1829 id
1542 1776 1630 1830 eet
1662 1766 1732 1829 in
1769 1764 1941 1829 libris
1978 1766 2052 1829 de
2084 1786 2150 1829 re
2172 1765 2447 1851 publica,
2485 1764 2564 1827 ab

491 1864 699 1927 eodem
744 1858 1025 1925 Cicerone
1056 1860 1175 1925 illa
1208 1862 1401 1923 virtus
1438 1860 1662 1924 dicitur
1697 1880 1852 1944 quae
1874 1861 2232 1943 prudentia.
2309 1857 2564 1943 (Victo-

488 1953 669 2020 rinus
706 1955 778 2018 in
802 1956 1119 2040 prooemio
1156 1956 1244 2019 ad
1274 1954 1333 2019 I.
1370 1953 1551 2019 Rhet.
1596 1952 1720 2019 020.
1755 1974 1906 2038 pag.
1944 1952 1986 2017 3
2024 1950 2241 2019 Schol.
2282 1950 2421 2019 Cio.
2459 1952 2560 2019 ed.

494 2046 739 2135 Orell.)

624 2130 723 2229 [5.
791 2143 1181 2209 Mirabamm·
1213 2144 1390 2208 illam
1423 2144 1784 2207 sententiam
1825 2143 2210 2219 Tullianam,
2258 2165 2331 2207 eoe
2373 2147 2561 2208 inten-

490 2240 588 2303 nic
624 2238 899 2303 veritatis
932 2240 1126 2324 apsius
1154 2238 1635 2324 promulgatam,
1673 2259 1829 2322 quae
1863 2248 1950 2302 eet
1986 2238 2162 2302 talis:
2203 2236 2296 2303 Et
2330 2260 2558 2322 quam-

490 2352 695 2415 quam
737 2330 1203 2422 optatissimum
1246 2341 1345 2397 est
1386 2342 1700 2417 perpetuo
1733 2330 2059 2396 fortunam
2095 2352 2294 2415 quam
2326 2332 2558 2413 floren-

491 2424 805 2491 tissimam
858 2448 1263 2511 permanere,
1318 2426 1431 2492 illa
1480 2438 1697 2493 tamen
1741 2426 2160 2511 aequabilitas
2206 2426 2378 2494 vitae
2423 2451 2558 2494 non

490 2528 745 2585 tantum
780 2520 979 2587 habet
1012 2544 1301 2599 sensum,
1346 2533 1662 2605 quantum
1699 2542 1848 2587 eum
1883 2544 1965 2587 ex
2001 2521 2206 2589 saevis
2244 2533 2309 2589 et
2341 2522 2558 2609 perdi-

491 2613 575 2679 tis
618 2616 813 2681 rebus
860 2616 943 2680 ad
986 2617 1317 2681 meliorem
1352 2627 1589 2683 statum
1623 2616 1886 2681 fortuna
1917 2628 2276 2683 revocatur.
2364 2615 2560 2701 (Am-

489 2708 749 2773 mianus
782 2707 1199 2774 Marcellinus
1235 2710 1395 2786 XV,
1430 2709 1493 2787 5,
1532 2711 1583 2791 ξ.
1620 2706 1792 2794 23.)]

626 2798 721 2886 [6.
791 2800 1009 2885 IVeque
1063 2805 1223 2865 enim
1270 2804 1515 2867 aliunde
1562 2803 1739 2865 beata
1781 2805 2022 2876 civitae,
2069 2803 2316 2865 aliunde
2362 2802 2558 2874 homo,

492 2917 631 2959 cum
688 2895 865 2958 aliud
914 2896 1124 2957 civitas
1171 2918 1296 2959 non
1352 2896 1434 2957 sit
1479 2916 1666 2980 quam
1709 2917 1954 2960 concors
1999 2894 2314 2958 hominwm
2355 2897 2563 2961 multi-

494 2990 663 3053 tudo,
751 2987 1189 3074 (Augustinus
1227 2990 1299 3053 de
1336 2989 1495 3053 civit.
1532 2991 1629 3053 dei
1662 2987 1721 3065 Ι,
1759 2984 1920 3073 16.)]

629 3080 687 3146 7.
768 3083 971 3149 Cicero
1033 3085 1102 3147 in
1164 3084 1459 3168 dial09i32
1487 3082 1827 3147 nominavit
1885 3080 2280 3169 foedifragos
2332 3082 2557 3150 Afros.

492 3162 849 3263 (Interpres
905 3174 1317 3261 Cruquianus
1372 3180 1457 3243 ad
1504 3175 1734 3243 Horat.
1789 3200 1974 3241 carm.
2021 3176 2189 3255 IIII,
2226 3178 2287 3254 8,
2327 3177 2428 3245 17.
2477 3180 2556 3265 cf.

498 3266 641 3349 Cic.
681 3275 753 3337 de
788 3272 948 3357 offic.
986 3272 1042 3349 I,
1080 3271 1217 3355 38.)

485 3422 507 3435 .
626 3364 687 3429 8.
758 3366 1081 3431 Rhetorice
1130 3389 1299 3453 spem
1352 3367 1564 3433 laudat
1607 3364 1985 3452 (Veryiliue)
2025 3367 2094 3429 in
2129 3388 2356 3452 puew,
2412 3369 2558 3451 quia

482 3460 667 3545 facta
700 3482 827 3525 non
860 3463 1109 3525 invenit.
1200 3473 1285 3527 eet
1320 3473 1520 3527 autem
1562 3461 1862 3527 Ciceronis
1896 3463 1964 3525 in
1999 3461 2280 3546 dialoyo:
2325 3459 2559 3539 Fanni,

492 3576 689 3619 causa
734 3554 1009 3621 difficilis
1043 3556 1306 3621 laudare
1339 3578 1642 3642 puerum3
1696 3578 1828 3621 non
1863 3554 2034 3622 enim
2065 3577 2170 3619 res
2205 3554 2554 3632 laudanda,

494 3649 610 3716 sed
645 3672 792 3735 spes
828 3660 943 3715 est.
1030 3648 1329 3735 (Servius
1365 3649 1449 3716 ad
1504 3652 1680 3737 Vei-9.
1723 3653 1875 3722 Aen.
1914 3650 2036 3729 VI,
2076 3648 2258 3735 877.)

622 3743 683 3809 9.
757 3747 954 3832 Apud
983 3746 1269 3811 Ennium
1302 3747 1389 3811 sic
1426 3747 1694 3832 loquitur
1727 3745 2099 3830 Africanus:

646 3838 701 3903 si
735 3837 834 3905 fas
870 3840 1035 3905 endo
1070 3840 1299 3926 plagas
1334 3840 1683 3907 caelestum
1717 3840 2059 3906 ascendere
2095 3838 2398 3923 cuiquam
2433 3849 2548 3917 est,

835 3934 927 3999 mi
960 3935 1081 4000 soli
1116 3936 1277 4001 caeli
1310 3936 1594 4001 maxima
1627 3946 1812 4020 porta
1845 3945 2054 4022 patet:

491 4027 742 4103 scilicet,
788 4032 935 4115 quia
977 4054 1269 4116 maynam
1302 4042 1549 4117 partem
1588 4032 1824 4117 qenerie
1871 4030 2125 4096 humani
2159 4030 2447 4095 emetinxit
2479 4050 2552 4093 ac
