3292 4559
931 235 1053 298 1:136
1540 245 1619 300 Μ.
1657 244 1930 304 TULLII
1963 243 2368 303 CICERONIS

931 381 1075 438 ante
1127 368 1510 446 tribuisset,·
1536 368 1648 454 qui
1693 369 1883 436 etiam
1934 368 2073 455 ipse
2097 390 2327 455 ‚augur
2376 367 2572 434 vellet
2623 389 2794 444 esse,
2844 369 3000 456 plu·

931 465 1255 549 ruinisque
1295 463 1454 529 locis
1497 462 1713 550 gravis
1758 473 1982 528 auctor
2016 462 2428 529 Democritus
2470 463 2996 550 praesensionem

934 581 1141 626 rerum
1175 558 1537 623 futurarum
1574 557 2013 644 conprobaret,
2048 556 2487 623 Dicaearchus
2519 555 2997 642 Peripateticus

935 669 1143 718 cetera
1177 651 1582 716 divinationis
1615 673 1856 738 genera
1891 651 2174 728 sustulit,
2229 650 2622 716 somniorum
2656 659 2722 716 et
2754 648 2995 715 furoris

932 747 1205 831 reliquit,
1242 743 1717 832 Cratippusque
1751 745 2080 810 familiaris
2115 755 2350 823 noster,
2385 766 2579 830 quem
2609 764 2735 830 ego
2764 766 2997 830 parem

935 841 1195 906 summis
1229 838 1674 926 Peripateticis
1717 840 1963 918 iudicO,
2015 839 2220 905 isdem
2270 839 2464 906 rebus
2506 838 2703 904 fidem
2741 838 2994 914 tribuit,

867 962 887 998 ιι
932 937 1175 1019 reliqua
1208 934 1616 1000 divinationis
1651 956 1894 1021 genera
1926 934 2164 1000 reiecit.
2220 933 2335 998 sed
2370 955 2518 1006 cum
2538 930 2741 1000 Stoici
2774 931 2995 997 omnia

932 1034 1064 1095 fere
1097 1029 1210 1095 illa
1244 1028 1681 1105 defenderent,
1720 1028 1896 1112 quod
1932 1039 1999 1094 et
2032 1028 2212 1094 Zeno
2246 1028 2315 1092 in
2350 1028 2481 1092 suis
2518 1026 2993 1093 commentariis

935 1123 1117 1206 quasi
1150 1122 1395 1189 semina
1427 1123 1747 1207 quaedam
1783 1123 2144 1209 sparsisset,
2191 1134 2256 1189 et
2290 1144 2368 1188 ea
2404 1119 2751 1188 Cleanthes
2775 1121 2993 1208 ‘paulo

936 1217 1229 1283 uberiora
1262 1217 1546 1294 fecisset,
1585 1216 1854 1282 accessit
1889 1239 2220 1284 acerrumo
2256 1217 2353 1282 vir
2384 1215 2644 1302 ingenio
2680 1213 2997 1302 Chrysip-

936 1335 1086 1398 pus,
1138 1312 1250 1395 qui
1301 1323 1501 1376 totam
1553 1311 1633 1379 de
1680 1312 2066 1379 divinatione
2113 1312 2367 1378 duobus
2418 1310 2597 1377 libris
2648 1310 2996 1398 explicavit

939 1405 1342 1483 sententiam,
1395 1427 1524 1470 uno
1559 1418 1892 1493 praeterea
1926 1408 2007 1473 de
2042 1408 2344 1484 oraculis,
2398 1427 2529 1472 uno
2573 1407 2654 1473 de
2701 1405 2960 1470 somniis
2973 1429 2993 1482 ;

939 1521 1128 1582 quem
1188 1498 1583 1584 subsequens
1647 1523 1849 1565 unum
1910 1500 2147 1566 librum
2206 1500 2607 1587 Babylonius
2659 1498 2994 1586 Diogenes

939 1593 1155 1669 edidit,
1192 1592 1328 1658 eius
1365 1593 1633 1671 auditor,
1672 1594 1801 1659 duo
1835 1595 2199 1704 Antipater,
2237 1595 2521 1704 quinque
2555 1604 2772 1660 noster
2803 1591 2993 1658 Posi-

939 1686 1188 1752 danius.
1241 1686 1354 1752 sed
1388 1711 1429 1752 a
1464 1685 1698 1754 Stoicis
1736 1689 1839 1756 vel
1872 1689 2167 1775 princeps
2204 1690 2343 1756 eius
2379 1687 2771 1775 disciplinae,
2804 1687 2993 1755 Posi·-

939 1780 1112 1846 :lonii
1148 1780 1386 1858 doctor,
1425 1781 1776 1868 discipulus
1794 1782 2145 1870 Antipatri,
2184 1783 2597 1869 degeneravit
2620 1781 2993 1859 Panaetius,

939 1897 1054 1942 nec
1089 1885 1304 1940 tamen
1339 1898 1533 1942 ausus
1571 1888 1669 1942 est
1702 1899 1941 1963 negare
1977 1877 2109 1942 vim
2144 1899 2283 1944 esse
2320 1875 2677 1954 divinandi,
2724 1876 2838 1943 sed
2873 1874 2994 1939 du-

940 1970 1138 2034 hitare
1173 1991 1243 2035 se
1279 1969 1458 2034 dixit.
1525 1970 1699 2054 quod
1734 1971 1880 2036 illi
1860 1995 1928 2036 ιιι
1964 1971 2180 2080 aliqua
2213 1993 2284 2036 re
2316 1967 2731 2036 invitissumis
2760 1966 2995 2036 Stoicis

943 2062 1156 2128 Stoico
1190 2062 1402 2128 facere
1436 2063 1646 2143 licuit,
1690 2064 1758 2129 id
1792 2087 1912 2130 nos
1947 2076 2021 2131 ut
2052 2065 2120 2130 in
2155 2064 2417 2150 reliquis
2450 2063 2644 2130 rebus
2679 2061 2992 2128 faciamus

939 2182 975 2222 ιι
1023 2155 1251 2224 Stoicis
1295 2179 1426 2222 non
1479 2159 1901 2225 concedetur?
1950 2160 2327 2245 praesertim
2378 2181 2525 2224 cum
2573 2157 2672 2236 id,
2730 2157 2810 2224 de
2862 2178 2993 2240 qno

939 2250 1246 2316 Panaetio
1299 2271 1430 2314 non
1481 2251 1711 2336 liquet,
1765 2253 2024 2337 reliquis
2081 2253 2367 2320 eiusdem
2419 2251 2804 2339 disciplinae.
2842 2249 2991 2315 solis

871 2374 891 2410 ι
939 2346 1080 2408 luce
1114 2343 1408 2408 videatur
1443 2345 1695 2410 clarius.
1783 2347 1897 2411 sed
1930 2347 2091 2413 haec
2127 2346 2387 2431 quidem
2421 2347 2563 2412 laus
2597 2344 2992 2410 Academiae

941 2435 1484 2522 praestantissumi
1530 2438 1889 2526 philosophi
1928 2441 2165 2508 iudicio
2195 2452 2277 2516 ⁸et
2318 2438 2679 2506 testimonio
2726 2459 2995 2525 conpro-

871 2550 903 2598 4
943 2534 1090 2594 bata
1125 2541 1241 2596 est.
1329 2533 1564 2611 etenim
1607 2533 1927 2600 nobismet
1969 2536 2127 2622 ipsis
2173 2535 2658 2620 quaerentibus,
2711 2532 2867 2618 quid
2912 2531 2995 2596 sit

943 2626 1019 2690 ds
1047 2624 1434 2692 divinatione
1467 2627 1901 2706 iudicandum,
1938 2631 2114 2713 quod
2148 2652 2188 2695 a
2204 2627 2540 2695 Carneade
2572 2627 2774 2693 multa
2808 2635 2994 2691 acute

943 2730 1003 2786 st
1035 2720 1291 2806 copiose
1326 2732 1546 2787 contra
1566 2719 1817 2788 Stoicos
1845 2722 2168 2809 disputata
2203 2724 2346 2802 sint,
2382 2722 2878 2805 verentibusque
2908 2742 2994 2784 ne

940 2830 1174 2882 temere
1209 2815 1313 2881 vel
1347 2815 1550 2882 falsae
1585 2816 1679 2883 rei
1713 2817 1817 2882 vel
1851 2838 1981 2882 non
2017 2817 2171 2882 satis
2208 2818 2504 2904 cognitae
2540 2816 2992 2889 adsentiamur,

943 2909 1304 2974 t'aciendum
1341 2909 1594 2976 videtur
1627 2923 1702 2977 ut
1746 2912 2084 2998 diligenter
2118 2913 2312 2978 etiam
2347 2923 2538 2998 atque
2574 2912 2769 2977 etiam
2803 2930 2997 2996 argu-

944 3011 1158 3066 menta
1200 3024 1347 3067 cum
1392 3006 1787 3090 argumentis
1832 3027 2304 3092 comparemus,
2358 3017 2432 3071 ιιι
2474 3005 2744 3071 fecimus
2796 3003 2866 3068 in
2914 3002 2996 3067 iis

946 3096 1145 3163 tribus
1193 3096 1402 3176 libris,
1454 3120 1615 3182 quos
1669 3100 1751 3166 de
1802 3112 2035 3166 natura
2084 3100 2351 3166 deorum
2395 3098 2791 3186 scripsimus3
2843 3118 2996 3162 nam

943 3214 1089 3259 cum
1123 3193 1420 3259 omnibus
1453 3194 1522 3259 in
1553 3195 1747 3262 rebus
1782 3195 2105 3262 temeritas
2138 3194 2208 3260 in
2242 3194 2659 3262 adsentiendo
2692 3211 2994 3276 errorque

944 3289 1143 3376 turpis
1180 3299 1304 3367 est,
1358 3301 1497 3356 tum
1537 3291 1606 3356 in
1641 3312 1719 3358 eo
1753 3292 1897 3358 loco
1930 3290 2237 3368 maxime,
2290 3291 2359 3356 in
2402 3306 2533 3375 quo
2574 3286 2993 3354 iudicandum

943 3398 1038 3450 est
1081 3397 1393 3469 quantum
1427 3387 1730 3474 auspiciis
1775 3387 2097 3472 rebusque
2142 3385 2372 3451 divinis
2415 3378 2837 3472 religionique
2883 3381 2999 3446 tri-

943 3480 1247 3546 buamus.
1298 3492 1394 3548 est
1440 3483 1611 3548 enim
1663 3482 2021 3568 periculum
2062 3502 2145 3546 ne
2190 3491 2302 3546 aut
2350 3477 2658 3568 neglectis
2701 3477 2779 3543 iis
2821 3475 2999 3563 inpia

944 3575 1168 3642 fraude
1203 3587 1314 3641 aut
1349 3576 1662 3663 susceptis
1697 3577 1848 3642 anili
1882 3574 2325 3662 superstitione
2360 3575 2739 3662 obligemur.

879 3666 907 3778 Ξ]
1073 3668 1332 3751 Quibus
1378 3671 1458 3737 de
1503 3671 1699 3737 rebus
1744 3684 1809 3736 et
1851 3671 2012 3736 alias
2053 3691 2247 3756 saepe
2293 3680 2359 3735 et
2399 3668 2595 3755 paulo
2639 3665 3001 3734 accuratius

947 3787 1176 3850 nuper,
1247 3787 1395 3831 cum
1457 3787 1664 3832 essem
1726 3786 1873 3830 cum
1929 3762 2178 3846 Quinto
2221 3763 2428 3833 ‘fratre
2486 3762 2555 3828 in
2604 3759 2997 3836 TusculanO,

951 3858 1340 3942 disputatum
1386 3871 1482 3926 est
1493 3885 1513 3938 3
1567 3883 1719 3925 nam
1763 3881 1913 3926 cum
1958 3858 2328 3925 ambulandi
2370 3879 2564 3924 causa
2596 3854 2667 3922 in
2699 3854 3005 3941 Lyceum-

954 3949 1345 4019 vs-nissemus
1365 3955 1545 4021 -id
1579 3956 1751 4022 enim
1786 3953 2095 4041 superiori
2129 3953 2470 4040 gymnasio
2498 3973 2736 4018 nomen
2768 3958 2866 4016 est
2888 3980 3000 4026 -,

957 4043 1252 4130 ‘perlegi’
1316 4048 1523 4133 inquit
1583 4057 1797 4116 ‘tuum
1848 4049 2043 4135 paulo
2097 4061 2243 4116 ante
2306 4048 2565 4116 tertium
2626 4047 2710 4114 de
2768 4053 3004 4110 natura
