3292 4559
592 635 652 688 11

693 289 823 359 246
1308 301 1384 356 M.
1424 299 1698 358 TULLH
1733 299 2134 358 CICERONIS

693 450 979 496 munera.
1067 436 1279 512 potest
1322 425 1521 511 igitur
1565 424 1935 490 exercitatio
1977 436 2044 490 et
2087 425 2510 510 temperantia
2561 428 2760 495 etiam

692 524 763 590 in
798 533 1123 590 senectute
1158 541 1537 586 conservare
1572 518 1816 604 aliquid
1849 519 2100 605 pristini
2135 519 2401 598 roboris.

821 616 924 683 Ne
978 617 1105 684 siut
1154 616 1223 681 in
1275 625 1602 682 senectute
1648 615 1848 682 vires:
1900 637 1984 680 ne
2035 615 2442 700 postulantur
2495 617 2755 702 quidem

654 781 659 788 ,
693 711 861 779 vires
914 734 955 778 a
1007 720 1352 780 senectute.
1459 731 1613 795 ergo
1669 719 1736 776 et
1785 707 2038 796 legibus
2093 720 2159 776 et
2208 709 2514 778 institutis
2569 726 2766 780 vacat

598 1014 650 1055 35

696 815 871 871 aetas
894 815 1115 870 nostra
1139 803 1515 870 muneribus
1541 802 1641 880 iis,
1677 823 1846 888 quae
1873 821 2006 870 non
2038 815 2310 889 possunt
2345 805 2480 871 sine
2508 806 2750 872 viribus

695 898 1021 976 sustineri3
1066 900 1283 982 itaque
1320 919 1451 962 non
1484 897 1678 962 modo
1715 898 1892 981 quod
1923 919 2057 964 non
2090 919 2470 985 possumus,
2520 899 2634 966 sed
2665 921 2752 966 nc

694 1003 1004 1078 quantum
1047 1014 1390 1080 possumus
1424 991 1687 1075 quidem
1723 993 2031 1078 cogimur.
2120 999 2218 1057 ‘at
2251 993 2438 1058 multi
2479 993 2572 1058 ita
2605 1012 2748 1058 sunt

689 1084 972 1153 inbecilli
1007 1109 1221 1164 senes,
1256 1099 1330 1151 ut
1354 1086 1603 1154 nullum
1640 1085 1838 1150 officii
1873 1097 1986 1152 aut
2019 1087 2280 1152 omnino
2316 1088 2488 1153 vitae
2515 1109 2750 1152 munus

616 1211 621 1218 ·
694 1181 957 1264 exsequi
989 1180 1275 1266 possint?
1364 1193 1433 1244 at
1464 1179 1533 1244 id
1567 1179 1831 1264 quidem
1863 1202 1995 1246 non
2039 1181 2372 1267 proprium
2407 1182 2754 1247 senectutis

600 2147 651 2190 8⁶

590 3468 640 3508 3⁷

589 4125 641 4165 38

692 1276 919 1341 vitium
961 1285 1089 1352 est,
1144 1275 1261 1340 sed
1295 1295 1633 1340 commune
1678 1275 2083 1341 valetudinis.
2171 1297 2367 1360 quam
2412 1275 2536 1340 fuit
2571 1275 2754 1342 inbe-

693 1371 875 1437 cillus
908 1369 989 1435 P.
1026 1368 1320 1434 Africani
1352 1369 1521 1434 filius
1556 1370 1641 1446 is,
1691 1370 1804 1454 qui
1839 1381 1902 1436 te
1937 1371 2297 1456 adoptavit,
2344 1391 2539 1454 quam
2573 1372 2750 1436 tenui

694 1475 805 1530 aut
839 1465 1015 1532 nulla
1047 1463 1262 1549 potius
1296 1463 1692 1530 valetudinel
1739 1463 1915 1547 quod
1947 1465 2016 1528 ni
2049 1465 2144 1529 ita
2176 1465 2428 1542 fuisset,
2474 1465 2744 1530 alterum

692 1559 852 1624 illud
894 1558 1240 1624 exstitisset
1279 1557 1498 1624 lumen
1543 1558 1844 1635 civitatis3
1901 1557 1984 1623 ad
2030 1571 2359 1646 paternam
2394 1558 2564 1625 enim
2609 1581 2750 1623 ma·-

691 1653 1093 1740 gnitudinem
1128 1652 1325 1718 animi
1358 1653 1648 1718 doctrina
1682 1652 1940 1718 uberior
1974 1663 2345 1718 accesserat.
2433 1652 2592 1736 quid
2623 1653 2748 1716 mi-

691 1771 835 1813 rum
868 1747 1067 1834 igitur
1099 1747 1167 1811 in
1202 1747 1491 1824 senibus,
1539 1747 1593 1812 si
1626 1747 1864 1812 infirmi
1899 1759 2050 1812 sunt
2081 1747 2456 1831 aliquande,
2493 1769 2641 1812 cum
2678 1747 2746 1812 id

692 1865 775 1908 ne
827 1843 1267 1908 adulescentes
1318 1842 1580 1926 quidem
1634 1841 1921 1928 effugere
1965 1842 2247 1928 possint?
2299 1842 2752 1918 resistendum,

692 1936 880 2003 Laeli
934 1947 997 2002 et
1051 1935 1299 2022 Scipio,
1366 1936 1680 2002 senectuti
1731 1948 1829 2002 est
1881 1936 2148 2019 eiusque
2209 1935 2366 2000 vitia
2417 1935 2744 2022 diligentia

694 2031 1143 2118 conpensanda
1177 2041 1327 2096 sunt
1334 2055 1354 2109 3
1388 2030 1816 2118 pugnandum
1850 2043 2179 2114 tamquam
2205 2040 2426 2098 contra
2449 2032 2746 2095 morbum

695 2128 786 2192 sic
822 2137 1045 2192 contra
1077 2135 1500 2204 senectutem3
1555 2125 1854 2192 habenda
1887 2125 2049 2190 ratio
2095 2125 2478 2191 valetudinis
2491 2173 2510 2202 ,
2563 2141 2746 2190 uten-

694 2222 848 2286 dum
900 2220 1457 2286 exercitationibus
1511 2219 1778 2285 modicis
1792 2268 1811 2297 ,
1866 2229 2117 2284 tantum
2169 2219 2297 2286 cibi
2349 2232 2412 2286 et
2471 2219 2749 2306 potionis

692 2314 1161 2398 adhibendum„
1182 2326 1254 2379 ut
1286 2315 1655 2381 reficiantur
1689 2315 1876 2392 vires,
1911 2336 2044 2379 non
2077 2314 2536 2399 opprimantur.
2625 2333 2748 2379 nec

692 2430 844 2474 vero
881 2408 1129 2493 corpori
1172 2408 1378 2474 solum
1424 2407 1935 2474 subveniendum
1978 2419 2108 2486 est,
2161 2408 2275 2474 sed
2319 2408 2518 2473 menti
2553 2419 2746 2491 atque

691 2504 903 2570 animo
955 2503 1157 2569 multo
1211 2504 1445 2590 magis3
1499 2526 1652 2586 nam
1704 2502 1864 2570 haec
1915 2523 2199 2586 quoque,
2251 2502 2376 2568 nisi
2419 2517 2743 2585 tamquam

689 2599 914 2664 lumini
948 2599 1160 2666 oleum
1194 2597 1487 2679 instilles,
1542 2597 2039 2686 exstinguuntur
2085 2607 2441 2663 senectute.
2495 2607 2559 2660 et
2605 2617 2744 2660 cor-

688 2716 849 2780 pora
866 2694 1150 2804 ‘quidem
1194 2694 1723 2760 exercitationum
1769 2691 2226 2780 defetigatione
2271 2695 2743 2782 ingravescunt,

692 2787 886 2854 animi
922 2800 1136 2852 autem
1170 2788 1577 2854 exercitando
1614 2791 1930 2854 levantur.
2008 2813 2161 2855 nam
2195 2812 2358 2874 quos
2394 2791 2484 2856 ait
2517 2785 2744 2856 Caeci—

688 2883 813 2948 lius
878 2883 1185 2946 ‘comicos
1248 2883 1473 2948 stultos
1538 2884 1773 2961 senes,'
1837 2883 1960 2960 hoc
2023 2884 2372 2969 significat,
2433 2884 2748 2959 credulos,

690 2975 1054 3051 obliviosos,
1092 2975 1449 3054 dissolutos,
1488 2999 1655 3060 quae
1691 2977 1846 3043 vitia
1882 2989 2032 3042 sunt
2065 2999 2195 3043 non
2232 2978 2595 3054 senectutis,
2631 2975 2744 3046 sed

686 3069 927 3146 inertis,
961 3069 1233 3155 ignavae
1246 3115 1265 3145 ,
1302 3072 1768 3137 somniculosae
1806 3071 2171 3137 senectutis.
2261 3082 2334 3136 ut
2369 3072 2744 3156 petulantia,

686 3174 760 3230 ut
792 3163 991 3228 libido
1027 3165 1233 3251 magis
1271 3180 1367 3231 est
1400 3165 1913 3232 adulescentium
1949 3187 2142 3251 quam
2179 3188 2436 3239 senum,
2480 3185 2602 3228 nec
2645 3174 2750 3228 ta-

686 3281 833 3324 men
868 3259 1154 3324 omnium
1200 3259 1732 3336 adulescentium,
1767 3261 1884 3326 sed
1917 3283 2050 3329 non
2081 3261 2453 3346 proborum,
2489 3259 2584 3322 sic
2617 3257 2742 3322 ista

687 3354 901 3421 senilis
937 3355 1234 3431 stultitia,
1281 3374 1447 3436 quae
1484 3353 1773 3419 deliratio
1809 3355 2117 3441 appellari
2149 3352 2340 3428 solet,
2387 3371 2616 3416 senum
2649 3351 2746 3416 le-

685 3449 864 3513 vium
900 3459 1015 3528 est,
1049 3471 1183 3513 non
1216 3449 1523 3512 omnium.
1570 3459 1871 3532 quattuor
1905 3450 2199 3514 robustos
2234 3446 2421 3531 filios,
2457 3445 2744 3530 quinque

683 3543 875 3620 filias,
930 3555 1173 3610 tantam
1220 3543 1479 3608 domum
1492 3589 1511 3620 ,
1566 3554 1776 3608 tantas
1824 3543 2148 3609 clientelas
2183 3540 2442 3627 Appius
2478 3540 2743 3625 regebat

684 3648 747 3702 et
801 3659 1029 3703 caecus
1085 3650 1150 3703 et
1204 3659 1428 3714 senex3
1482 3638 1801 3703 intentum
1853 3639 2024 3704 enim
2077 3637 2364 3702 animum
2415 3646 2744 3718 tamquam

684 3753 906 3799 arcum
948 3729 1231 3798 habebat
1270 3753 1391 3797 nec
1436 3731 1860 3818 languescens
1905 3731 2371 3798 succumbebat
2407 3729 2746 3796 senectuti.

683 3828 943 3893 tenebat
984 3849 1116 3892 non
1161 3827 1351 3893 modo
1389 3827 1832 3894 auctoritatem
1845 3873 1864 3905 ,
1911 3828 2026 3894 sed
2062 3828 2256 3894 etiam
2299 3826 2639 3914 imperium
2675 3825 2744 3888 in

684 3943 864 3996 suos3
917 3921 1291 3988 metuebant
1325 3921 1525 3998 servi,
1577 3921 1965 3986 verebantur
1999 3922 2214 3999 liberi,
2263 3943 2485 3986 carum
2521 3941 2747 3985 omnes

685 4012 1034 4092 habebant3
1071 4015 1334 4101 vigebat
1365 4015 1434 4080 in
1468 4014 1579 4078 illa
1616 4015 1806 4079 domo
1833 4037 1974 4081 mos
2011 4015 2256 4101 patrius
2287 4027 2350 4079 et
2385 4013 2742 4098 disciplina.

681 4105 773 4171 ita
808 4109 977 4173 enim
1012 4121 1305 4175 sene-ctus
1340 4108 1610 4174 honesta
1644 4123 1770 4184 est,
1817 4110 1873 4173 si
1907 4131 1976 4174 se
2011 4111 2154 4196 ipsa
2190 4107 2504 4183 defendit,
2551 4108 2607 4174 si
2641 4107 2746 4172 ius
