3292 4559
1123 249 1230 304 DE
1269 249 1596 307 orrlcus
1631 251 1679 306 1.
1732 238 1977 306 174-23.
2174 263 2179 272 ·
2290 318 2299 328 ¹
2490 237 2582 302 56

511 378 792 453 utimur,
855 374 938 439 ad
991 373 1200 438 exitus
1253 373 1661 457 pervehimur
1714 383 1965 458 optatos
2018 382 2083 436 et
2131 393 2282 436 cum
2330 373 2581 441 reflavit

517 471 906 556 adfligimur.
993 466 1154 531 haec
1187 467 1384 552 igitur
1415 467 1557 551 ipsa
1591 467 1851 535 fortuna
1886 477 2128 531 ceteros
2164 487 2349 530 casus
2382 467 2581 530 rario-

515 588 627 630 res
679 563 902 638 habet,
954 561 1233 646 primum
1285 561 1369 624 ab
1413 553 1709 624 inanimis
1756 559 2096 644 procellae,
2150 569 2579 644 tempestates,

515 657 892 744 naufragia,
927 655 1176 732 ruinas,
1211 654 1535 730 incendia,
1581 654 1813 720 deinde
1850 678 1890 718 a
1924 653 2143 720 bestiis
2176 653 2375 730 ictus,
2408 677 2581 718 mor·-

517 775 654 828 sus,
689 752 996 836 impetus3
1050 749 1210 814 haec
1245 770 1420 834 erg0‚
1453 759 1528 812 ut
1563 749 1717 826 dixi,
1752 749 2020 815 rariora:
2074 758 2143 812 at
2176 770 2330 814 vero
2364 749 2581 837 interi-

515 858 628 912 tus
665 844 1082 920 exercituum3
1116 854 1190 907 ut
1223 843 1512 928 proxime
1549 843 1773 918 trium,
1812 864 2005 927 saepe
2038 841 2383 906 multorum
2396 890 2417 920 ,
2452 843 2583 908 cla-

519 940 638 1005 des
699 939 1153 1023 imperatorum
1167 983 1186 1013 ‚
1247 946 1322 1000 ut
1379 958 1586 1021 nuper
1647 935 1882 1000 summi
1903 927 1999 1000 ‘et
2048 935 2389 1020 singularis
2442 935 2582 1013 viri,

517 1031 804 1096 invidiae
845 1040 1176 1116 praeterea
1220 1028 1643 1094 multitudinis
1690 1039 1883 1112 atque
1928 1029 2014 1093 ob
2050 1049 2159 1094 eas
2192 1028 2359 1094 bene
2394 1030 2583 1094 meri·-

521 1135 742 1188 torum
801 1145 990 1209 saepe
1053 1123 1294 1188 civium
1363 1122 1769 1208 expulsiones
1782 1169 1801 1198 ,
1872 1122 2295 1198 calamitates,
2365 1122 2583 1208 flagae,

521 1239 874 1300 rursusque
935 1217 1252 1283 secundae
1315 1239 1449 1294 res,
1518 1217 1821 1293 honores,
1892 1217 2159 1303 imperia
2168 1265 2190 1294 ,.
2256 1217 2581 1295 victoriae,

521 1331 918 1395 quamquam
953 1311 1214 1376 fortuita
1249 1323 1427 1387 sunt,
1463 1321 1680 1378 tamen
1716 1311 1853 1376 sine
1889 1311 2221 1376 hominum
2256 1312 2485 1398 opibus
2522 1324 2587 1376 et

2616 767 2669 807 20

525 1404 752 1469 studiis
811 1416 1106 1470 neutram
1165 1405 1233 1468 in
1295 1417 1544 1490 partem
1605 1405 1775 1470 effici
1838 1416 2125 1490 possunt.
2214 1405 2337 1470 hoc
2386 1405 2618 1492 igitur⁴

523 1499 782 1584 cognito
815 1498 1160 1564 dicendum
1196 1509 1312 1576 est,
1349 1520 1630 1584 quonam
1666 1498 1857 1566 modo
1891 1499 2225 1565 hominum
2259 1499 2471 1564 studia
2500 1501 2583 1564 ad

525 1593 828 1658 utilitates
861 1603 1113 1658 nostras
1149 1592 1424 1660 adlicere
1460 1605 1653 1678 atque
1690 1593 1973 1658 excitare
2008 1594 2356 1680 possimusz
2414 1615 2584 1676 quae

525 1687 581 1750 si
624 1687 874 1771 longior
917 1687 1113 1752 fuerit
1155 1688 1356 1752 oratio
1403 1710 1550 1754 cum
1599 1687 2041 1772 magnitudine
2087 1685 2376 1752 utilitatis
2413 1709 2585 1754 com-

525 1790 813 1864 paretur3
867 1780 958 1844 ita
991 1779 1264 1846 fortasse
1301 1780 1493 1844 etiam
1531 1780 1787 1845 brevior
1820 1779 2161 1844 videbitur.

660 1871 1125 1956 Quaecumque
1159 1873 1357 1958 igitur
1391 1873 1680 1938 homines
1715 1872 1959 1938 homini
1992 1873 2283 1938 tribuunt
2317 1873 2401 1942 ad
2424 1895 2583 1938 eum

529 1965 898 2050 augendum
934 1976 1126 2048 atque
1165 1966 1661 2043 honestandum,
1706 1976 1817 2030 aut
1857 1966 2339 2031 benevolentiae
2375 1967 2585 2052 'gratia

525 2059 800 2134 faciunt,
847 2081 996 2146 cum
1040 2059 1256 2143 aliqua
1309 2059 1390 2124 de
1443 2081 1640 2123 causa
1698 2059 2064 2144 quempiam
2116 2059 2421 2145 diligunt,
2474 2070 2587 2124 aut

526 2153 814 2230 honoris,
869 2154 924 2218 si
969 2153 1152 2218 cuius
1203 2153 1506 2218 virtutem
1555 2153 1913 2236 suspiciunt
1955 2174 2274 2236 quemque
2320 2154 2586 2239 dignum

527 2247 784 2311 fortuna
817 2268 1014 2330 quam
1048 2246 1438 2333 amplissima
1469 2257 1719 2332 putant,
1758 2258 1869 2311 aut
1902 2247 2009 2312 cui
2033 2247 2227 2312 fidem
2256 2247 2495 2312 habent
2522 2258 2586 2312 et

529 2341 692 2406 bene
743 2342 936 2406 rebus
989 2342 1121 2406 suis
1179 2342 1510 2406 consulere
1565 2340 1981 2416 arbitrantur,
2038 2349 2149 2404 aut
2204 2342 2385 2406 cuius
2428 2362 2582 2426 opes

527 2446 839 2512 metuunt,
876 2445 989 2503 aut
1023 2445 1263 2511 contra,
1300 2459 1340 2500 a
1374 2435 1608 2518 quibus
1639 2434 1883 2518 aliquid
1910 2444 2302 2520 exspectant,
2338 2445 2411 2499 ut
2438 2455 2584 2502 cum

527 2550 711 2614 reges
746 2529 1171 2614 popularesve
1205 2528 1490 2594 homines
1527 2529 1896 2614 largitiones
1926 2529 2171 2612 aliquas
2200 2539 2585 2614 proponunt,

532 2633 640 2686 aut
673 2635 992 2707 postremo
1029 2623 1235 2708 pretio
1271 2645 1348 2688 ac
1383 2624 1677 2689 mercede
1714 2624 2054 2701 ducuntur,
2091 2645 2257 2708 quae
2288 2623 2588 2688 sordidis-

533 2717 692 2780 sima
727 2726 824 2780 est
855 2717 966 2782 illa
999 2717 1261 2799 quidem
1294 2717 1457 2782 ratio
1493 2728 1558 2782 et
1591 2717 2101 2801 inquinatissima
2136 2727 2200 2782 et
2232 2716 2333 2793 iis,
2370 2717 2481 2798 qui
2512 2738 2589 2781 ea

531 2820 856 2886 tenentur,
902 2821 968 2874 et
999 2811 1154 2888 illis,
1199 2811 1312 2894 qui
1347 2811 1431 2876 ad
1465 2833 1610 2876 eam
1645 2810 1995 2894 confugere
2034 2821 2375 2885 conantur3
2420 2810 2586 2874 male

535 2902 702 2968 enim
729 2924 800 2967 se
823 2925 926 2966 res
957 2902 1171 2980 habet,
1201 2926 1368 2979 cum,
1406 2905 1582 2986 quod
1609 2904 1843 2969 virtute
1872 2903 2043 2968 effici
2078 2904 2287 2980 debet,
2322 2903 2391 2966 id
2428 2913 2587 2968 tem—

533 3005 750 3082 ptatur
791 2995 1081 3080 pecunia.
1163 2997 1278 3061 sed
1321 2997 1625 3080 quoniam
1674 3018 1804 3061 non
1836 3018 2191 3080 numquam
2224 2996 2347 3060 hoc
2380 2997 2588 3062 subsi-

537 3089 712 3154 dium
753 3089 1186 3156 necessarium
1231 3100 1358 3167 est,
1405 3112 1596 3174 quem
1633 3090 1719 3154 ad
1752 3091 2013 3156 modum
2050 3090 2133 3155 sit
2166 3090 2477 3156 utendum
2514 3113 2588 3156 eo

537 3183 841 3260 dicemus,
878 3183 933 3247 si
959 3183 1134 3269 prius
1163 3183 1241 3249 iis
1271 3186 1350 3249 de
1377 3185 1591 3261 rebus,
1627 3205 1794 3267 quae
1820 3186 2039 3251 virtuti
2063 3184 2390 3270 propiores
2418 3193 2587 3260 sunt,

537 3279 900 3344 dixerimus.
955 3289 1148 3362 atque
1177 3279 1368 3344 etiam
1397 3280 1722 3352 subiciunt
1746 3303 1817 3348 se
1844 3281 2131 3346 homines
2149 3279 2415 3364 imperio
2434 3279 2590 3344 alte-

537 3373 666 3438 rius
695 3383 758 3438 et
785 3373 1084 3458 potestati
1111 3373 1193 3438 de
1221 3373 1429 3438 causis
1457 3373 1776 3460 pluribus:
1816 3375 2137 3438 ducuntur
2162 3373 2333 3438 enim
2352 3382 2463 3436 aut
2478 3370 2591 3434 be-

537 3467 898 3534 nevolentia
915 3478 978 3532 et
997 3467 1456 3534 beneficiorum
1473 3469 1913 3554 magnitudine
1934 3478 2045 3532 aut
2064 3465 2389 3551 dignitatis
2407 3485 2591 3548 prae-

539 3562 770 3631 stantia
803 3574 916 3627 aut
942 3585 1056 3648 spe
1083 3564 1206 3627 sibi
1231 3563 1299 3627 id
1327 3563 1482 3628 utile
1511 3562 1801 3628 futurum
1830 3573 1943 3627 aut
1965 3571 2139 3625 metu
2166 3581 2249 3624 ne
2274 3557 2341 3622 vi
2367 3578 2590 3642 parere

541 3669 849 3744 cogantur
893 3669 1006 3723 aut
1049 3681 1162 3746 spe
1206 3657 1558 3744 largitionis
1603 3657 2060 3743 promissisque
2109 3653 2279 3740 capti
2323 3662 2435 3718 aut
2475 3671 2591 3736 po-

543 3763 772 3820 stremo
785 3801 803 3831 ,
839 3765 914 3818 ut
947 3775 1140 3839 saepe
1174 3753 1244 3818 in
1279 3763 1496 3818 nostra
1529 3775 1600 3816 re
1635 3751 1895 3836 publica
1928 3750 2251 3823 videmus,
2295 3745 2590 3812 mercede

545 3845 856 3917 conducti.
954 3849 1242 3912 omnium
1296 3858 1510 3912 autem
1561 3867 1777 3910 rerum
1829 3867 1951 3910 nec
2002 3844 2213 3930 apt-ius
2264 3851 2362 3906 est
2414 3840 2591 3923 quic-

543 3961 734 4023 quam
771 3942 852 4005 ad
887 3963 1042 4026 opes
1078 3943 1349 4008 tuendas
1385 3963 1462 4006 ac
1496 3940 1805 4006 tenendas
1842 3961 2036 4022 quam
2072 3935 2253 4022 diligi
2285 3957 2407 4001 nec
2439 3933 2593 3998 alie-

543 4033 682 4098 nius
717 4055 914 4118 quam
945 4036 1183 4113 timeri3
1218 4036 1542 4122 praeclare
1579 4035 1747 4100 enim
1782 4033 2060 4100 Ennius:

2618 1901 2670 1940 21

2620 2829 2673 2868 22

2644 3819 2677 3872 7

2635 3890 2686 3930 23

2616 3973 2625 3980 ο
