3292 4559
685 232 811 300 156
1305 243 1384 298 M.
1409 241 1694 301 'TULLII
1730 239 2133 299 CICERONIS

681 382 781 437 ter
824 369 1087 434 modum
1131 367 1461 444 crevisset,
1496 365 1838 434 Veientem
1882 364 2203 450 quendam
2248 363 2331 429 ad
2376 387 2495 430 nos
2539 363 2751 456 homi-

679 487 831 531 nem
873 463 1155 529 nobilem
1198 461 1556 549 perfugisse
1603 481 1880 550 eumque
1935 459 2169 526 dixisse
2216 481 2297 524 ex
2343 458 2523 537 fatis,
2577 481 2743 544 quae

680 559 988 626 Veientes
1035 557 1270 642 scripta
1311 555 1619 621 haberent
1632 603 1650 632 ,
1694 555 1894 620 Veios
1937 554 2081 640 capi
2132 575 2262 619 non
2314 574 2503 640 posse
2516 601 2535 630 ,
2588 554 2745 618 dum

681 655 859 719 lacus
903 653 958 717 is
1003 652 1418 728 redundaret,
1463 660 1556 726 et,
1603 650 1658 714 si
1690 649 1869 714 lacus
1914 648 2185 714 emissus
2227 647 2414 734 lapsu
2452 658 2515 713 et
2550 669 2745 714 cursu

683 769 802 813 suo
837 747 921 812 ad
965 765 1140 812 mare
1184 745 1618 831 profluxisset,
1666 742 2095 829 perniciosum
2138 743 2378 828 populo
2424 742 2741 820 Romano,

683 842 782 907 sin
827 851 1042 906 autem
1087 839 1175 903 ita
1219 849 1386 904 esset
1419 837 1721 915 eductus,
1776 847 1849 902 ut
1894 837 1978 902 ad
2023 859 2198 903 mare
2242 837 2577 922 pervenire
2610 857 2745 900 non

681 945 917 1022 posset,
955 945 1094 999 tum
1130 933 1406 998 salutare
1437 932 1672 997 nostris
1707 931 1874 996 fore:
1922 953 2002 996 ex
2039 952 2168 1016 quo
2203 931 2313 996 illa
2350 931 2741 997 admirabilis

681 1053 721 1094 a
753 1028 1101 1093 maioribus
1137 1027 1434 1092 Albanae
1469 1047 1677 1111 aquae
1713 1025 1889 1090 facta
1920 1025 2219 1091 deductio
2254 1037 2369 1091 est.
2443 1047 2591 1090 cum
2625 1048 2742 1090 au·

679 1135 810 1190 tem
843 1122 1157 1191 Veientes
1203 1121 1370 1186 bello
1423 1120 1577 1186 fessi
1626 1121 1875 1206 legatos
1928 1121 2012 1185 ad
2058 1131 2350 1186 senatum
2396 1119 2738 1196 misissent,

681 1230 818 1283 tum
854 1240 934 1282 ex
967 1216 1047 1281 iis
1083 1215 1343 1300 quidam
1382 1214 1616 1280 dixisse
1654 1215 1885 1280 dicitur
1910 1237 2039 1279 non
2068 1215 2283 1280 omnia
2314 1215 2498 1280 illum
2530 1225 2737 1278 trans-

680 1311 905 1397 fugam
957 1332 1187 1375 ausum
1239 1333 1377 1376 esse
1430 1309 1679 1375 senatui
1723 1309 1960 1375 dicere:
2014 1309 2081 1372 in
2124 1309 2329 1374 isdem
2376 1308 2545 1373 enim
2586 1307 2737 1372 fatis

682 1406 986 1491 scriptum
1020 1404 1310 1470 Veientis
1355 1403 1621 1482 habere,
1673 1403 1812 1469 fore
1856 1414 1929 1468 ut
1971 1403 2153 1470 brevi
2198 1425 2237 1468 a
2273 1402 2481 1470 Gallis
2527 1402 2739 1468 Roma

682 1508 1044 1586 caperetur,
1089 1497 1262 1582 quod
1307 1497 1567 1582 quidem
1611 1499 1915 1564 sexennio
1957 1509 2102 1584 post
2136 1499 2336 1568 Veios
2373 1510 2592 1586 captos
2636 1499 2738 1564 fa-

570 1585 646 1699 Jffi
681 1605 854 1659 ctum
909 1615 1048 1658 esse
1101 1592 1413 1658 videmus.
1501 1615 1694 1680 saepe
1748 1593 1941 1658 etiam
1992 1604 2055 1658 et
2104 1594 2173 1658 in
2222 1595 2479 1679 proeliis
2522 1593 2736 1660 Fauni

681 1688 880 1754 auditi
915 1701 980 1754 et
1013 1688 1079 1752 in
1112 1687 1304 1752 rebus
1339 1687 1608 1752 turbidis
1637 1688 1953 1754 veridicae
1980 1709 2171 1754 voces
2202 1711 2282 1754 ex
2308 1691 2559 1755 occulto
2584 1690 2736 1755 mis-

681 1806 791 1848 sae
836 1803 976 1848 esse
1022 1781 1349 1859 dicuntur3
1404 1783 1586 1847 euius
1631 1783 1884 1868 generis
1920 1782 2049 1847 duo
2084 1783 2212 1847 sint
2254 1806 2335 1849 ex
2370 1784 2587 1848 multis
2624 1807 2737 1850 ex-

681 1877 912 1963 empla,
949 1877 1060 1942 sed
1094 1899 1426 1942 maxuma:
1463 1900 1614 1944 nam
1648 1899 1780 1941 non
1814 1877 2014 1960 multo
2042 1887 2188 1942 ante
2224 1878 2452 1944 urbem
2481 1889 2737 1965 captam

679 1972 980 2038 exaudita
1014 1993 1140 2036 vox
1188 1982 1285 2038 est
1319 1993 1359 2036 a
1402 1971 1549 2037 luco
1581 1971 1853 2048 Vestae,
1905 1971 2018 2055 qui
2053 1995 2092 2036 a
2124 1971 2364 2036 Palatii
2406 1973 2621 2038 radice
2668 1973 2739 2038 in

665 2087 911 2134 'novam
955 2063 1128 2132 viam
1176 2067 1456 2133 devexus
1501 2078 1626 2144 est,
1682 2072 1785 2131 ‘ut
1826 2067 1995 2130 muri
2038 2077 2101 2131 et
2143 2077 2365 2152 portae
2399 2067 2739 2134 reficeren-

677 2173 813 2240 tur-3
847 2163 1140 2227 futurum
1175 2183 1334 2236 esse,
1369 2161 1494 2226 nisi
1527 2161 1857 2248 provisum
1892 2172 2088 2239 esset,
2123 2172 2196 2226 ut
2229 2162 2441 2228 Roma
2476 2185 2737 2249 capere-

676 2256 822 2322 tur-⁹
877 2254 1050 2339 quod
1085 2254 1469 2339 neglectum,
1508 2277 1657 2319 cum
1682 2254 1893 2320 caveri
1925 2265 2193 2340 poterat,
2228 2267 2375 2344 post
2402 2269 2737 2344 acceptam

675 2350 852 2414 illam
885 2347 1232 2412 maximam
1267 2348 1516 2414 cladem
1551 2347 1878 2433 expiatum
1914 2360 2006 2414 est
2018 2375 2036 2428 3
2084 2373 2197 2415 ara
2232 2351 2403 2416 enim
2436 2351 2566 2417 Aio
2602 2351 2739 2418 Lo·-

675 2441 926 2527 quenti,
972 2461 1167 2524 quam
1200 2451 1489 2527 saeptam
1523 2442 1844 2520 videmus,
1892 2443 2279 2510 exadversus
2329 2468 2477 2512 eum
2519 2446 2738 2511 locum

678 2530 1048 2601 consecrata
1080 2545 1197 2600 est.
1287 2546 1478 2619 atque
1515 2536 1706 2601 etiam
1754 2537 2059 2623 scriptum
2095 2561 2136 2602 a
2168 2539 2385 2604 multis
2422 2550 2548 2617 est,
2586 2561 2739 2604 cum

677 2641 884 2695 terrae
917 2640 1129 2694 motus
1164 2629 1372 2694 factus
1409 2640 1606 2707 esset,
1642 2643 1715 2694 ut
1758 2653 1871 2697 sue
1905 2633 2097 2716 plena
2129 2634 2494 2718 procuratio
2530 2635 2733 2713 fieret,

677 2746 900 2790 vocem
937 2723 1021 2789 ab
1050 2725 1209 2790 aede
1244 2725 1510 2790 Iunonis
1535 2747 1616 2792 ex
1655 2747 1801 2792 arce
1837 2727 2153 2792 exstitisse
2165 2751 2183 2805 3
2222 2729 2520 2812 quocirca
2537 2729 2739 2795 Iuno-

675 2841 825 2884 nem
875 2819 1057 2883 illam
1101 2817 1487 2904 appellatam
1531 2819 1887 2885 Monetam.
1974 2817 2135 2887 haec
2186 2822 2387 2907 igitur
2436 2835 2501 2888 et
2552 2848 2593 2890 a
2634 2823 2737 2900 dis

677 2912 1035 2998 significata
1074 2921 1140 2976 et
1180 2935 1220 2977 a
1252 2913 1483 2978 nostris
1517 2915 1867 2980 maioribus
1909 2915 2193 2982 iudicata
2229 2919 2735 2995 contemnimus?

574 3023 650 3064 102
675 3025 885 3089 neque
931 3006 1137 3070 solum
1182 3007 1445 3072 deorum
1489 3030 1683 3074 voees
1717 3008 2115 3096 Pythagorei
2160 3003 2733 3092 observitaverunt,

678 3100 792 3164 sed
827 3099 1020 3164 etiam
1063 3100 1422 3179 hominum,
1466 3124 1632 3187 quae
1680 3115 1914 3169 vocant
1956 3107 2197 3185 omina;
2250 3129 2417 3192 quae
2460 3109 2733 3175 maiores

672 3195 876 3288 nostri
935 3195 1087 3278 quia
1145 3197 1358 3263 valere
1422 3197 1799 3277 censebant,
1870 3199 2109 3266 idcirco
2170 3201 2467 3268 omnibus
2535 3203 2730 3269 rebus

675 3288 940 3376 agendis
979 3290 1178 3373 ‘quod
1204 3291 1464 3369 bonum,
1485 3290 1791 3371 faustum,
1813 3290 1969 3359 felix
1987 3291 2511 3381 fortunatumque
2530 3298 2731 3364 esset'

672 3383 1158 3469 praefabantur,
1203 3385 1524 3470 rebusque
1559 3385 1821 3465 divinis,
1864 3409 2031 3473 quae
2065 3390 2321 3476 publice
2354 3391 2610 3469 fierent,
2660 3403 2733 3456 ut

675 3473 996 3543 ‘faverent
1029 3479 1264 3566 linguis
1277 3480 1316 3558 ,'
1359 3480 1826 3566 imperabatur,
1870 3484 2065 3568 inque
2109 3485 2287 3550 feriis
2319 3485 2729 3571 imperandis,

672 3582 747 3635 ut
783 3571 1029 3637 ‘litibus
1059 3583 1122 3638 et
1154 3573 1380 3660 iurgiis
1409 3597 1478 3641 se
1507 3574 1935 3642 abstinerent!
1988 3578 2272 3664 itemque
2298 3579 2367 3644 in
2399 3581 2733 3646 lustranda

674 3665 922 3729 colonia
955 3665 1038 3730 ab
1075 3686 1180 3744 e0,
1217 3667 1330 3750 qui
1365 3689 1509 3732 eam
1545 3669 1918 3750 deduceret,
1954 3682 2020 3738 et
2054 3695 2202 3738 cum
2234 3674 2583 3760 imperator
2616 3697 2731 3740 ex·

675 3758 969 3835 ercitum,
1007 3781 1233 3824 censor
1266 3761 1577 3848 populum
1611 3764 1938 3844 lustraret,
1974 3766 2161 3832 bonis
2193 3767 2580 3846 nominibus,
2617 3770 2732 3852 qui

674 3849 911 3916 hostias
949 3849 1284 3932 ducerent,
1321 3856 1723 3943 eligebantur
1731 3882 1750 3936 3
1786 3859 1961 3942 quod
1993 3860 2167 3927 idem
2198 3862 2267 3927 in
2302 3861 2541 3929 dilectu
2576 3884 2732 3929 eon-

573 3960 650 4000 102
676 3944 844 4008 sules
879 3946 1250 4026 observant,
1285 3961 1359 4016 ut
1391 3951 1636 4038 primus
1672 3953 1854 4020 miles
1888 3955 2001 4021 fiat
2034 3956 2203 4023 bono
2238 3957 2523 4023 nomine:
2560 3980 2729 4043 quae

677 4036 934 4119 quidem
969 4061 1009 4105 a
1053 4050 1116 4107 te
1163 4043 1293 4108 scio
1339 4055 1404 4110 et
1453 4048 1712 4115 consule
1757 4058 1821 4114 et
1861 4048 2243 4139 imperatore
2290 4073 2539 4118 summa
2573 4075 2728 4120 cum
