3292 4559
729 257 859 324 202
1350 269 1428 323 Μ.
1464 268 1738 326 TULLII
1773 265 2180 324 CICERONIS

1232 913 1329 977 M.
1392 911 1724 977 TULLII
1777 906 2280 976 CICERONIS

1374 1013 1507 1080 DE
1550 1013 1674 1080 RE
1719 1009 2140 1078 PUBLICA

1335 1131 1645 1186 LIBER
1716 1127 2178 1184 TERTIUS.

1464 1333 1851 1392 ARGUMEN
1855 1333 1906 1386 T
1914 1333 2041 1390 ΠΜ.

834 1443 990 1496 Gaius
1016 1441 1329 1512 quaestionis
1356 1441 1631 1508 explicatio
1661 1455 1779 1491 cum
1805 1440 1861 1491 in
1893 1438 2024 1490 diem
2043 1447 2432 1508 consequentem
2451 1439 2620 1492 dilata
2639 1447 2784 1508 esset,

726 1521 780 1572 in
798 1520 946 1572 tertio
967 1519 1101 1570 libro
1126 1534 1322 1586 mayna
1342 1515 1671 1586 conflictione
1687 1531 1772 1568 res
1791 1523 1912 1568 acta
1929 1525 2018 1568 est.
2073 1516 2297 1584 suscepit
2317 1517 2452 1568 enim
2470 1517 2660 1569 Philus
2677 1518 2790 1585 ipse

727 1597 1121 1666 disputationem
1144 1611 1343 1662 eorum,
1371 1596 1466 1663 qui
1478 1597 1725 1646 sentirent
1743 1594 1854 1646 sine
1871 1594 2122 1646 iniustitia
2133 1595 2252 1661 qeri
2265 1611 2372 1645 non
2380 1609 2544 1662 posse
2559 1611 2676 1646 rem
2687 1611 2786 1663 pu-

730 1674 931 1739 blicam,
944 1689 1187 1742 purqans
1198 1672 1503 1741 praecipue,
1520 1689 1586 1722 ne
1603 1672 1699 1723 hoc
1717 1671 1826 1739 ipse
1841 1672 2031 1724 sentire
2050 1671 2344 1723 crederetur
2352 1691 2375 1736 ,·
2391 1671 2591 1740 eqitque
2607 1673 2786 1724 sedulo

720 1769 824 1820 pro
849 1751 1103 1803 iniustitia
1130 1759 1314 1802 contra
1346 1749 1619 1814 iustitiam,
1658 1758 1716 1800 ut
1739 1749 1874 1800 hanc
1899 1765 2008 1800 esse
2033 1749 2207 1802 utilem
2233 1749 2315 1800 rei
2328 1749 2599 1817 pubiicae‚
2637 1750 2788 1801 illam

724 1847 845 1880 vero
872 1829 1104 1882 inutilem
1131 1829 1243 1880 veri
1254 1827 1503 1878 similibus
1526 1826 1815 1878 rationibus
1833 1833 1882 1877 et
1899 1827 2144 1893 exemplis
2161 1825 2296 1877 velut
2317 1834 2598 1878 conaretur
2618 1835 2787 1878 osten·

724 1906 858 1958 dere.
931 1914 1037 1957 tum
1065 1905 1280 1957 Laelius
1316 1903 1619 1972 royantibus
1657 1902 1890 1954 omnibus
1919 1903 2166 1954 iustitiam
2201 1901 2473 1968 defendere
2507 1903 2788 1971 adqressus

722 1990 801 2033 est
834 1982 1162 2051 adseruitque
1196 1990 1447 2051 quantum
1474 1980 1669 2048 potuit,
1705 1979 1836 2030 nihil
1869 1987 1976 2031 tam
2003 1979 2266 2031 inimicum
2295 1977 2455 2048 quam
2481 1979 2787 2031 &iustitiam

726 2056 921 2110 civitati
948 2076 1045 2112 nec
1070 2060 1277 2110 omnino
1306 2059 1411 2110 nisi
1435 2074 1630 2126 mayna
1659 2056 1855 2108 iustitia
1879 2058 1996 2124 ρετ-ἰ
2018 2065 2109 2108 aut
2135 2065 2280 2108 stare
2295 2055 2467 2124 posse'
2481 2055 2594 2108 rem
2611 2057 2786 2124 publi·

727 2152 857 2188 cam.
930 2153 1036 2205 qua
1070 2138 1367 2206 quaestione
1405 2143 1656 2205 quantum
1692 2134 1820 2185 satis
1856 2134 2019 2185 visum
2054 2143 2128 2186 est
2147 2143 2481 2202 pertractata
2507 2134 2690 2203 Scipio
2717 2135 2788 2186 ad

722 2215 1016 2266 intermissa
1042 2215 1313 2265 revertitur
1344 2213 1621 2281 recolitque
1648 2227 1799 2263 suam
1831 2219 1984 2280 atque
2012 2213 2333 2265 commendat
2362 2213 2563 2264 brevem
2586 2211 2670 2264 rei
2682 2228 2784 2280 pu-

728 2290 889 2342 blicae
915 2291 1285 2361 definitionem,
1316 2306 1420 2358 qua
1451 2290 1656 2340 dixerat
1682 2305 1798 2340 eam
1828 2304 1938 2340 esse
1963 2303 2072 2340 rem
2090 2287 2301 2357 populi,
2327 2291 2587 2358 populum
2613 2298 2784 2341 autem

723 2385 831 2418 non
860 2383 1058 2418 omnem
1085 2375 1283 2418 coetum
1308 2366 1647 2418 multitudinis
1660 2405 1674 2430 ,
1703 2366 1796 2418 sed
1819 2372 2016 2417 coetum
2043 2366 2174 2417 iuris
2202 2382 2456 2418 consensu
2483 2373 2532 2418 et
2547 2366 2781 2417 utt‘litatis

726 2445 1079 2494 communione
1096 2444 1347 2494 sociatum
1365 2458 1472 2494 esse
1489 2442 1811 2494 determinat.
1877 2443 2022 2494 docet
2039 2442 2218 2494 deinde
2235 2450 2433 2512 quanta
2447 2443 2518 2494 sit
2534 2442 2591 2493 in
2607 2442 2778 2510 dispu-

725 2520 881 2570 tando
909 2519 1219 2590 definitionis
1244 2519 1457 2584 utilitas,
1486 2526 1639 2588 atque
1669 2536 1732 2570 a
1758 2519 1865 2572 illis
1895 2522 2005 2571 suis
2033 2519 2412 2590 definitionibus
2437 2519 2635 2587 colliqit
2661 2528 2776 2570 tunc

723 2607 832 2647 esse
857 2612 967 2647 rem
984 2595 1267 2664 publicam,
1298 2595 1353 2647 id
1378 2603 1451 2648 est
1477 2612 1587 2648 rem
1612 2597 1819 2666 populi,
1848 2613 1964 2648 cum
1993 2595 2116 2648 bene
2141 2613 2206 2648 ac
2232 2597 2362 2648 iuste
2371 2597 2576 2664 yet-itur
2592 2595 2776 2648 siveab

722 2689 827 2724 uno
853 2689 975 2740 reye
998 2673 1102 2724 sive
1130 2689 1165 2724 a
1184 2673 1375 2741 paucis
1403 2673 1733 2740 optimatibus
1757 2673 1862 2725 sive
1889 2673 1958 2724 ab
1973 2674 2212 2725 universo
2232 2675 2448 2742 populo.
2523 2689 2642 2725 cum
2659 2688 2774 2724 vero

721 2750 943 2802 iniustus
976 2757 1049 2802 est
1084 2765 1205 2816 rex,
1240 2766 1391 2819 quem
1427 2758 1708 2818 tyrannum
1743 2767 1887 2802 more
1917 2749 2126 2802 Graeco
2152 2751 2458 2818 appellavit,
2489 2757 2590 2802 aut
2607 2748 2780 2800 &tiusti

722 2827 1015 2895 optimates,
1051 2843 1273 2896 quorum
1309 2843 1617 2879 consensum
1651 2827 1778 2879 dixit
1803 2841 1912 2878 esse
1945 2824 2253 2892 factionem,
2289 2834 2382 2878 aut
2413 2826 2639 2878 im‘ustus
2671 2825 2774 2892 ipsc

712 2905 960 2970 populus,
990 2903 1078 2954 cui
1098 2919 1285 2955 nomen
1314 2903 1559 2954 usitatum
1584 2919 1693 2954 non
1718 2903 1908 2969 reperit
1922 2901 2029 2953 nisi
2043 2911 2100 2953 ut
2126 2901 2280 2954 etiam
2303 2903 2474 2970 ipsum
2501 2909 2772 2970 tyrannum

718 2988 953 3044 vocaret,
992 2996 1099 3030 non
1126 2980 1231 3031 iam
1258 2979 1521 3045 vitiosam,
1550 2981 1684 3030 sicut
1710 2978 1884 3046 pridie
1915 2977 2093 3044 fuerat
2131 2977 2469 3046 disputatum,
2504 2979 2622 3044 sed,
2651 2977 2776 3030 sicut

718 3056 856 3108 ratio
883 3072 946 3106 ex
974 3055 1079 3107 illis
1106 3055 1485 3125 definitionibus
1513 3071 1711 3108 conexa
1737 3055 2014 3120 docuisset,
2044 3054 2254 3106 omnino
2287 3055 2491 3106 nullam
2525 3070 2639 3106 esse
2672 3069 2776 3106 rem

709 3133 1003 3200 publicam,
1042 3133 1285 3202 quoniam
1318 3151 1426 3185 non
1461 3141 1591 3185 esset
1629 3149 1713 3184 res
1733 3133 1943 3200 populi,
1981 3149 2098 3184 cum
2136 3141 2388 3200 tyrannus
2413 3149 2531 3184 eam
2555 3130 2777 3199 factiove

720 3217 1035 3276 capesseret,
1063 3226 1159 3260 nec
1186 3210 1296 3277 ipse
1312 3212 1544 3278 populus
1570 3211 1676 3260 iam
1694 3209 1925 3277 populus
1952 3217 2105 3274 esset,
2132 3213 2185 3260 si
2205 3217 2333 3262 esset
2365 3209 2616 3275 iniustus,
2655 3227 2776 3278 quo-

717 3286 860 3338 niam
878 3303 985 3339 non
1002 3294 1131 3338 esset
1150 3287 1418 3339 multitudo
1436 3287 1566 3338 iuris
1585 3302 1840 3338 consensu
1858 3295 1905 3338 et
1925 3287 2156 3338 utilitatis
2175 3287 2533 3338 communione
2555 3287 2772 3352 sociata,

717 3364 848 3414 sicut
867 3363 1097 3431 populus
1116 3361 1293 3428 fuerat
1320 3363 1572 3434 definitus.
1644 3359 2016 3432 (Augustinus
2043 3363 2105 3414 de
2123 3363 2255 3415 civit.
2276 3363 2362 3416 dei
2376 3361 2453 3429 ΙΙ,
2473 3361 2587 3431 21.)

821 3441 954 3492 Tum
970 3440 1137 3508 mayis
1154 3440 1208 3492 id
1224 3441 1436 3506 diceres,
1466 3440 1656 3505 Fanni,
1683 3440 1734 3490 si
1746 3455 1912 3507 nuper
1931 3441 1984 3490 in
2001 3440 2162 3492 bortis
2180 3441 2460 3508 Scipionis,
2487 3457 2606 3492 cum
2625 3449 2700 3493 est
2717 3441 2775 3491 de

715 3533 776 3568 re
805 3517 1018 3584 publica
1052 3517 1393 3585 disputatum,
1440 3515 1723 3582 adfuisses.-
1779 3517 1954 3585 qualis
1989 3525 2094 3568 tum
2120 3525 2384 3584 patronus
2419 3518 2647 3570 iustitiae
2677 3515 2772 3585 fuit

718 3593 977 3665 (Laelius)
997 3604 1181 3648 contra
1200 3604 1505 3649 accuratam
1525 3597 1812 3648 orationem
1829 3596 1996 3649 Phili!
2047 3595 2268 3667 (Cicero
2285 3597 2436 3650 Lael.
2461 3599 2507 3665 §-
2527 3597 2642 3658 25.)

629 3869 661 3920 1
841 3861 925 3924 In
962 3861 1117 3924 libro
1154 3863 1327 3924 tertio
1363 3863 1435 3924 de
1467 3883 1533 3924 re
1556 3862 1814 3946 publica
1855 3863 2092 3927 Tullius
2129 3863 2430 3928 hominem
2465 3866 2616 3928 dicit
2649 3889 2774 3930 non

637 3942 656 3978 ¹
713 3962 781 4011 ut
814 3975 855 4014 a
886 3964 1107 4026 matre,
1152 3955 1262 4016 sed
1290 3965 1359 4016 ut
1394 3976 1434 4016 a
1468 3975 1723 4018 noverca
1755 3967 1980 4020 natura
2015 3959 2242 4020 editum
2273 3959 2342 4020 in
2373 3959 2592 4034 vitam,
2641 3982 2776 4023 cor-

701 4062 857 4122 pore
899 4047 1090 4119 nudo,
1124 4045 1358 4130 srayili
1400 4059 1456 4110 et
1496 4049 1772 4134 infimo,
1818 4051 2021 4114 animo
2067 4062 2266 4116 autem
2301 4053 2485 4116 anoeio
2521 4054 2611 4116 ad
2640 4076 2772 4118 mo-
