3292 4559
311 1853 324 1886 ’Ἴ

1178 257 1187 262 .
1270 208 1379 264 DE
1414 207 1625 264 FATo
1663 207 1930 265 19-25..
2484 196 2613 264 225

552 334 775 401 omnia
818 332 951 399 fato
986 331 1125 398 fieri
1169 343 1235 398 et
1278 354 1361 398 ex
1402 331 1612 398 causis
1663 333 1938 399 aeternis
1969 343 2186 398 rerum
2228 330 2610 398 futurarum.

558 429 679 496 sed
710 429 1029 516 Epicurus
1067 426 1489 494 declinatione
1535 427 1734 492 atomi
1780 426 1968 493 vitari
2013 425 2462 494 necessitatem
2495 425 2612 492 fati
2657 447 2707 486 22

558 535 765 611 putat.
850 523 1066 608 itaque
1102 521 1327 588 tertius
1364 521 1629 608 quidam
1661 532 1876 588 motus
1912 519 2114 587 oritur
2147 531 2328 588 extra
2359 520 2612 607 pondus

556 631 627 686 et
660 620 939 706 plagam,
976 640 1123 683 cum
1160 616 1439 684 declinat
1474 628 1726 683 atomus
1759 616 2095 684 intervallo
2131 614 2399 682 minimo
2432 651 2522 662 -——
2547 615 2616 681 id

557 714 843 800 appellat
896 711 1236 793 ἐλάχιστον
1269 747 1387 790 -,
1439 732 1635 796 quam
1689 709 2179 778 declinationem
2231 709 2367 777 sine
2421 731 2618 776 causa

556 807 716 883 fieri,
753 807 809 872 si
844 806 1057 872 minus
1091 804 1325 881 verbis,
1358 827 1430 870 re
1466 804 1722 890 cogitur
1756 803 2071 871 confiteri:
2106 825 2240 869 non
2273 803 2444 870 enim
2479 814 2618 868 ato-

556 925 703 968 mus
740 895 1075 966 ab'atomo
1118 899 1307 985 pulsa
1349 899 1656 976 declinat3
1701 923 1853 965 nam
1898 899 2010 984 qui
2043 907 2257 984 potest
2299 898 2451 983 pelli
2493 897 2620 966 alia

510 1019 514 1024 ·
558 996 644 1060 ab
684 994 837 1071 alia,
891 991 948 1059 si
980 993 1297 1079 gravitate
1331 992 1625 1058 feruntur
1659 994 1746 1058 ad
1786 992 2314 1080 perpendiculum
2351 1012 2620 1076 corpora

474 1129 479 1139 -
556 1087 895 1154 individua
927 1086 1119 1152 rectis
1154 1086 1364 1165 lineis,
1398 1097 1473 1152 ut
1505 1085 1790 1173 Epicuro
1828 1087 2074 1173 placet?
2125 1085 2416 1170 sequitur
2449 1085 2620 1151 enim

502 1209 507 1216 ’
560 1195 633 1250 ut
669 1183 796 1250 alia
830 1182 915 1248 ab
949 1182 1087 1248 alia.
1107 1200 1461 1266 numquam
1497 1181 1874 1268 depellatur,
1909 1185 1968 1249 si
1997 1205 2082 1249 ne
2117 1181 2447 1267 contingat
2479 1180 2620 1264 qui·-

562 1279 711 1344 dem
762 1277 891 1343 alia
942 1277 1165 1344 aliam:
1220 1299 1303 1344 ex
1356 1297 1485 1362 quo
1538 1276 1844 1355 efficitur,
1897 1276 2090 1344 etiam
2134 1275 2190 1342 si
2235 1276 2318 1342 sit
2369 1285 2618 1344 atomus

563 1394 766 1456 eaque
805 1371 1100 1451 declinet,
1136 1371 1457 1438 declinare
1492 1371 1631 1440 sine
1668 1394 1882 1438 causa.
1955 1371 2126 1438 hanc
2157 1369 2479 1457 Epicurus
2515 1392 2618 1440 ra-

562 1465 799 1532 tionem
832 1466 1085 1533 induxit
1118 1467 1203 1532 ob
1240 1489 1385 1534 eam
1416 1489 1576 1545 rem,
1610 1465 1788 1551 quod
1822 1465 2063 1532 veritus
2089 1476 2190 1532 est
2223 1487 2326 1543 ne,
2361 1465 2419 1530 si
2454 1487 2620 1532 sem-

560 1581 677 1648 per
739 1570 991 1627 atomus
1051 1561 1397 1647 gravitate
1430 1561 1709 1628 ferretur
1769 1561 2046 1626 naturali
2099 1583 2177 1626 ac
2237 1558 2618 1633 necessaria,

560 1654 721 1718 nihil
754 1654 1029 1722 liberum
1064 1655 1249 1722 nobis
1286 1667 1483 1732 esset,
1520 1677 1670 1720 cum
1703 1654 1796 1720 ita
1829 1663 2196 1721 moveretur
2230 1652 2513 1726 animus,
2549 1662 2622 1715 ut

562 1761 926 1812 atomorum
958 1759 1139 1812 motu
1174 1757 1530 1832 cogeretur.
1616 1746 1688 1811 id
1719 1746 2134 1812 Democritus
2147 1793 2166 1822 ,
2221 1756 2442 1812 auctor
2485 1753 2623 1810 ato-

565 1862 838 1916 morum,
876 1840 1167 1925 accipere
1201 1840 1449 1916 maluit,
1484 1839 1864 1904 necessitate
1899 1839 2116 1904 omnia
2148 1837 2316 1916 fieri,
2351 1860 2548 1922 quam
2583 1860 2624 1907 a

567 1932 945 2018 corporibus
988 1931 1337 1998 individuis
1384 1931 1694 2000 naturalis
1737 1942 1949 1996 motus
1985 1931 2283 1998 avellere.
2371 1931 2622 2000 acutius
2659 1945 2724 2002 11

568 2025 971 2104 Carneades,
1024 2026 1139 2111 qui
1184 2025 1458 2092 docebat
1498 2047 1692 2110 posse
1728 2023 2086 2110 Epicureos
2129 2047 2317 2090 suam
2361 2046 2624 2095 causam

564 2123 705 2188 sine
742 2120 863 2187 hac
898 2119 1345 2187 commenticia
1388 2119 1812 2187 declinatione
1860 2117 2235 2186 defendere:
2287 2141 2439 2184 nam
2475 2141 2626 2184 cum

566 2218 869 2284 docerent
902 2238 1043 2284 esse
1076 2239 1269 2303 posse
1304 2215 1629 2300 quendam
1666 2213 1865 2282 animi
1897 2223 2143 2281 motum
2169 2213 2622 2291 voluntarium,

564 2313 635 2377 id
679 2311 803 2377 fuit
847 2311 1106 2380 defendi
1149 2309 1379 2378 melius
1425 2332 1620 2396 quam
1663 2309 2069 2377 introducere
2113 2308 2622 2386 declinationem,

565 2406 748 2473 cuius
790 2407 1165 2493 praesertim
1208 2428 1471 2473 causam
1512 2405 1792 2492 reperire
1826 2426 1958 2473 non
1999 2414 2290 2490 possent3
2343 2423 2476 2488 quo
2512 2401 2624 2469 de·

566 2501 749 2568 senso
784 2501 974 2571 facile
1012 2499 1378 2588 Chrysippo
1412 2511 1677 2586 possent
1709 2499 2024 2566 resistere.
2081 2521 2231 2566 cum
2263 2498 2436 2564 enim
2471 2519 2622 2566 con·-

568 2595 906 2663 cessissent
947 2606 1195 2662 motum
1246 2595 1495 2660 nullum
1548 2616 1690 2659 esse
1743 2593 1880 2662 sine
1935 2615 2162 2670 causa,
2213 2614 2346 2658 non
2397 2613 2624 2660 conce-

566 2689 793 2755 derent
842 2690 1057 2754 omnia
1108 2710 1275 2773 quae
1327 2687 1555 2755 fierent
1613 2687 1753 2754 fieri
1805 2687 2014 2754 causis
2069 2684 2592 2752 antecedentibus
2603 2709 2621 2762 3

567 2782 915 2847 voluntatis
978 2782 1149 2846 enim
1206 2793 1463 2847 nostrae
1524 2803 1658 2845 non
1717 2802 1861 2846 esse
1923 2803 2150 2846 causas
2213 2791 2508 2846 externas
2562 2787 2642 2844 et'

567 2874 1023 2954 antecedentis.
1140 2874 1464 2940 communi
1524 2873 1724 2958 igitur
1787 2874 2247 2941 consuetudine
2311 2873 2620 2939 sermonis

570 2967 924 3044 abutimur,
970 2988 1117 3033 cum
1151 2967 1243 3032 ita
1276 2967 1545 3032 dicimus
1558 3014 1579 3045 ,
1625 2965 1790 3033 velle
1829 2967 2072 3051 aliquid
2107 2968 2478 3056 quempiam
2511 2979 2626 3034 aut

570 3062 741 3130 nolle
776 3061 913 3129 sine
950 3082 1175 3137 causa3
1220 3061 1313 3126 ita
1346 3061 1519 3128 enim
1553 3059 1825 3126 dicimus
1864 3061 2029 3128 ‘sine
2063 3064 2300 3142 causa,’
2345 3077 2417 3133 ut
2453 3065 2626 3134 dica-

574 3179 717 3222 mus
754 3155 890 3225 sine
926 3166 1192 3221 externa
1224 3165 1289 3220 et
1324 3155 1740 3222 antecedente
1777 3177 1999 3234 causa,
2043 3179 2175 3222 non
2211 3157 2346 3223 sine
2381 3158 2625 3242 aliquae

572 3260 668 3324 ut,
704 3271 853 3314 cum
880 3272 995 3315 vas
1028 3248 1220 3314 inane
1250 3248 1542 3326 dicimus,
1576 3271 1710 3314 non
1741 3249 1833 3315 ita
1866 3250 2211 3335 loquimur,
2247 3261 2321 3316 ut
2354 3249 2626 3335 physici,

576 3339 813 3423 quibus
856 3341 1047 3407 inane
1090 3360 1232 3410 esse
1274 3342 1435 3408 nihil
1468 3343 1706 3429 placet,
1753 3344 1870 3410 sed
1913 3345 2036 3420 ita,
2089 3354 2163 3408 ut
2206 3343 2387 3408 verbi
2435 3365 2630 3408 causa

570 3434 716 3500 sine
744 3455 933 3518 aqua,
968 3434 1107 3500 sine
1143 3435 1313 3513 vino,
1352 3437 1489 3504 sine
1516 3439 1657 3505 oleo
1687 3459 1800 3502 vas
1828 3460 1969 3503 esse
1999 3437 2290 3513 dicimus,
2329 3435 2442 3514 sic,
2479 3458 2628 3503 cum

576 3529 717 3595 sine
763 3551 959 3596 causa
1002 3528 1289 3597 animum
1327 3530 1595 3596 dicimus
1629 3530 1905 3606 moveri,
1942 3529 2079 3596 sine
2115 3529 2532 3597 antecedente
2567 3551 2631 3598 et

584 3634 845 3690 externa
864 3646 1060 3690 causa
1076 3623 1341 3702 moveri,
1356 3647 1490 3698 non
1518 3625 1777 3690 omnino
1809 3623 1947 3690 sine
1978 3645 2174 3690 causa
2199 3623 2492 3690 dicimus.
2549 3624 2628 3688 de

571 3717 723 3806 ipsa
748 3729 963 3784 atomo
985 3717 1115 3785 dici
1149 3729 1379 3807 potest,
1419 3741 1567 3785 cum
1594 3738 1712 3805 per
1737 3719 1928 3784 inane
1943 3729 2282 3784 moveatur
2313 3717 2630 3804 gravitate

584 3823 650 3877 et
683 3814 987 3898 pondere,
1022 3813 1161 3881 sine
1198 3837 1394 3880 causa
1428 3813 1700 3889 moveri,
1737 3811 1890 3896 quia
1923 3812 2102 3884 nulla
2137 3834 2332 3879 causa
2367 3811 2632 3878 accedat

589 3907 999 3974 extrinsecus.
1055 3931 1277 3982 rursus
1308 3921 1542 3986 autem,
1563 3931 1645 3974 ne
1675 3926 1896 3974 omnes
1925 3907 2176 3994 physici
2203 3906 2539 3985 inrideant,
2571 3905 2626 3974 si

586 3998 874 4068 dicamus
912 4002 1259 4089 quicquam
1292 4005 1431 4076 fleri
1466 4005 1603 4070 sine
1639 4025 1855 4082 causa,
1891 4001 2416 4092 distinguendum
2443 4012 2539 4073 est
2569 4012 2631 4071 et

693 4099 907 4144 Ciceronis
926 4103 1005 4146 vol.
1030 4103 1114 4149 VII.
2185 4102 2254 4159 15

2661 1389 2710 1430 23

2667 2892 2719 2932 24

2674 3923 2726 3964 25
