3292 4559
1084 210 1193 265 DE
1226 208 1563 266 LEGIBUS
1598 208 1706 265 111.
1743 210 1985 266 20—26.
2441 196 2570 261 303

498 334 704 403 multo
741 333 993 403 saevior
1026 332 1359 417 multoque
1394 332 1852 411 vehementior,
1889 353 2078 417 quae,
2125 330 2360 397 ducem
2393 332 2569 417 quod

498 432 715 507 habet,
750 428 1071 496 interdum
1104 428 1308 494 lenior
1342 438 1459 505 est,
1496 450 1696 513 quam
1731 428 1786 493 si
1819 426 2070 491 nullum
2105 426 2400 504 haberet3
2437 427 2571 493 dux

499 525 675 593 enim
728 546 845 591 suo
897 546 959 589 se
1010 522 1297 609 periculo
1348 522 1650 608 progredi
1702 522 1974 608 cogitat,
2027 521 2248 607 populi
2293 521 2570 609 impetus

500 618 772 707 periculi
815 618 1132 685 rationem
1164 618 1265 681 sui
1298 638 1427 683 non
1462 617 1678 683 habet.
1769 623 1867 685 ‘at
1903 616 2248 701 aliquando
2285 616 2570 685 incendi-

502 714 649 780 tur?
738 725 803 777 et
845 711 1109 797 quidem
1143 732 1336 796 saepe
1372 710 1654 781 sedatur.
1743 710 1918 795 quod
1953 710 2126 777 enim
2161 722 2259 777 est
2293 720 2426 775 tam
2461 710 2572 777 de-

502 816 835 894 speratum
878 805 1251 891 collegium,
1296 805 1365 872 ιιι
1406 826 1538 889 quo
1584 826 1778 875 nemo
1814 828 1852 876 e
1887 804 2111 871 decem
2155 826 2314 869 sana
2359 814 2572 873 mente

503 900 626 965 sit?
676 900 833 983 quin
865 899 1079 984 ipsum
1114 898 1215 963 Ti.
1256 896 1629 971 Gracchum
1661 920 1791 967 non
1827 898 2038 963 solum
2071 897 2422 983 neglectus,
2459 896 2574 969 sed

504 992 701 1061 etiam
734 994 1025 1062 sublatus
1061 993 1443 1063 intercessor
1476 994 1736 1071 evertit3
1781 993 1940 1078 quid
1974 992 2144 1062 enim
2177 992 2362 1061 illum
2395 990 2573 1060 aliud

504 1088 780 1175 perculit
822 1087 949 1154 nisi
984 1088 1161 1175 quod
1194 1097 1575 1173 potestatem
1610 1087 2030 1161 intercedenti
2067 1087 2354 1173 collegae
2387 1086 2574 1157 abro-

503 1182 723 1269 gavit?
790 1182 907 1252 sed
958 1193 1033 1249 tu
1085 1182 1463 1267 sapientiam
1514 1183 1832 1253 maiorum
1891 1182 1960 1249 in
2013 1181 2123 1247 illo
2176 1182 2354 1251 vide:
2421 1202 2574 1249 con·-

506 1299 689 1343 cessa
739 1276 915 1363 plebi
968 1300 1007 1343 a
1058 1277 1349 1363 patribus
1402 1277 1528 1342 ista
1576 1286 1896 1363 potestate
1949 1280 2128 1345 arma
2182 1276 2572 1353 ceciderunt,

505 1372 812 1437 restincta
856 1370 1082 1438 seditio
1120 1383 1244 1449 est,
1289 1372 1623 1441 inventum
1659 1382 1760 1440 est
1791 1381 2398 1457 temperamentum,
2443 1392 2574 1455 quo

380 1550 387 1555 Ι
504 1464 829 1541 tenuiores
882 1486 1031 1533 cum
1082 1465 1479 1551 principibus
1525 1466 1788 1550 aequari
1833 1488 1901 1531 se
1947 1476 2278 1551 putarent,
2331 1466 2400 1534 in
2443 1486 2573 1551 quo

504 1579 637 1625 uno
688 1558 812 1627 fuit
866 1558 1138 1625 civitatis
1190 1560 1386 1625 salus.
1476 1566 1575 1625 ‘at
1617 1559 1747 1627 duo
1795 1558 2078 1629 Gracchi
2121 1560 2420 1630 fuenmt’
2509 1571 2576 1626 et

504 1662 760 1739 praeter
810 1674 921 1719 eos
973 1654 1267 1739 quamvis
1320 1676 1678 1721 enumeres·
1709 1655 1946 1723 multos
1999 1654 2178 1733 licet,
2232 1676 2382 1721 cum
2425 1654 2576 1719 deni

506 1755 833 1823 creentur,
878 1768 1010 1811 non
1042 1748 1255 1813 nullos
1288 1747 1357 1811 in
1392 1748 1567 1817 omni
1602 1748 1915 1817 memoria
1949 1749 2228 1833 reperies
2261 1748 2576 1834 pernicio-

506 1863 613 1918 sos
667 1842 987 1919 tribunoS,
1040 1842 1217 1909 leves
1272 1844 1467 1909 etiam
1520 1865 1720 1929 quam
1765 1844 1968 1909 bonos
2014 1844 2284 1910 fortasse
2327 1842 2572 1929 plures:

504 1936 749 2003 invidia
790 1938 1051 2021 quidem
1096 1961 1385 2008 summus
1432 1941 1591 2007 ordo
1626 1951 1843 2018 caret,
1887 1940 2109 2027 plebes
2157 1940 2248 2007 de.
2283 1962 2400 2005 suo
2434 1939 2573 2005 iure

503 2030 897 2117 periculosas
942 2034 1379 2100 contentiones
1423 2034 1634 2101 nullas
1679 2034 1852 2101 facit.
1940 2056 2136 2119 quam
2171 2033 2256 2101 ob
2289 2056 2428 2103 rem
2464 2043 2576 2099 aut
2645 2052 2668 2093 5

506 2124 807 2211 exigendi
838 2148 1027 2212 reges
1062 2149 1193 2193 non
1218 2126 1484 2196 fuerunt
1505 2140 1624 2193 aut
1646 2128 1824 2215 plebi
1849 2150 1942 2203 re,
1977 2150 2110 2195 non
2137 2128 2334 2195 verbo
2363 2127 2578 2194 danda

414 2255 425 2258 -
504 2217 795 2284 libertas:
849 2242 1017 2305 quae
1068 2231 1287 2288 tamen
1338 2222 1433 2289 sic
1475 2222 1627 2289 data
1671 2233 1802 2299 est,
1854 2233 1928 2289 ut
1971 2222 2190 2291 multis
2233 2221 2576 2307 praeclaris

504 2312 809 2377 institutis
854 2313 1311 2393 adduceretur,
1367 2328 1441 2381 ut
1486 2316 1850 2387 auctoritati
1893 2316 2257 2403 principum
2303 2314 2574 2382 cederetss

2613 634 2666 674 24

504 2417 731 2471 nostra
762 2418 977 2475 autem
1012 2432 1237 2489 causa,
1286 2432 1483 2497 quae,
1530 2423 1794 2499 optume
1831 2422 1894 2477 et
1931 2412 2320 2480 dulcissume
2355 2410 2574 2487 frater,
2612 2420 2677 2473 11

506 2499 783 2565 incidit'
760 2525 833 2567 ιιι
866 2504 1273 2573 tribuniciam
1308 2516 1724 2593 potestatem,
1767 2506 1928 2573 nihil
1961 2505 2190 2573 habuit
2225 2504 2578 2572 contentio-

506 2594 609 2659 nis
662 2617 810 2662 cum
864 2597 1225 2676 tribunatu3
1280 2622 1411 2665 non
1462 2602 1636 2667 enim
1687 2600 1908 2687 plebes
1967 2596 2288 2685 [incitata]
2343 2598 2576 2663 nostris

506 2688 702 2754 rebus
736 2689 989 2766 invidit,
1026 2692 1142 2756 sed
1176 2694 1436 2757 vincula
1471 2695 1706 2759 soluta
1703 2705 1865 2760 sunt
1903 2704 1968 2759 et
2003 2692 2260 2757 servitia
2291 2690 2578 2765 incitata,

508 2779 813 2846 adiuncto
866 2791 1107 2847 terrore
1162 2784 1359 2847 etiam
1410 2785 1688 2849 militari.
1775 2806 1987 2867 neque
2042 2783 2228 2847 nobis
2275 2804 2425 2847 cum
2467 2781 2578 2846 illa

508 2887 653 2940 tum
694 2884 875 2960 peste
919 2886 1241 2943 certamen
1286 2876 1440 2955 fuit,
1484 2878 1599 2944 sed
1646 2899 1794 2943 cum
1829 2877 2208 2963 gravissimo
2243 2875 2335 2943 rei
2369 2874 2580 2961 publi-

510 2992 627 3035 cae
662 2979 979 3055 tempore,
1015 2969 1121 3037 cui
1155 2973 1279 3035 nisi
1313 2972 1675 3048 cessissem,
1711 2994 1842 3036 non
1879 2970 2250 3035 diuturnum
2284 2967 2580 3037 beneficii

514 3064 641 3129 mei
683 3064 891 3150 patria
930 3064 1213 3131 fructum
1262 3065 1531 3131 tulisset.
1620 3078 1814 3151 atque
1848 3066 2010 3131 haec
2044 3065 2136 3131 rei
2173 3064 2380 3131 exitus
2415 3062 2580 3129 indi-

513 3158 711 3223 cavit:
764 3160 910 3243 quis
962 3160 1133 3227 enim
1184 3182 1317 3226 non
1368 3160 1559 3225 modo
1612 3161 1804 3238 liber,
1857 3164 1966 3227 aad
2015 3182 2236 3227 servus
2286 3159 2578 3225 libertate

513 3252 749 3337 dignus
792 3253 946 3329 fuit,
990 3254 1097 3321 cui
1131 3266 1351 3321 nostra
1384 3256 1558 3321 salus
1594 3278 1747 3324 cara
1779 3268 1911 3321 non
1945 3256 2154 3324 esset?
2222 3254 2400 3339 quod
2433 3253 2488 3316 si
2522 3252 2576 3316 is

514 3368 703 3411 casus
748 3346 975 3414 fuisset
1018 3371 1264 3427 rerum,
1309 3370 1473 3434 quas
1514 3372 1633 3435 pro
1679 3350 1884 3415 salute
1917 3350 2010 3417 rei
2048 3348 2344 3435 publicae
2377 3346 2582 3433 gessi-

514 3460 690 3515 mus,
725 3450 799 3503 ut
832 3462 964 3507 non
996 3443 1295 3508 omnibus
1341 3454 1564 3530 gratus
1610 3454 1808 3520 esset,
1855 3454 1920 3508 et
1965 3444 2019 3507 si
2063 3464 2180 3509 nos
2225 3436 2582 3508 multitudi-

514 3531 619 3597 nis
670 3531 941 3599 furentis
996 3536 1393 3603 inflammata
1434 3537 1692 3605 invidia
1719 3537 2070 3629 pepulisset
2113 3534 2580 3617 tribuniciaque

515 3626 615 3693 vis
648 3625 718 3695 in
750 3650 857 3694 me
890 3631 1221 3715 populum,
1258 3632 1425 3697 sicut
1461 3630 1854 3699 Gracchus
1835 3655 1904 3698 ιιι
1939 3630 2316 3709 Laenatem,
2354 3626 2582 3695 Satur-

516 3720 709 3791 ninus
741 3722 811 3787 in
844 3722 1207 3803 Metellum,
1242 3724 1591 3804 incitasset,
1626 3725 1961 3802 ferremus,
2009 3747 2048 3790 o
2085 3723 2329 3805 Quinte
2363 3721 2579 3797 frater,

518 3818 1125 3904 consolarenturque
1176 3840 1297 3888 nos
1346 3842 1477 3887 non
1529 3832 1664 3887 tam
1707 3819 2098 3907 philosophi,
2151 3817 2262 3901 qui
2305 3814 2580 3883 Athenis

518 3913 811 3991 fuerunt,
868 3913 1009 4000 [qui
1050 3914 1175 3981 hoc
1219 3914 1432 3982 facere
1480 3915 1716 3981 debent
1728 3911 1776 3999 ,]
1825 3935 2020 3997 quam
2065 3910 2396 3977 clarissimi
2440 3909 2578 3985 viri,

520 4010 634 4097 qui
675 4010 787 4075 illa
829 4011 994 4078 urbe
1034 4008 1205 4097 pulsi
1248 4032 1464 4077 carere
1508 4009 1764 4097 ingrata
1798 4007 2055 4073 civitate
2091 4028 2287 4090 quam
2323 4024 2580 4069 manere

2621 3269 2672 3309 26
