3292 4559
687 252 773 320 28
1294 260 1371 315 Μ.
1411 258 1686 317 TULLII
1723 256 2124 315 CICERONIS

682 384 1129 455 Metrodorum
1170 393 1305 449 tam
1350 393 1567 468 aperte
1612 403 1805 467 quam
1844 382 2037 467 paulo
2082 391 2228 447 ante
2271 392 2357 449 te.
2445 381 2554 449 ille
2587 405 2744 447 vero

682 480 837 545 deos
872 502 1013 545 esse
1047 486 1250 565 putat,
1284 499 1407 543 nec
1436 498 1823 561 quemquam
1859 476 2012 553 vidi,
2051 476 2162 561 qui
2195 476 2402 563 magis
2440 500 2536 554 ea,
2575 498 2746 562 quae

680 574 965 641 timenda
998 596 1138 639 esse
1172 583 1459 657 negaret,
1494 570 1764 646 timeret,
1799 579 2072 635 mortem
2109 569 2256 636 dico·
2279 581 2344 637 et
2378 570 2562 636 deosz
2599 572 2744 655 qui-

680 668 804 733 bus
840 668 1190 733 mediocres
1235 665 1525 732 homines
1560 687 1690 729 non
1723 663 1814 728 ita
1847 664 2035 730 valde
2071 675 2442 743 moventur,
2491 665 2589 731 his
2634 665 2743 731 ille

682 764 913 827 clamat
957 761 1241 827 omnium
1285 759 1651 825 mortalium
1694 758 1924 823 mentis
1973 782 2112 825 esse
2157 760 2541 844 perterritas,
2648 771 2746 825 tot

680 854 857 921 milia
888 856 1347 923 latrocinantur
1375 865 1576 919 morte
1610 853 1968 939 proposita3
2005 853 2116 919 alii
2149 853 2365 919 omnia
2391 875 2556 939 quae
2592 877 2746 941 pos-

682 961 831 1017 sunt
862 951 1019 1017 fana
1052 950 1403 1037 conpilant:
1451 949 1642 1013 credo
1655 996 1674 1025 ‚
1719 958 1833 1013 aut
1877 948 2020 1013 illos
2055 949 2277 1015 mortis
2321 948 2513 1014 timor
2546 960 2746 1016 terret

585 1064 637 1104 8⁷
683 1057 797 1111 aut
829 1046 945 1112 hos
978 1044 1322 1131 religionis.
1564 1040 1722 1121 Sed,
1757 1042 2064 1127 quoniam
2098 1064 2228 1108 non
2263 1043 2462 1108 audes
2490 1079 2579 1091 --
2610 1042 2746 1107 iam

683 1142 856 1207 enim
892 1164 1038 1207 cum
1073 1140 1210 1225 ipso
1246 1136 1534 1224 Epicuro
1567 1138 1797 1222 loquar
1814 1174 1900 1190 ν·-
1917 1160 2159 1224 negare
2191 1161 2336 1205 esse
2372 1138 2545 1215 deos,
2585 1137 2744 1222 quid

682 1247 780 1302 est
814 1236 985 1320 quod
1020 1244 1082 1299 te
1115 1233 1402 1319 inpediat
1435 1242 1549 1297 aut
1584 1232 1786 1298 solem
1820 1244 1934 1298 aut
1966 1233 2280 1297 mundum
2316 1243 2428 1298 aut
2459 1243 2743 1299 mentem

682 1330 963 1412 aliquam
1007 1327 1458 1412 sempiternam
1502 1326 1570 1391 in
1615 1326 1883 1391 deorum
1927 1338 2160 1393 natura
2193 1328 2473 1413 ponere?
2525 1334 2745 1392 ‘num-

678 1444 874 1509 quam
908 1422 1065 1487 vidi'
1102 1420 1312 1504 inquit
1345 1420 1652 1486 ‘animam
1678 1420 1940 1486 rationis
1969 1421 2341 1506 consiliique
2363 1421 2742 1507 participem

678 1516 746 1581 in
781 1516 914 1581 ulla
956 1515 1082 1580 alia
1114 1515 1240 1581 nisi
1287 1515 1570 1580 humana
1602 1514 1854 1601 figura.’
1943 1515 2140 1599 quid?
2175 1515 2324 1581 solis
2359 1538 2518 1581 num
2553 1514 2744 1601 quid-

679 1634 830 1675 nam
883 1620 993 1675 aut
1042 1610 1235 1675 lunae
1288 1620 1400 1673 aut
1450 1610 1735 1693 quinque
1793 1610 2143 1675 errantium
2193 1608 2479 1675 siderum
2533 1608 2740 1674 simile

677 1704 927 1769 vidisti?
970 1704 1066 1769 sol
1102 1704 1354 1769 duabus
1388 1704 1578 1769 unius
1616 1703 1786 1769 orbis
1821 1703 2060 1769 ultimis
2103 1701 2394 1789 partibus
2431 1702 2739 1767 definiens

677 1809 925 1865 motum
966 1819 1192 1863 cursus
1240 1804 1487 1865 annuos
1525 1797 1810 1876 conficit3
1865 1797 2056 1863 huius
2091 1798 2259 1865 hanc
2294 1797 2740 1864 lustrationem

678 1892 964 1957 eiusdem
1024 1893 1287 1961 incensa
1348 1893 1543 1959 radiis
1597 1904 1925 1959 menstruo
1989 1894 2194 1978 spatio
2247 1892 2402 1957 luna
2453 1893 2740 1979 conplet3

677 1988 960 2071 quinque
996 2000 1212 2055 autem
1250 1989 1471 2055 stellae
1508 1988 1787 2055 eundem
1814 1988 2037 2054 orbem
2071 1998 2358 2055 tenentes
2395 1987 2558 2053 aliae
2592 2010 2740 2074 pro-

677 2081 821 2167 pius
858 2104 898 2146 a
932 2084 1144 2161 terris,
1191 2084 1353 2150 aliae
1398 2084 1706 2149 remotius
1741 2083 1827 2148 ab
1859 2081 2067 2151 isdem
2108 2082 2434 2168 principiis
2473 2082 2743 2167 dispari-

675 2177 800 2243 bus
833 2179 1229 2263 temporibus
1267 2178 1493 2245 eadem
1526 2178 1736 2264 spatia
1772 2177 2134 2243 conficiunt.
2205 2198 2360 2241 num
2396 2175 2553 2260 quid
2588 2178 2736 2252 tale,

576 2288 635 2329 88
677 2267 990 2356 Epicure,
1046 2272 1298 2337 vidisti?
1348 2295 1431 2337 ne
1478 2272 1559 2336 sit
1602 2273 1801 2357 igitur
1835 2271 1960 2347 sol,
2012 2293 2097 2336 ne
2137 2270 2320 2345 luna,
2372 2292 2456 2335 ne
2500 2271 2740 2347 stellae,

678 2366 983 2450 quoniam
1024 2365 1184 2430 nihil
1227 2386 1368 2431 esse
1411 2375 1621 2450 potest
1667 2364 1790 2429 nisi
1835 2364 2010 2447 quod
2051 2361 2382 2449 attigimus
2419 2374 2532 2428 aut
2577 2363 2740 2430 vidi-

672 2482 838 2526 mus.
928 2460 1124 2545 quid?
1170 2460 1363 2525 deum
1406 2460 1619 2545 ipsum
1655 2462 1910 2523 numne'
1930 2457 2183 2523 vidisti?
2225 2479 2342 2522 cur
2373 2458 2572 2544 igitur
2607 2480 2743 2525 ore-

676 2554 773 2619 dis
810 2555 987 2620 esse?
1048 2554 1264 2620 omnia
1306 2552 1605 2619 tollamus
1640 2576 1826 2639 ergo,
1881 2571 2046 2636 quae
2091 2563 2205 2617 aut
2247 2552 2512 2619 historia
2552 2553 2740 2619 nobis

676 2658 790 2713 aut
820 2649 986 2715 ratio
1026 2671 1197 2714 nova
1242 2647 1468 2715 adfert.
1555 2648 1648 2712 ita
1682 2646 1756 2711 fit
1789 2658 1862 2711 ut
1895 2645 2341 2716 mediterranei
2385 2670 2562 2715 mare
2599 2670 2739 2714 esse

675 2762 808 2808 non
852 2744 1135 2809 credant.
1236 2764 1400 2827 quae
1446 2753 1595 2808 sunt
1639 2750 1856 2806 tantae
1891 2740 2087 2805 animi
2123 2742 2498 2827 angustiae?
2543 2753 2642 2821 ut,
2689 2742 2743 2807 si

678 2835 939 2923 Seriphi
970 2847 1159 2903 natus
1204 2860 1375 2903 esses
1418 2858 1540 2903 nec
1575 2858 1886 2920 umquam
1933 2858 2228 2921 egressus
2266 2858 2348 2901 ex
2382 2837 2622 2915 insula,
2673 2836 2740 2901 in

677 2951 808 3014 qua
856 2932 1221 3017 lepusculos
1274 2928 1772 3017 volpeculasque
1825 2952 2018 3016 saepe
2071 2930 2376 3009 vidisses,
2429 2954 2559 2997 non
2606 2953 2742 2997 cre-

677 3022 861 3089 deres
912 3025 1130 3091 leones
1176 3035 1241 3089 et
1290 3025 1633 3111 pantheras
1682 3048 1850 3101 esse,
1905 3044 2053 3091 cum
2099 3024 2216 3090 tibi
2261 3025 2484 3110 quales
2529 3038 2741 3091 essent

570 3174 579 3181 .
673 3116 1015 3196 diceretur,
1052 3120 1107 3184 si
1142 3142 1295 3187 vero
1331 3120 1413 3186 de
1452 3120 1797 3205 elephanto
1832 3118 1976 3203 quis
2013 3118 2281 3197 diceret,
2317 3120 2512 3185 etiam
2544 3120 2739 3185 rideri

580 3229 634 3270 8⁹
676 3220 742 3277 te
776 3222 1057 3297 putares.
1146 3224 1211 3279 et
1245 3225 1317 3280 tu
1352 3213 1611 3298 quidem
1626 3260 1644 3290 ,
1679 3214 1928 3292 Vellei,
1963 3234 2096 3279 non
2131 3224 2345 3281 vestro
2379 3235 2586 3291 more,
2623 3214 2739 3280 sed

678 3304 1179 3385 dialecticorum,
1232 3330 1425 3392 quem
1468 3307 1755 3373 funditus
1791 3330 1951 3395 gens
1986 3314 2199 3375 vestra
2231 3329 2362 3372 non
2397 3308 2597 3385 novit,
2635 3332 2738 3373 ar·-

676 3410 984 3509 gumenta
1038 3402 1387 3467 sententiae
1440 3401 1838 3481 conclusisti3
1893 3402 2116 3468 beatos
2169 3423 2310 3469 esse
2362 3400 2516 3468 deos
2561 3424 2738 3469 sum-

676 3493 888 3579 psisti:
936 3497 1361 3580 concedimus·
1450 3496 1714 3563 beatum
1751 3508 1967 3564 autem
2002 3518 2140 3563 esse
2184 3496 2321 3563 sine
2357 3497 2590 3565 virtute
2625 3522 2739 3565 ne-

573 3601 645 3659 32
677 3588 917 3655 minem
967 3612 1185 3677 posse.
1256 3583 1325 3655 i'd
1374 3612 1633 3676 quoque
1689 3593 1945 3671 damus,
2007 3602 2072 3658 et
2131 3592 2404 3659 libenter
2452 3593 2735 3677 quidem.

677 3682 979 3751 virtutem
1024 3695 1239 3751 autem
1285 3686 1421 3753 sine
1465 3687 1712 3754 ratione
1747 3697 2042 3753 constare
2075 3704 2208 3753 non
2241 3709 2460 3773 posse·
2507 3706 2738 3755 conve-

676 3777 813 3843 niat
843 3777 913 3842 id
946 3799 1205 3864 quoque
1239 3802 1499 3849 necesse
1535 3793 1653 3849 est.
1741 3782 2060 3869 adiungis,
2095 3798 2218 3849 nec
2251 3782 2562 3850 rationem
2597 3806 2738 3851 esse

676 3870 801 3937 nisi
834 3870 903 3936 in
936 3871 1208 3939 hominis
1242 3874 1477 3963 figura.
1526 3896 1721 3961 quem
1755 3877 1874 3942 tibi
1907 3877 2032 3943 hoe
2065 3877 2368 3945 daturum
2400 3879 2628 3965 putas?
2679 3879 2736 3947 si

679 3965 851 4031 enim
892 3964 983 4031 ita
1026 3979 1219 4048 esset,
1264 3970 1423 4061 quid
1460 3992 1620 4057 opus
1666 3980 1804 4036 erat
1846 3981 1911 4037 te
1953 3970 2273 4056 gradatim
2304 3971 2472 4038 istuc
2506 3994 2732 4058 perve-

676 4058 855 4127 nire?
906 4064 1287 4151 sumpsisses
1322 4075 1434 4129 tuo
1468 4064 1627 4129 iure.
1717 4064 1875 4149 quid
1909 4075 2127 4133 autem
2159 4076 2258 4132 est
2301 4066 2468 4131 istuc
2501 4064 2736 4153 grada-
