3292 4559
1011 282 1118 337 DE
1152 279 1481 341 DEORUM
1513 277 1842 337 NATURA
1874 279 1922 335 Ι.
1956 280 2197 337 80-86,
2548 269 2633 335 27

577 406 944 495 Capitolini,
982 406 1106 471 alia
1141 403 1323 469 Afris
1357 403 1739 468 Hammonis
1774 402 1970 468 Iovis.
2041 424 2170 487 non
2206 403 2405 489 pudet
2439 408 2635 493 igitur
2668 406 2741 461 30

575 503 933 591 physicum,
967 500 1039 566 id
1065 512 1164 567 est
1197 498 1665 585 speculatorem
1692 508 2189 582 venatoremque
2223 510 2512 578 naturae,
2550 478 2703 567 ab⁸

575 597 800 663 animis
838 594 1298 661 consuetudine
1324 592 1566 657 inbutis
1603 602 1819 677 petere
1854 592 2289 658 testimonium
2310 595 2635 661 veritatis?

571 694 695 758 isto
741 692 914 757 enim
957 690 1149 754 modo
1194 688 1404 753 dicere
1448 686 1663 751 licebit
1709 686 1933 751 Iovem
1978 710 2230 774 semper
2272 688 2633 767 barbatum,

571 784 946 872 Apollinem
997 804 1249 869 semper
1297 780 1661 859 inberbem,
1715 780 1957 846 caesios
2013 783 2231 847 oculos
2274 782 2632 862 Minervae,

575 883 902 949 caeruleos
947 902 1087 946 esse
1133 878 1438 964 Neptuni.
1535 888 1598 943 et
1652 876 1914 961 quidem
1966 877 2303 943 laudamus
2356 880 2633 945 Athenis

574 974 936 1043 Volcanum
989 996 1167 1051 eum,
1222 994 1415 1055 quem
1469 970 1624 1037 fecit
1657 970 2073 1048 AlcameneS,
2126 972 2195 1037 in
2246 996 2375 1057 quo
2430 985 2634 1040 stante

575 1082 770 1154 atque
823 1070 1054 1135 vestito
1107 1068 1332 1134 leviter
1377 1066 1642 1153 adparet
1696 1066 2073 1131 claudicatio
2125 1088 2255 1132 non
2301 1068 2633 1147 deformis3

573 1164 878 1229 claudum
926 1162 1123 1249 igitur
1167 1161 1546 1227 habebimus
1591 1159 1815 1239 deum,
1869 1160 2173 1244 quoniam
2219 1160 2299 1227 de
2342 1162 2631 1228 Volcano

577 1259 670 1325 sic
707 1257 1088 1343 accepimUS.
1179 1278 1331 1341 age,
1369 1266 1434 1320 et
1467 1255 1566 1320 his
1601 1254 1933 1321 vocabulis
1970 1276 2111 1321 esse
2148 1254 2302 1321 deos
2338 1254 2631 1333 facimus,

570 1352 806 1438 quibus
843 1375 882 1417 a
915 1351 1100 1416 nobis
1145 1350 1592 1415 nominantur?
1645 1362 1711 1414 at
1754 1350 2063 1434 primum,
2110 1361 2268 1434 quot
2302 1350 2633 1417 hominum
2674 1372 2728 1412 84

570 1447 830 1533 linguae
839 1494 858 1524 ,
912 1456 1008 1511 tot
1039 1446 1301 1510 nomina
1337 1445 1630 1521 deorum3
1685 1466 1815 1510 non
1852 1444 2051 1521 enim,
2108 1456 2183 1509 ut
2217 1454 2287 1509 tu
2322 1444 2631 1523 Velleius,

571 1562 978 1624 quocumque
1013 1539 1284 1615 veneris,
1323 1540 1414 1604 sic
1449 1538 1621 1603 idem
1656 1538 1725 1603 in
1761 1537 1951 1602 Italia
1973 1538 2323 1615 Volcanus,
2358 1540 2531 1605 idem
2564 1540 2633 1603 in

570 1634 820 1712 Africa,
853 1634 1025 1702 idem
1059 1634 1128 1699 in
1162 1633 1498 1718 Hispania.
1567 1631 1796 1697 deinde
1830 1632 2161 1697 nominum
2196 1656 2324 1697 non
2358 1656 2631 1720 magnus

569 1751 874 1793 numerus
909 1751 991 1793 ne
1026 1729 1095 1792 in
1140 1726 1480 1812 pontificiis
1517 1726 1778 1810 quidem
1812 1726 2044 1790 nostris
2058 1774 2076 1804 ‚
2115 1726 2381 1793 deorum
2416 1739 2632 1793 autem

568 1821 1069 1887 innumerabilis.
1126 1842 1209 1884 an
1245 1820 1380 1884 sine
1416 1819 1783 1883 nominibus
1821 1820 2007 1884 sunt?
2038 1819 2213 1884 istud
2250 1822 2509 1905 quidem
2542 1822 2633 1887 ita

571 1916 756 1980 vobis
809 1915 1021 1978 dicere
1073 1934 1332 1978 necesse
1387 1922 1511 1987 est3
1567 1912 1726 1994 quid
1778 1911 1949 1975 enim
2003 1906 2276 1989 attinet,
2311 1936 2458 1979 cum
2500 1938 2633 1979 una

569 2008 769 2072 facies
807 2006 905 2083 sit,
941 2006 1129 2091 plura
1165 2027 1303 2070 esse
1339 2005 1636 2069 nomina?
1682 2026 1877 2089 quam
1912 2005 2153 2070 bellum
2190 2018 2356 2083 erat,
2400 2006 2629 2086 Vellei,

573 2101 860 2167 confiteri
893 2100 1106 2186 potius
1142 2100 1388 2165 nescire
1426 2098 1600 2183 quod
1633 2100 1911 2165 nescires
1950 2120 2144 2182 quam
2170 2100 2301 2165 -ista
2336 2100 2632 2167 effutien-

575 2208 704 2261 tem
737 2217 1049 2261 nauseare
1086 2206 1278 2278 atque
1313 2194 1527 2280 ipsum
1563 2192 1686 2257 sibi
1723 2192 2085 2279 displicere!
2141 2217 2224 2257 an
2266 2206 2343 2259 tu
2383 2196 2513 2259 mei
2547 2196 2632 2260 si-

468 2342 472 2349 .
571 2290 786 2355 milem
821 2300 1010 2375 putas
1047 2312 1188 2355 esse
1215 2298 1326 2352 aut
1353 2286 1448 2352 tui
1477 2286 1707 2351 deum?
1740 2286 2028 2372 profecto
2056 2308 2186 2351 non
2212 2298 2421 2374 putas.
2478 2289 2632 2373 quid

570 2384 765 2470 ergo?
817 2384 1016 2448 solem
1061 2382 1271 2447 dicam
1315 2390 1428 2445 aut
1469 2380 1692 2450 lunam
1736 2390 1847 2445 aut
1899 2382 2149 2446 caelum
2193 2382 2423 2447 deum?
2478 2405 2629 2469 ergo

572 2479 764 2543 etiam
799 2478 1098 2543 beatum?
1135 2478 1368 2562 quibus
1379 2472 1723 2542 ‘fruentem
1759 2476 2235 2561 voluptatibus?
2281 2488 2345 2543 et
2378 2479 2631 2564 sapien-

567 2573 739 2639 tem?
775 2572 886 2657 qui
919 2582 1128 2658 potest
1164 2594 1303 2637 esse
1337 2572 1406 2635 in
1441 2570 1578 2635 eius
1613 2568 1791 2635 modi
1823 2581 2049 2635 trunco
2085 2572 2437 2656 sapientia?
2470 2572 2630 2638 haec

565 2679 782 2733 vestra
819 2677 986 2731 sunt.
1066 2666 1131 2731 'si
1173 2666 1371 2752 igitur
1405 2687 1524 2731 nec
1559 2664 1841 2729 humano
1876 2679 1999 2741 Νι,
2038 2665 2211 2747 quod
2248 2664 2465 2743 docui,
2509 2688 2629 2731 nec
2672 2686 2725 2727 85

569 2762 681 2826 tali
716 2760 952 2845 aliqu0,
985 2762 1159 2845 quod
1194 2762 1312 2827 tibi
1344 2760 1434 2825 ita
1468 2754 1846 2846 persuasum
1882 2770 1999 2837 est,
2036 2760 2192 2843 quid
2226 2759 2481 2826 dubitas
2516 2785 2629 2829 ne-

567 2880 722 2943 gare
769 2856 923 2922 deos
968 2858 1146 2921 esse?
1197 2859 1349 2921 non'
1375 2857 1594 2921 audes.
1685 2856 2007 2948 sapienter
2054 2857 2124 2921 id
2168 2856 2456 2941 quidem,
2511 2860 2629 2926 etsi

569 2951 692 3015 hoc
725 2952 868 3015 loco
903 2972 1034 3015 non
1068 2952 1378 3036 populum
1413 2950 1677 3028 metuis,
1716 2951 1831 3015 sed
1864 2951 2037 3036 ipsos
2074 2952 2247 3017 deos.
2318 2952 2471 3017 novi
2506 2974 2627 3039 ego

568 3042 924 3129 Epicureos
955 3044 1168 3108 omnia
1196 3044 1406 3131 sigilla
1430 3056 1829 3122 venerantes,
1867 3068 2257 3131 quamquam
2286 3046 2471 3112 video
2498 3068 2629 3112 non

567 3138 760 3203 nullis
795 3137 999 3204 videri
1034 3136 1390 3223 Epicurum
1405 3186 1423 3215 ,
1458 3160 1540 3203 ne
1575 3138 1644 3203 in
1680 3138 2099 3205 offensionem
2132 3140 2628 3207 Atheniensium

569 3233 851 3311 caderet,
905 3232 1117 3298 verbis
1151 3232 1483 3317 reliquisse
1519 3233 1703 3311 deos,
1756 3256 1825 3299 re
1870 3234 2221 3300 sustulisse.
2310 3236 2527 3320 itaque
2559 3236 2628 3300 in

566 3326 691 3393 illis
728 3327 978 3393 selectis
1023 3327 1161 3393 eius
1206 3326 1636 3412 brevibusque
1674 3329 2030 3407 sententiis„
2086 3351 2246 3414 quas
2290 3328 2625 3414 appellatis

567 3426 796 3508 κυρίας
831 3420 1047 3503 δόξας,
1086 3422 1266 3500 haec,
1294 3430 1374 3487 'ut
1401 3422 1645 3508 opinor,
1683 3422 1891 3510 prima
1917 3424 2229 3489 sententia
2256 3433 2378 3488 est:
2418 3420 2625 3504 ‘quod

567 3515 830 3583 beatum
863 3527 931 3583 et
969 3516 1304 3583 inmortale
1341 3527 1466 3595 est,
1514 3516 1585 3581 id
1625 3539 1747 3584 nec
1790 3519 1987 3585 habet
2030 3540 2151 3583 nec
2195 3515 2455 3581 exhibet
2489 3516 2623 3579 cui-

568 3632 764 3695 quam
797 3610 1171 3697 negotium?
1258 3612 1329 3676 in
1360 3610 1484 3677 hac
1528 3612 1619 3677 ita
1656 3614 1945 3698 exposita
1981 3610 2294 3678 sententia
2328 3618 2476 3673 sunt
2511 3608 2622 3693 qui
2656 3622 2724 3679 31

569 3705 956 3782 existiment,
1005 3706 1180 3790 quod
1212 3705 1320 3773 ille
1355 3706 1608 3774 inscitia
1642 3706 1835 3817 plane
1869 3704 2172 3791 loquendi
2206 3703 2475 3780 fecerat,
2527 3702 2625 3768 fe·-

568 3800 728 3866 cisse
763 3802 1080 3867 consulto:
1117 3800 1199 3867 de
1234 3783 1490 3867 homine
1523 3801 1787 3866 minime
1823 3802 2007 3867 vafro
2034 3798 2200 3863 male
2230 3795 2619 3875 existimant3

568 3893 833 3960 dubium
868 3905 966 3960 est
1001 3894 1192 3973 enim,
1227 3906 1443 3961 utrum
1481 3893 1653 3959 dicat
1686 3895 1927 3979 aliquid
1962 3893 2223 3959 beatum
2251 3914 2390 3957 esse
2426 3902 2491 3959 et
2522 3892 2622 3957 in-
2664 3910 2717 3951 se

567 3991 861 4068 mortale,
916 4013 1028 4068 an,
1081 3989 1136 4055 si
1181 3990 1358 4073 quod
1403 3990 1504 4055 sit.
1592 4012 1724 4055 non
1770 3988 2282 4054 animadvertunt
2322 3986 2429 4053 hic
2475 4010 2623 4073 eum

567 4081 868 4168 ambigue
903 4083 1192 4149 locutum
1228 4108 1397 4163 esse,
1451 4084 1566 4151 sed
1607 4084 1826 4149 multis
1863 4082 2003 4150 aliis
2046 4081 2201 4149 loci:
2240 4092 2305 4149 et
2344 4082 2525 4148 illum
2559 4090 2624 4147 et
