3292 4559
887 253 1010 322 140
1491 261 1568 317 Μ.
1607 259 1882 319 TULLII
1916 256 2319 317 CICERONIS

883 413 1028 458 cum
1062 381 1462 454 inscenderet
1494 384 1564 451 in
1597 405 1829 470 rogum
1865 383 2222 461 ardentem,
2260 388 2329 448 ‘o
2363 380 2767 469 praeclarum
2806 379 2943 445 dis-

883 482 1157 550 cessum'
1193 480 1404 565 inquit
1437 485 1501 546 ‘e
1539 478 1703 554 vita,
1740 501 1918 556 cum,
1954 489 2025 543 ut
2059 477 2332 543 Herculi
2367 476 2654 563 contigit,
2690 475 2949 540 mortali

883 599 1144 664 eorpore
1189 583 1466 642 cremato
1517 573 1586 638 in
1635 572 1849 638 lucem
1901 573 2151 638 animus
2206 571 2608 637 excesseritl’
2668 591 2946 654 cumque

883 670 1256 738 Alexander
1290 691 1440 735 eum
1473 677 1761 755 rogaret,
1797 667 1853 734 si
1888 667 2046 752 quid
2078 666 2301 744 vellet,
2337 675 2412 731 ut
2447 666 2707 743 diceret,
2746 665 2949 752 ‘opti-

883 768 1011 834 me'
1025 793 1044 846 3
1095 766 1306 851 inquit
1357 763 1762 851 ‘propediem-
1802 774 1865 828 te
1912 761 2186 827 videbo.’
2284 761 2459 845 quod
2508 761 2602 826 ita
2646 761 2911 846 contigit
2925 785 2946 838 3

883 885 1032 926 nam
1047 859 1383 946 Babylone
1417 857 1641 944 paucis
1678 868 1826 943 post
1859 856 2087 922 diebus
2106 855 2479 922 Alexander
2505 865 2601 920 est
2633 865 2945 920 mortuus.

883 955 1138 1022 discedo
1173 976 1521 1040 parumper
1555 976 1595 1017 a
1630 950 1915 1029 somniis,
1952 951 2038 1015 ad
2074 971 2240 1034 quae
2266 972 2419 1015 mox
2454 960 2757 1015 revertar.
2815 971 2948 1034 qua

879 1060 1064 1115 nocte
1099 1049 1411 1133 templum
1448 1046 1771 1133 Ephesiae
1800 1045 2055 1110 Dianae
2089 1043 2487 1129 deflagravit,
2524 1043 2750 1110 eadem
2789 1066 2948 1109 con-

883 1154 1005 1210 stat
1050 1168 1129 1210 ex
1169 1141 1563 1229 Olympiade
1606 1151 1831 1205 natum
1878 1163 2018 1206 esse
2053 1139 2501 1205 Alexandrum
2548 1149 2773 1223 atque,
2827 1138 2947 1203 ubi

883 1242 1094 1306 lucere
1131 1239 1476 1323 coepisset,
1533 1237 1893 1302 clamitasse
1927 1236 2168 1323 Magos
2202 1248 2448 1321 pestem
2486 1257 2563 1300 ac
2598 1234 2947 1322 perniciem

884 1334 1080 1398 Asiae
1123 1354 1438 1418 proxuma
1480 1343 1668 1398 nocte
1711 1341 1949 1396 natam.
2038 1331 2197 1397 haec
2243 1331 2324 1397 de
2367 1331 2549 1396 Indis
2595 1342 2660 1396 et
2700 1330 2945 1416 Magis.

779 1418 851 1505 25ss
1140 1422 1507 1491 Redeamus
1545 1425 1628 1490 ad
1665 1425 1929 1490 somnia.
2018 1425 2456 1491 Hannibalem
2492 1423 2753 1491 Caelius
2791 1425 2948 1490 scri-

788 1494 839 1530 ’μ
884 1522 1008 1598 hit,
1056 1541 1205 1585 cum
1242 1518 1607 1586 columnam
1642 1542 1932 1597 auream,
1979 1540 2145 1603 quae
2182 1531 2352 1585 esset
2386 1519 2452 1583 in
2488 1519 2640 1585 fano
2677 1519 2945 1584 Iunonis

883 1613 1223 1692 Laciniae,
1278 1612 1529 1679 auferre
1580 1614 1777 1679 vellet
1829 1613 2308 1698 dubitaretque,
2360 1624 2574 1678 utrum
2621 1637 2699 1680 ea
2742 1613 2948 1678 solida

883 1720 1051 1774 esset
1095 1732 1177 1774 an
1224 1708 1616 1776 extrinsecus
1672 1707 1965 1774 inaurata
1979 1757 1996 1785 ‚
2048 1709 2614 1795 perterebravisse,
2669 1729 2944 1793 cumque

883 1803 1153 1868 solidam
1185 1802 1532 1870 invenisset
1568 1803 1865 1869 statuisse
1902 1804 2151 1880 tollere3
2190 1803 2251 1868 ei
2285 1803 2637 1869 secundum
2664 1803 2947 1888 quietem

883 1898 1085 1962 visam
1122 1920 1260 1962 esse
1296 1897 1611 1962 Iunonem
1656 1897 2025 1983 praedicere
2060 1920 2143 1963 ne
2178 1897 2249 1961 id
2290 1897 2532 1964 faceret
2567 1898 2944 1983 minarique,

883 1994 936 2058 si
980 1992 1264 2069 fecisset,
1319 2014 1388 2057 se
1434 2003 1801 2058 curaturam
1845 2004 1919 2057 ut
1971 2014 2122 2058 eum
2168 2013 2426 2077 quoque
2471 1994 2759 2070 oculum,
2813 2015 2945 2078 quo

883 2090 1044 2154 hene
1080 2087 1345 2164 videret,
1386 2086 1732 2164 amitteret,
1768 2087 1965 2171 idque
2001 2087 2086 2152 ab
2121 2086 2379 2153 homine
2415 2099 2604 2154 acuto
2640 2111 2769 2153 non
2805 2112 2947 2154 esse

883 2183 1277 2268 neglectum:
1323 2181 1543 2263 itaque
1580 2203 1663 2245 ex
1698 2202 1774 2245 eo
1811 2203 1966 2245 auro
1980 2228 1999 2258 ,
2036 2181 2211 2265 quod
2246 2182 2723 2248 exterebratum
2759 2195 2947 2260 esset,

884 2277 1187 2352 buculam
1231 2297 1486 2339 curasse
1531 2274 1895 2340 faciendam
1940 2286 2003 2341 et
2048 2299 2191 2341 eam
2232 2277 2302 2342 in
2345 2301 2597 2343 summa
2648 2280 2949 2344 columna

791 2390 843 2426 a*
887 2369 1336 2434 conlocavisse.
1398 2368 1521 2433 hoc
1553 2369 1710 2434 item
1741 2369 1812 2434 in
1848 2368 2072 2448 Sileni,
2108 2393 2301 2456 quem
2340 2369 2601 2438 Caelius
2638 2373 2945 2457 sequitur,

891 2462 1144 2530 Graeca
1177 2461 1440 2527 historia
1475 2473 1572 2528 est
1587 2499 1678 2510 --
1692 2464 1747 2528 is
1784 2474 1999 2530 autem
2034 2466 2539 2552 diligentissume
2572 2491 2673 2534 res
2696 2468 2951 2533 Hanni-

887 2557 1048 2622 balis
1092 2569 1464 2643 persecutus
1511 2568 1608 2623 est
1639 2583 1755 2622 —2
1804 2559 2267 2638 Hannibalem,
2314 2583 2463 2626 cum
2508 2563 2779 2648 cepisset
2823 2561 2948 2630 Sa-

883 2662 1189 2738 guntum,
1237 2652 1446 2716 visum
1490 2674 1629 2718 esse
1674 2653 1743 2717 in
1776 2655 2016 2719 somnis
2052 2678 2092 2720 a
2125 2655 2283 2721 Iove
2326 2656 2395 2721 in
2432 2657 2700 2722 deorum
2734 2659 2948 2722 conci-

883 2750 1041 2811 lium
1093 2745 1338 2823 vocari3
1393 2766 1520 2829 quo
1574 2769 1723 2812 cum
1772 2748 2082 2826 venisset,
2136 2749 2363 2815 Iovem
2413 2751 2827 2836 imperavisse
2871 2762 2947 2816 ut

883 2841 1110 2906 Italiae
1173 2840 1414 2905 bellum
1477 2839 1741 2908 inferret
1802 2843 2161 2928 ducemque
2212 2843 2276 2909 ei
2336 2849 2538 2909 unum
2591 2868 2628 2910 e
2681 2844 2947 2911 concilio

891 2938 1139 3012 datum,
1191 2956 1321 3019 quo
1363 2935 1550 3001 illum
1598 2947 1883 3003 utentem
1927 2961 2078 3004 cum
2122 2940 2407 3006 exercitu
2458 2942 2760 3027 progredi
2803 2964 2951 3009 coe·-

887 3030 1056 3114 pisse
1067 3053 1086 3107 3
1150 3041 1290 3094 tum
1342 3031 1405 3096 ei
1466 3031 1695 3098 ducem
1749 3033 1931 3099 illum
1995 3035 2397 3121 praecepisse
2450 3059 2533 3101 ne
2582 3035 2948 3123 respiceret,

887 3126 1064 3190 illum
1119 3135 1335 3191 autem
1384 3125 1452 3190 id
1507 3127 1743 3193 diutius
1795 3129 2009 3195 facere
2059 3151 2205 3194 non·
2242 3131 2526 3215 potuisse
2579 3133 2949 3217 elatumque

887 3217 1230 3306 cupiditate
1273 3219 1626 3306 respexisse
1638 3246 1658 3299 3
1711 3232 1848 3286 tum
1893 3223 2098 3287 visam
2145 3224 2403 3290 beluam
2449 3236 2698 3291 vastam
2744 3237 2807 3291 et
2848 3226 2950 3290 in-

883 3336 1138 3379 manem
1170 3313 1717 3400 circumplicatam
1751 3317 2153 3402 serpentibus
2184 3340 2588 3403 quacumque
2622 3320 2950 3386 incederet

883 3408 1098 3473 omnia
1141 3408 1429 3486 arbusta,
1477 3409 1785 3496 virgulta,
1822 3422 1998 3477 tesca
2031 3425 2423 3499 pervertere,
2461 3426 2524 3480 et
2559 3437 2707 3481 eum
2743 3415 2951 3480 admi-

883 3514 1093 3567 ratum
1128 3503 1453 3586 quaesisse
1490 3505 1570 3569 de
1607 3505 1728 3571 deo
1742 3554 1762 3582 ,
1815 3507 2141 3590 quodnam
2182 3509 2346 3573 illud
2391 3521 2559 3575 esset
2600 3511 2729 3576 tale
2762 3533 2949 3576 mon-

883 3610 1105 3672 strum,
1143 3607 1206 3662 et
1238 3597 1433 3664 deum
1467 3600 1871 3684 respondisse
1904 3602 2291 3668 Vastitatem
2326 3627 2466 3670 esse
2500 3604 2727 3670 Italiae
2760 3628 2947 3692 prae-

887 3690 1254 3774 cepisseque
1287 3702 1363 3755 ut
1395 3705 1692 3780 pergeret
1722 3695 2041 3781 protinus3
2078 3697 2236 3781 quid
2268 3710 2438 3765 retro
2465 3709 2659 3783 atque
2688 3723 2727 3764 a
2762 3713 2946 3786 tergo

791 3798 843 3834 50
883 3786 1064 3850 fieret
1095 3805 1178 3848 ne
1203 3784 1540 3853 laboraret.
1598 3789 1772 3874 apud
1792 3790 2222 3876 Agathoclem
2249 3793 2559 3879 scriptum
2583 3793 2651 3857 in
2680 3793 2949 3860 historia

887 3890 981 3938 nst
1007 3877 1442 3944 Hamilcarem
1471 3880 2104 3969 Karthaginiensem,
2142 3907 2291 3950 cum
2319 3899 2722 3974 oppugnaret
2744 3885 2948 3973 Syra-

891 3990 1103 4045 cusas,
1152 3970 1364 4036 visum
1401 3996 1540 4040 esse
1585 3975 1807 4041 audire
1842 3999 2067 4043 vocem
2102 4002 2171 4045 se
2215 3981 2522 4066 postridie
2568 3995 2947 4049 cenaturum

891 4058 1255 4146 Syracusis3
1293 4087 1442 4132 cum
1471 4078 1683 4134 autem
1722 4070 1777 4135 is
1807 4071 1941 4137 dies
1971 4073 2324 4154 inluxisset,
2354 4096 2657 4162 magnam
2686 4077 2951 4144 seditio-
