3292 4559
748 282 794 347 4
1370 290 1447 346 M.
1486 288 1763 349 TULLII
1797 286 2201 347 CICERONIS

750 416 1105 484 temeritate
1150 415 1398 503 turpius
1442 406 1553 479 aut
1596 412 1753 497 quid
1797 422 1931 477 tam
1975 410 2384 477 temerarium
2418 419 2678 495 tamque
2711 412 2837 477 in-

601 558 605 561 »
686 588 697 593 ἢ
754 512 1022 598 dignum
1075 510 1377 597 sapientis
1428 508 1744 597 gravitate
1797 517 1990 591 atque
2043 505 2400 571 constantia
2451 526 2648 589 quam
2699 516 2834 570 aut

682 2274 709 2313 3

749 606 987 671 falsum
1032 606 1264 671 sentire
1310 614 1420 669 aut
1465 602 1640 687 quod
1682 624 1813 666 non
1855 600 2012 666 satis
2055 601 2385 686 explorate
2435 611 2835 685 perceptum

752 701 835 777 sit
870 710 935 765 et
971 700 1301 785 cognitum
1336 698 1472 763 sine
1508 696 1641 763 ulla
1677 696 2074 761 dubitatione
2111 694 2496 761 defendere?
2529 694 2705 760 velut
2744 694 2831 757 in

750 794 874 859 hac
909 793 1281 877 quaestione
1313 791 1630 877 plerique,
1689 790 1863 875 quod
1897 788 2172 853 maxime
2209 788 2344 854 veri
2379 788 2582 853 simile
2617 799 2714 855 est
2754 800 2834 853 et

750 908 879 971 quo
935 909 1155 952 omnes
1209 885 1373 950 duce
1426 895 1658 949 natura
1709 883 2030 960 venimus,
2095 882 2248 948 deos
2303 906 2441 949 esse
2495 883 2834 960 dixerunt,

752 980 1046 1046 dubitare
1109 1002 1179 1046 se
1229 979 1652 1066 Protagoras,
1715 978 1924 1043 nullos
1989 1000 2128 1043 esse
2181 978 2436 1042 omnino
2487 976 2832 1063 Diagoras

750 1074 993 1145 Melius
1039 1085 1104 1139 et
1138 1070 1519 1139 Theodorus
1559 1070 1934 1159 Cyrenaeus
1977 1069 2443 1160 [putaverunt].
2513 1072 2627 1157 qui
2659 1094 2836 1137 vero

754 1168 907 1233 deos
944 1190 1085 1233 esse
1122 1167 1439 1247 dixerunt,
1474 1178 1654 1231 tanta
1688 1178 1837 1231 sunt
1869 1167 1937 1231 in
1962 1166 2269 1231 varietate
2304 1176 2368 1231 et
2397 1166 2828 1241 dissensione,

750 1273 826 1326 ut
858 1283 1079 1327 eorum
1114 1261 1454 1325 molestum
1491 1261 1574 1325 sit
1602 1261 2004 1325 dinumerare
2040 1259 2412 1323 sententias:
2447 1278 2598 1324 nam
2633 1270 2697 1325 et
2731 1260 2832 1323 de

750 1356 973 1441 figuris
1010 1354 1275 1420 deorum
1312 1366 1376 1421 et
1410 1354 1489 1420 de
1524 1355 1680 1420 locis
1717 1366 1908 1437 atque
1947 1352 2205 1417 sedibus
2247 1362 2310 1418 et
2356 1352 2604 1419 actione
2638 1355 2825 1420 vitae

750 1451 954 1515 multa
989 1450 1313 1527 dicuntur,
1360 1450 1565 1533 deque
1610 1448 1687 1513 iis
1723 1470 1973 1513 summa
2006 1446 2532 1532 philosophorum
2567 1448 2836 1515 dissen-

752 1544 931 1609 sione
976 1554 1280 1620 certatum
1326 1543 1501 1625 quod
1542 1562 1698 1606 vero
1742 1541 2019 1605 maxime
2063 1562 2201 1605 rem
2235 1551 2624 1626 causamque
2659 1564 2830 1607 con-

750 1638 939 1714 tinet,
975 1648 1191 1701 utrnm
1224 1636 1383 1699 nihil
1418 1645 1641 1719 agant,
1677 1634 1837 1698 nihil
1870 1634 2256 1711 moliantur,
2277 1635 2450 1699 omni
2485 1637 2829 1702 curatione

752 1741 817 1800 et
861 1729 1403 1795 administratione
1449 1749 1666 1793 rerum
1709 1739 1969 1806 vacent,
2025 1752 2109 1793 an
2155 1740 2376 1795 contra
2422 1728 2505 1795 ab
2549 1730 2626 1796 iis
2665 1741 2726 1797 et
2777 1754 2832 1795 a

750 1824 1061 1912 principio
1106 1822 1320 1888 omnia
1372 1822 1545 1887 facta
1590 1832 1654 1888 et
1698 1821 2044 1888 constituta
2087 1822 2212 1887 sint
2256 1834 2320 1888 et
2365 1824 2448 1889 ad
2490 1824 2824 1889 infinitum

750 1931 1002 2003 tempus
1036 1926 1341 2002 regantur
1376 1926 1571 2001 atque
1608 1927 2012 1993 moveantur,
2045 1916 2117 1981 in
2149 1916 2372 2002 primis
2409 1940 2648 2003 magna
2683 1917 2828 1983 dis-

754 2011 961 2077 sensio
1006 2020 1131 2086 est,
1180 2032 1383 2095 eaque
1430 2010 1555 2075 nisi
1590 2010 2004 2087 diiudicatur,
2050 2010 2118 2074 in
2165 2032 2416 2075 summo
2452 2033 2662 2077 errore
2697 2034 2828 2077 ne-

753 2126 928 2170 cesse
957 2115 1053 2169 est
1080 2104 1370 2171 homines
1397 2116 1591 2189 atque
1616 2106 1685 2170 in
1711 2103 2137 2169 maximarum
2164 2128 2378 2170 rerum
2411 2105 2825 2191 ignoratione

682 2200 717 2253 2
752 2197 1012 2263 versari.
1119 2210 1269 2263 sunt
1312 2200 1480 2265 enim
1524 2198 1886 2285 philosophi
1941 2208 2006 2263 et
2057 2198 2346 2276 fuerunt,
2399 2198 2510 2283 qui
2555 2200 2826 2265 omnino

751 2291 995 2361 nullam
1042 2291 1280 2358 habere
1316 2304 1645 2358 censerent
1692 2316 1906 2358 rerum
1952 2291 2379 2360 humanarum
2421 2294 2822 2379 procuratio-

752 2409 902 2451 nem
936 2386 1120 2451 deos:
1160 2408 1432 2471 quorum
1468 2387 1523 2451 si
1557 2410 1710 2452 vera
1738 2387 2052 2451 sententia
2081 2398 2196 2463 est,
2231 2406 2398 2471 quae
2435 2397 2646 2473 potest
2672 2408 2826 2453 esse

751 2480 987 2567 pietas,
1040 2501 1208 2564 quae
1252 2482 1583 2559 sanctitas,
1640 2502 1806 2565 quae
1850 2482 2114 2567 religio?
2166 2481 2324 2548 haec
2377 2482 2547 2547 enim
2600 2484 2828 2549 omnia

752 2595 913 2661 pure
958 2586 1149 2659 atque
1195 2586 1367 2641 caste
1412 2575 1753 2640 tribuenda
1799 2576 2064 2641 deorum
2108 2576 2356 2641 numini
2398 2578 2490 2642 ita
2527 2588 2706 2655 sunt,
2761 2579 2820 2643 si

754 2670 1348 2734 animadvertuntur
1383 2669 1466 2733 ab
1501 2668 1580 2733 iis
1618 2681 1683 2735 et
1719 2669 1773 2733 si
1810 2681 1908 2735 est
1943 2670 2187 2755 aliquid
2223 2694 2262 2735 a
2297 2671 2432 2736 deis
2467 2672 2825 2739 inmortali-

752 2762 876 2828 bus
913 2763 1244 2829 hominum
1277 2764 1499 2849 generi
1534 2763 1844 2829 tributum
1856 2788 1874 2841 ;
1912 2764 2012 2829 sin
2045 2775 2260 2833 autem
2287 2765 2391 2831 dei
2423 2786 2632 2849 neque
2667 2788 2826 2852 pos·-

756 2868 906 2921 sunt
946 2880 1063 2921 nos
1108 2856 1330 2922 iuvare
1365 2879 1486 2923 neo
1522 2858 1747 2923 volunt
1791 2880 1912 2924 nee
1949 2859 2206 2923 omnino
2243 2870 2470 2925 curant
2503 2882 2624 2925 nec
2658 2860 2822 2930 auid

755 2966 1024 3036 agamus
1061 2951 1575 3017 animadvertunt
1608 2974 1730 3019 nec
1765 2962 1888 3030 est,
1925 2954 2098 3037 quod
2133 2954 2216 3018 ab
2251 2952 2328 3019 iis
2365 2954 2450 3019 ad
2482 2954 2818 3019 hominum

756 3044 959 3108 vitam·
988 3059 1363 3129 permanare
1401 3046 1629 3131 possit,
1677 3046 1834 3130 quid
1869 3059 1965 3112 est
2001 3048 2174 3131 quod
2209 3048 2372 3113 ullos
2410 3048 2544 3111 deis
2579 3047 2826 3112 inmor-

756 3137 991 3202 talibus
1046 3140 1256 3204 cultus
1270 3186 1289 3215 ,
1342 3139 1645 3216 honores,
1696 3162 1920 3227 preces
1972 3142 2428 3209 adhibeamus?
2486 3141 2555 3205 in
2608 3141 2825 3228 specie

758 3242 974 3297 autem
1023 3232 1211 3299 fictae
1258 3233 1708 3311 simulationis,
1761 3234 1926 3299 sieut
1977 3236 2261 3320 reliquae
2312 3235 2608 3312 virtutes,
2661 3236 2820 3301 item

710 3339 717 3345 ·
756 3326 965 3412 pietas
1004 3327 1214 3394 inesse
1258 3350 1388 3393 non
1431 3335 1670 3413 potest,
1723 3350 1872 3394 cum
1921 3350 2051 3414 qua
2095 3329 2282 3395 simul
2320 3330 2722 3398 sanctitatem
2756 3345 2820 3395 et

706 3430 709 3435 '
756 3421 1131 3507 religionem
1174 3422 1310 3487 tolli
1353 3444 1614 3489 necesse
1659 3433 1783 3500 est,
1832 3424 2066 3508 quibus
2112 3424 2376 3488 sublatis
2418 3423 2820 3509 perturbatio

760 3516 929 3581 vitae
982 3516 1271 3599 sequitur
1322 3526 1387 3581 et
1436 3516 1676 3602 magna
1715 3518 2036 3595 confusi03
2091 3528 2284 3601 atque
2329 3518 2504 3582 haud
2557 3517 2689 3583 scio
2733 3541 2820 3581 an

758 3610 995 3695 pietate
1032 3611 1341 3675 adversus
1386 3610 1541 3675 deos
1576 3611 1832 3677 sublata
1873 3612 2035 3677 fides
2072 3612 2263 3677 etiam
2297 3623 2363 3677 et
2399 3612 2669 3677 societas
2705 3634 2825 3697 ge·

760 3706 929 3770 neris
962 3704 1229 3770 humani
1263 3715 1328 3769 et
1374 3727 1505 3769 una
1550 3705 2082 3771 excellentissima
2115 3705 2347 3783 virtus,
2383 3704 2654 3783 iustitia,
2700 3706 2825 3770 tol·

760 3798 947 3864 latur.
1036 3810 1184 3864 sunt
1229 3812 1445 3865 autem
1492 3800 1599 3865 alii
1642 3800 2034 3887 philosophi,
2087 3810 2152 3864 et
2194 3800 2241 3864 ii
2295 3799 2555 3885 quidem
2598 3799 2820 3887 magni

764 3904 953 3977 atque
996 3896 1273 3972 nobiles,
1325 3895 1439 3979 qui
1474 3895 1740 3961 deorum
1783 3906 1997 3961 mente
2042 3905 2236 3979 atque
2279 3894 2526 3961 ratione
2563 3917 2814 3960 omnem

762 3988 1075 4053 mundum
1129 3989 1557 4058 administrari
1611 4002 1676 4057 et
1717 3990 1858 4076 regi
1903 4000 2234 4068 censeant,
2285 4012 2494 4075 neque
2547 4011 2698 4055 vero
2749 3988 2822 4053 id

764 4082 999 4167 solum,
1054 4083 1169 4152 sed
1223 4088 1415 4154 etiam
1468 4087 1553 4152 ab
1604 4084 1812 4153 isdem
1865 4084 2192 4151 hominum
2249 4086 2416 4153 vitae
2462 4082 2710 4152 consuli
2754 4090 2816 4150 et
