3292 4559
989 279 1096 334 DE
1130 277 1653 338 DIVINATIONE
1687 279 1763 335 ΙΙ.
1800 281 2045 336 23-29.
2426 267 2559 335 177

497 405 1055 491 experiamurque,
1104 403 1158 468 si
1201 403 1521 490 possimus
1555 425 1800 474 cornua
1835 423 2237 472 commovere
2273 403 2562 493 disputa-

499 498 688 567 tionis
726 509 893 564 tuae.

626 593 780 658 Duo
816 593 987 660 enim
1022 615 1259 679 genera
1299 593 1627 660 divinandi
1674 617 1813 663 esse
1850 595 2136 674 dicebas,
2173 617 2376 662 unum
2399 595 2561 674 anti-
2591 609 2659 664 11

498 689 815 765 ficiosum,
860 690 1135 757 alterum
1176 690 1500 759 naturales
1549 690 1966 762 artificiosum
1993 702 2292 764 constare
2327 693 2563 778 partim

499 805 579 850 ex
615 782 981 851 coniectura
1020 783 1255 870 partim
1282 806 1373 851 ex
1406 783 1851 852 observatione
1897 784 2227 862 diuturnas
2271 787 2562 854 natumle

499 877 667 961 quod
708 876 957 942 animus
994 875 1316 961 adriperet
1341 888 1461 942 out
1496 879 1820 964 exciperet
1854 879 2248 944 extrinsecus
2281 902 2366 946 ex
2400 879 2563 943 divi-

395 1029 403 1036 .
496 971 695 1034 nitate
711 1020 725 1034 ..
778 969 951 1036 unde
1004 991 1227 1035 omnes
1281 970 1527 1036 animos
1578 973 1844 1041 haustos
1893 969 2034 1058 [aut
2077 969 2405 1059 acceptos]
2452 985 2565 1040 aut

498 1063 732 1129 libatos
768 1061 1171 1129 haberemus.
1262 1065 1640 1133 artificiosae
1687 1066 2094 1132 divinationis
2126 1067 2238 1134 illa
2279 1067 2414 1131 fere
2449 1089 2565 1152 ge-

498 1179 657 1222 nera
700 1157 1017 1242 ponebas:
1067 1158 1447 1246 extisp1cum
1491 1183 1873 1246 eorumque,
1923 1161 2035 1246 qui
2080 1184 2161 1227 ex
2204 1161 2564 1248 fulgoribus

500 1252 898 1336 ostentisque
930 1244 1417 1338 praedicerent,
1470 1266 1610 1320 tum
1652 1278 1972 1342 augurum
2025 1277 2400 1340 eorumque,
2453 1255 2566 1338 qui

502 1346 702 1432 signis
732 1357 852 1420 aut
886 1347 1209 1414 ominibus
1245 1360 1609 1428 uterentur3
1644 1373 1964 1436 omneque
1993 1373 2206 1437 genus
2241 1351 2566 1416 coniectu·

500 1441 635 1506 rale
674 1441 742 1510 in
792 1440 915 1509 hoc
960 1441 1097 1508 fere
1140 1467 1378 1530 genere
1422 1446 1728 1531 ponebas.
1816 1446 1978 1512 illud
2021 1458 2238 1514 autem
2272 1445 2564 1512 naturale

502 1546 614 1602 aut
648 1535 1069 1606 concitatione
1104 1539 1337 1604 mentis
1370 1539 1477 1604 edi
1513 1551 1577 1604 et
1610 1539 1797 1624 quasi
1831 1540 2019 1606 fundi
2054 1540 2414 1617 videbatur,
2449 1549 2564 1604 aut

501 1629 714 1695 animo
766 1653 883 1716 per
934 1652 1233 1696 somnum
1284 1634 1577 1701 sensibus
1628 1645 1696 1700 et
1747 1635 1917 1700 curis
1962 1656 2168 1699 vacuo
2220 1633 2562 1720 provideri.

501 1724 742 1790 duxisti
768 1734 984 1790 autem
1013 1725 1473 1793 divinationem
1500 1750 1757 1793 omnem
1786 1751 1827 1792 a
1853 1728 2058 1793 tribus
2093 1727 2316 1792 rebus:
2353 1749 2394 1792 a
2421 1725 2563 1802 dec,

501 1841 545 1882 a
576 1817 731 1893 fato,
768 1840 809 1881 a.
842 1829 1099 1895 natura3
1154 1820 1268 1884 sed
1312 1832 1529 1886 tamen
1572 1843 1723 1884 cum
1768 1820 2085 1906 explicare
2119 1819 2278 1884 nihil
2320 1840 2564 1906 posses,

500 1910 806 1997 pugnasti
842 1913 1425 1977 commenticiorum
1455 1914 1893 1999 exemplorum
1927 1912 2194 1976 mirifica
2219 1912 2425 1998 copia.
2482 1912 2563 1976 de

501 2026 633 2091 quo
684 2005 963 2092 primum
1015 2003 1139 2070 hoc
1188 2007 1347 2072 libet
1390 2007 1632 2074 dicere:
1687 2007 1811 2072 hoc
1853 2028 1978 2093 ego
2030 2006 2392 2093 philosophi
2433 2027 2564 2070 non

500 2122 644 2168 esse
680 2099 985 2177 arbitror,
1032 2101 1302 2166 testibus
1338 2101 1462 2179 uti,
1509 2102 1620 2186 qui
1655 2112 1767 2168 aut
1803 2124 1958 2169 casu
2004 2102 2140 2168 veri
2175 2111 2288 2166 aut
2317 2099 2564 2168 malitia

500 2195 649 2262 falsi
682 2194 942 2278 fictique
979 2217 1119 2261 esse
1153 2208 1449 2282 possunt3
1486 2197 1882 2282 argumentis
1909 2207 1975 2263 et
1999 2196 2348 2262 rationibus
2377 2215 2566 2281 opor-

500 2301 621 2368 tet,
658 2311 788 2374 qua
819 2311 891 2356 re
926 2288 1209 2374 quidque
1242 2291 1333 2356 ita
1366 2291 1471 2369 sit,
1509 2290 1760 2368 docere,
1794 2313 1927 2356 non
1963 2289 2228 2368 eventis,
2261 2289 2342 2356 iis
2377 2311 2564 2376 prae-

500 2383 739 2462 sertim,
772 2383 1007 2468 quibus
1043 2385 1201 2452 mihi
1232 2386 1423 2452 liceat
1455 2407 1588 2452 non
1621 2385 1902 2451 credere.

626 2475 725 2542 Ut
750 2477 963 2543 ordiar
986 2477 1071 2543 ab
1095 2478 1525 2566 haruspicina,
1561 2500 1758 2564 quam
1777 2500 1899 2565 ego
1927 2479 2022 2544 rei
2047 2477 2345 2564 publicae
2367 2499 2562 2542 causa

500 2573 982 2657 communisque
1029 2574 1352 2662 religionis
1388 2575 1723 2640 colendam
1757 2596 1988 2640 censeo
2021 2609 2110 2620 —
2143 2573 2260 2638 sed
2294 2573 2412 2638 soli
2455 2594 2563 2646 su-

498 2689 665 2745 mus,
698 2667 851 2732 licet
884 2689 1111 2732 verum
1146 2670 1479 2753 exquirere
1515 2669 1654 2735 sine
1689 2668 1959 2747 invidia,
1995 2667 2153 2734 mihi
2187 2667 2561 2753 praesertim

501 2760 580 2826 de
622 2761 944 2846 plerisque
992 2761 1311 2828 dubitanti
1352 2787 1467 2828 -ε
1520 2763 1936 2849 inspiciamus
1949 2809 1968 2840 ,
2023 2762 2079 2827 si
2120 2761 2358 2847 placet,
2411 2770 2563 2827 exta

498 2853 801 2938 primum.
904 2857 1278 2940 persuaderi
1340 2857 1541 2942 igitur
1590 2857 1892 2940 cuiquam
1954 2866 2164 2943 potest
2225 2876 2330 2933 ea,
2394 2874 2561 2937 quae

502 2945 850 3032 significari
900 2947 1199 3013 dicuntur
1236 2951 1435 3027 extis,
1490 2950 1750 3035 cognita
1793 2971 1933 3016 esse
1978 2949 2062 3015 ab
2113 2947 2561 3034 haruspicibus

503 3040 949 3106 observatione
1002 3041 1341 3108 diuturna?
1413 3064 1609 3128 quam
1675 3043 1978 3108 diuturna
2038 3045 2160 3108 ista
2217 3042 2379 3108 fuit?
2448 3053 2560 3108 aut

502 3153 700 3218 qnam
730 3133 1082 3221 longinquo
1118 3146 1403 3223 tempore
1438 3136 1764 3203 observari
1797 3137 2043 3224 potuit?
2077 3149 2190 3203 aut
2209 3158 2342 3222 quo
2366 3138 2560 3202 modo

502 3239 601 3301 est
635 3228 959 3295 conlatum
1000 3229 1167 3298 inter
1206 3231 1415 3318 ipsos,
1468 3252 1636 3317 quae
1679 3255 1830 3319 pars
1872 3232 2158 3310 inimica,
2205 3254 2378 3316 quae
2411 3253 2560 3318 pars

500 3322 834 3389 familiaris
884 3336 1081 3402 esset3
1135 3326 1313 3410 quod
1354 3327 1577 3392 fissum
1626 3327 1982 3413 periculum
1995 3375 2013 3404 ,
2061 3325 2238 3410 qnod
2279 3345 2559 3391 commo-

502 3417 660 3484 dum
712 3418 973 3502 aliquod
1021 3421 1428 3487 ostenderet?
1489 3445 1573 3487 an
1632 3421 1794 3488 haec
1843 3421 2010 3489 inter
2059 3443 2129 3486 se
2190 3417 2560 3503 haruspices

502 3511 793 3590 Etrusci,
828 3511 992 3593 Elii,
1028 3514 1373 3601 Aegyptii,
1407 3514 1616 3582 Poeni
1655 3515 2102 3583 contulerunt?
2145 3523 2210 3578 at
2243 3512 2340 3588 id,
2375 3533 2562 3597 prae·-

2595 2455 2666 2512 12

2604 2527 2659 2569 ss

504 3620 797 3694 terquam
841 3607 1016 3692 quod
1050 3607 1191 3676 fieri
1225 3632 1355 3676 non
1398 3610 1633 3696 potuit,
1685 3633 1769 3676 ne
1811 3609 1972 3694 fingi
2015 3607 2278 3692 quidem
2320 3614 2558 3692 potest3
2604 3609 2609 3612 ’
2645 3613 2653 3616 “

504 3701 663 3768 alios
698 3703 869 3768 enim
904 3702 1029 3769 alio
1064 3726 1241 3770 more
1278 3703 1570 3772 videmus
1617 3714 1768 3772 exta
1805 3700 2210 3790 interpretari
2251 3720 2374 3766 nec
2418 3720 2560 3765 esse

502 3817 699 3862 unam
735 3797 1022 3864 omnium
1059 3794 1489 3886 disciplinam.
1572 3789 1641 3865 'et
1675 3810 1878 3874 certe,
1921 3797 1977 3864 si
2010 3807 2108 3862 est
2139 3795 2209 3861 in
2244 3792 2406 3862 extis
2442 3791 2559 3856 ali-

504 3909 637 3972 qua
676 3890 806 3967 Vis,
841 3913 1008 3976 quae
1042 3892 1319 3960 declaret
1352 3894 1603 3971 futura,
1657 3914 1918 3960 necesse
1953 3902 2052 3958 est
2083 3912 2228 3956 eam
2263 3897 2376 3956 aut
2410 3908 2559 3954 cum

504 4004 723 4050 rerum
764 3997 994 4052 natura
1032 4011 1179 4058 esse
1218 3989 1631 4057 coniunctam
1679 4000 1789 4054 aut
1835 3985 2220 4055 conformari
2277 3981 2557 4070 quodam

503 4077 701 4144 modo
728 4081 993 4148 numine
1038 4083 1305 4152 deorum
1340 4085 1531 4168 vique
1568 4083 1804 4152 divina..
1895 4105 2044 4150 cum
2077 4105 2292 4149 rerum
2325 4090 2556 4148 natura

613 4177 833 4225 caeram
850 4183 931 4226 υοι.
952 4181 1038 4227 vu.
2153 4183 2222 4238 12
