3292 4559
704 2041 773 2092 11

712 2112 763 2150 ει

713 2915 765 2954 22

808 223 939 296 184
1400 231 1502 301 M„
1541 232 1817 289 TULLII
1853 232 2250 288 cicuuoffis

806 358 1069 427 eruditis
1123 356 1209 422 ad
1261 354 1635 441 fingendum
1687 353 1799 418 vix
1852 352 2198 438 quicquam
2246 363 2420 418 esset
2470 352 2609 418 loci.
2685 353 2808 418 anti-
2900 360 2902 378 ³

805 455 1018 537 quitas
1061 452 1234 518 enim
1275 449 1515 536 recepit
1558 448 1814 516 fabulas
1857 449 2040 514 fictas
2093 447 2285 515 etiam
2341 469 2474 513 non
2514 469 2813 532 numquam
2903 448 2905 516 4

804 546 1125 614 incondite
1135 569 1155 622 3
1210 545 1371 610 haec
1422 554 1599 609 aetas
1645 553 1862 609 autem
1908 553 2041 610 tam
2084 542 2342 607 exculta
2384 540 2736 628 praesertim
2773 558 2818 604 et

805 641 1087 728 prudens
1124 662 1332 715 omne,
1368 638 1543 722 quod
1575 637 1715 702 fieri
1746 658 1878 703 non
1910 647 2142 722 potest,
2176 635 2446 722 respuit.

806 758 871 822 p.
908 731 1089 820 302]
1138 732 1148 818 1
1196 733 1231 768 *
1268 732 1303 767 *
1340 734 1375 769 *
1420 754 1498 797 us
1548 754 1744 816 nepos
1795 734 1956 807 eius,
1990 741 2094 813 ⁸ut
2144 730 2436 795 dixerunt
2486 729 2728 815 quidam
2768 750 2823 791 ex

812 829 962 897 filia.
1050 850 1182 911 quo
1228 840 1427 905 autem
1467 827 1576 895 ille
1607 838 1920 900 mortuus,
1967 825 2189 890 eodem
2223 837 2310 890 est
2345 846 2518 890 anno
2553 836 2716 889 natu-s
2748 822 2824 886 Si-

809 923 1086 990 monides
1140 921 1508 1007 Olympiade
1560 929 1736 984 sexta
1790 931 1857 985 et
1897 919 2456 1006 quinquayesima,
2512 932 2579 983 ut
2603 916 2823 1004 facilius

809 1041 873 1104 p.
910 1015 1045 1102 67.]
1094 1015 1373 1100 intellegi
1416 1018 1616 1100 possit
1652 1026 1785 1079 tum
1819 1013 1902 1078 de
1935 1013 2192 1079 Romuli
2225 1011 2691 1096 imnorltalitate
2721 1031 2822 1075 cre·
2904 1093 2905 1098 ἵ

811 1111 1036 1188 ditum,
1082 1132 1230 1175 cum
1264 1109 1394 1173 iam
1427 1108 1785 1175 inveterata
1818 1108 1952 1175 vita
1984 1107 2318 1173 hominum
2355 1129 2436 1173 ac
2473 1117 2726 1174 tractata
2751 1126 2823 1167 es-

811 1217 912 1272 set
955 1197 1035 1270 et*
1066 1202 1343 1288 cognita.
1432 1202 1548 1266 sed
1581 1203 1872 1287 profecto
1908 1213 2088 1266 tauta
2121 1201 2245 1267 fuit
2278 1202 2347 1267 in
2386 1224 2467 1268 eo
2503 1201 2598 1266 vis
2630 1196 2822 1285 ingenii

810 1310 1004 1382 atque
1054 1295 1332 1371 virtutis,
1386 1306 1461 1359 ut
1508 1295 1581 1358 id
1632 1296 1715 1362 de
1755 1295 2034 1361 Romulo
2078 1295 2363 1361 Proculo
2409 1295 2580 1361 Iulio
2629 1290 2826 1358 homini
2909 1222 2911 1360 i

809 1391 1047 1477 agresti
1092 1390 1483 1466 crederetur,
1530 1390 1708 1472 quod
1746 1389 1964 1455 multis
2006 1390 2138 1454 iam
2182 1401 2332 1457 ante
2379 1388 2648 1455 saeculis
2687 1385 2824 1451 nullo
2910 1412 2911 1417 ¹

809 1485 932 1550 alio
969 1484 1052 1550 de
1084 1484 1339 1549 mortali
1364 1482 1655 1549 homines
1686 1483 2131 1550 credidissent:
2167 1484 2280 1567 qui
2304 1484 2572 1570 inpulsu
2597 1493 2826 1568 patrum,

809 1601 937 1664 quo
972 1578 1063 1644 illi
1098 1602 1138 1644 a
1172 1601 1242 1646 se
1274 1577 1583 1642 invidiam
1614 1578 1910 1643 interitus
1943 1578 2206 1644 Romuli
2237 1579 2576 1664 pellerent,
2619 1576 2681 1641 in
2711 1595 2826 1638 con·
2912 1573 2913 1586 ¹

807 1696 872 1760 p.
892 1670 1027 1760 68.]
1066 1673 1237 1738 tione
1266 1672 1502 1738 dixisse
1528 1673 1734 1738 fertur
1760 1696 1801 1737 a
1825 1695 1894 1738 se
1924 1673 2136 1738 visum
2164 1696 2303 1739 esse
2332 1673 2406 1738 in
2434 1694 2513 1739 eo
2531 1669 2682 1738 colle
2700 1676 2708 1752 Ι
2727 1669 2827 1732 Ro·

808 1768 1078 1844 mulum,
1111 1767 1222 1850 qui
1254 1788 1428 1831 nunc
1465 1765 1818 1849 Quirinalis
1853 1777 2148 1844 vocatur3
2185 1789 2334 1832 eum
2373 1767 2503 1832 sibi
2535 1763 2823 1830 mandasse

807 1874 881 1928 ut
923 1863 1233 1949 populum
1280 1873 1537 1948 rogaret
1581 1873 1654 1926 ut
1698 1861 1819 1926 sibi
1865 1882 1944 1925 eo
1977 1861 2048 1925 in
2081 1862 2244 1926 colle
2278 1861 2623 1927 delubrum
2654 1859 2822 1922 fieret:

808 1979 877 2022 se
915 1958 1107 2022 deum
1142 1979 1284 2022 esse
1319 1968 1384 2021 et
1420 1955 1768 2038 Quirinum
1803 1958 2040 2021 vocari.

938 2050 1275 2118 Videtisne
1316 2050 1515 2137 igitur
1558 2051 1750 2117 unius
1785 2051 1908 2115 viri
1941 2051 2206 2117 consilio
2241 2073 2374 2116 non
2413 2051 2619 2120 solum
2650 2057 2820 2113 ortum
2914 2069 2915 2087 ι

807 2168 1048 2210 novum
1098 2146 1409 2231 populum
1461 2167 1673 2228 neque
1726 2155 1801 2210 ut
1849 2145 1919 2212 in
1973 2145 2309 2212 cunabulis
2354 2145 2710 2231 vagientem
2745 2160 2821 2202 re-

806 2239 1058 2318 lictum,
1107 2239 1222 2304 sed
1256 2239 1601 2304 adultum
1582 2263 1713 2305 iam
1747 2252 1812 2305 et
1845 2263 2049 2326 paene
2084 2240 2469 2326 puberem?'
2523 2251 2656 2303 tum
2686 2235 2820 2298 Lae·
2916 2270 2917 2324 ι

805 2332 959 2397 lius:
1008 2340 1155 2396 ‘nos
1191 2354 1344 2397 vero
1380 2331 1694 2409 videmus,
1732 2343 1816 2398 et
1831 2345 1894 2398 te
1929 2333 2243 2418 quidem
2224 2355 2590 2419 ingressum
2620 2327 2819 2394 ratione
2916 2325 2917 2349 ¹

803 2448 868 2508 p.
906 2423 1040 2508 81.]
1096 2424 1180 2487 ad
1235 2425 1694 2510 disputandum
1744 2449 1945 2506 nova,
1999 2449 2165 2511 quae
2211 2425 2223 2514 Ι
2276 2450 2597 2512 nusquam
2647 2433 2730 2488 est
2767 2418 2819 2481 in

807 2515 1207 2582 Graecorum
1238 2516 1437 2582 libris.
1524 2541 1678 2582 nam
1711 2519 2009 2605 princeps
2043 2521 2171 2599 ille,
2218 2543 2348 2605 quo
2383 2543 2577 2587 nemo
2608 2519 2671 2583 in
2700 2512 2819 2579 scri-

804 2611 1016 2676 bendo
1050 2613 1476 2697 praestantior
1509 2613 1654 2690 fuit,
1691 2637 1910 2680 aream
1943 2616 2066 2681 sibi
2101 2617 2402 2702 sumpsit,
2441 2619 2511 2684 in
2545 2637 2667 2700 qua
2696 2607 2818 2675 civi·

805 2718 1005 2772 tatem
1055 2717 1409 2773 exstrueret
1455 2707 1767 2775 arbitratu
1813 2731 1961 2787 suo,
2013 2712 2409 2798 praeclaram
2453 2712 2561 2777 ille
2603 2704 2817 2793 quidem

805 2800 1104 2879 fortasse,
1160 2800 1274 2867 sed
1315 2825 1357 2865 a
1399 2802 1530 2867 vita
1575 2803 1908 2868 hominum
1950 2804 2398 2870 abhorrentem
2444 2817 2511 2871 et
2551 2800 2816 2868 moribus;

808 2893 1037 2979 reliqui
1080 2895 1513 2961 disseruerunt
1556 2896 1694 2962 sine
1737 2897 1868 2961 ullo
1916 2908 2088 2962 certo
2137 2901 2490 2985 exemplari
2533 2899 2817 2974 formaque

805 2987 899 3056 rei
932 2988 1228 3072 publicae
1265 2989 1345 3054 de
1379 2990 1726 3074 generibus
1762 3001 1827 3054 et
1863 2991 1944 3056 de
1979 2992 2330 3058 rationibus
2378 2993 2718 3058 civitatumz
2763 2995 2816 3044 tu

804 3102 868 3163 p.
906 3078 1043 3164 82]
1082 3081 1239 3146 mihi
1272 3082 1506 3148 videris
1543 3095 1887 3168 utrumque
1921 3085 2240 3164 facturus3
2281 3110 2348 3151 es
2387 3084 2397 3172 Ι
2439 3088 2606 3152 enim
2635 3083 2716 3146 ita
2742 3076 2818 3140 in·

804 3193 1093 3258 gressus,
1137 3185 1210 3237 ιιι
1245 3196 1410 3257 quae
1444 3176 1582 3262 ipse
1617 3179 1898 3262 reperias
1933 3179 2216 3246 tribuere
2253 3181 2390 3245 aliis
2416 3180 2608 3249 ,malis
2641 3192 2814 3260 quam,

804 3277 878 3332 ut
911 3266 1068 3331 facit
1102 3269 1275 3354 apud
1309 3269 1648 3337 Platonem
1687 3271 2022 3352 Socrates,
2056 3276 2193 3360 ipse
2227 3275 2501 3360 fingere,
2539 3288 2598 3340 et
2631 3271 2726 3335 illa
2753 3263 2813 3327 de

803 3361 981 3426 urbis
1018 3361 1142 3428 situ
1177 3386 1438 3432 revoces
1474 3366 1559 3431 ad
1592 3367 1926 3444 rationem,
1963 3389 2131 3452 quae
2167 3392 2207 3434 a
2241 3369 2521 3437 Romulo
2557 3387 2697 3434 casu
2724 3366 2810 3424 aut

801 3458 1179 3524 necessitate
1224 3457 1398 3524 facta
1440 3472 1620 3538 sunt,
1667 3473 1731 3528 et
1768 3463 2054 3549 disputes
2089 3485 2218 3528 non
2255 3466 2520 3550 vaganti
2552 3459 2807 3528 oratione

803 3550 919 3615 sed
970 3551 1181 3617 defixa
1231 3552 1299 3616 in
1344 3577 1474 3618 una
1517 3578 1587 3620 re
1631 3557 1911 3642 publica.
2000 3579 2130 3642 qua
2172 3582 2241 3625 re
2285 3582 2513 3646 perge,
2564 3568 2631 3622 ut
2667 3544 2807 3618 insti·

803 3645 1008 3710 tuisti.
1053 3647 1412 3733 prospicere
1460 3650 1631 3715 enim
1666 3651 1796 3716 iam
1830 3651 2052 3720 videor
2085 3664 2149 3718 te
2182 3654 2460 3738 reliquos
2495 3672 2669 3739 reges
2698 3661 2812 3730 per·

735 3753 1110 3866 2sequente
1146 3742 1329 3824 quasi
1365 3743 1718 3853 perfectam
1754 3769 1891 3812 rem
1925 3747 2290 3832 publicam.'

709 3814 865 3925 ,ΞΡ
885 3831 1063 3918 281.]
1105 3833 1340 3920 ‘’Ergo
1375 3836 1584 3921 inquit
1619 3837 1897 3925 Scipio‘
1909 3863 2058 3905 cum
2090 3842 2197 3908 ille
2234 3840 2245 3929 Ι
2282 3841 2542 3907 Romuli
2573 3844 2810 3904 senatus,

802 3925 916 4008 qui
966 3927 1299 3994 constabat
1351 3953 1432 3995 ex
1484 3932 1927 4017 optimatibus,
1981 3935 2216 4019 quibus
2267 3935 2404 4021 ipse
2448 3958 2561 4000 rex
2599 3939 2808 3997 tantum

802 4019 1156 4102 tribuisset,
1202 4037 1275 4090 ut
1319 4048 1425 4092 eos
1460 4039 1676 4116 patres
1712 4030 1905 4097 vellet
1938 4031 2253 4098 nominari
2283 4032 2693 4121 patriciosque
2723 4041 2810 4088 eo·
