3292 4559
770 289 898 357 138
1390 303 1470 360 Μ.
1507 301 1784 362 TULLII
1818 300 2220 359 CICERONIS

941 426 1101 494 haec
1137 427 1383 494 ecfatus
1419 435 1622 514 pater,
1658 447 1983 511 germana,
2018 436 2283 510 repente
2317 424 2581 493 recessit
2671 467 2674 470 <

939 543 1060 606 nec
1096 543 1236 588 sese
1272 521 1449 587 dedit
1482 521 1550 585 in
1587 531 2001 606 conspectum
2035 519 2227 586 corde
2264 521 2547 605 cupitus:

941 637 1334 701 quamquam
1369 615 1572 680 multa
1605 637 1835 679 manus
1872 614 1956 678 ad
1990 614 2151 679 caeli
2186 614 2443 681 caerula
2475 617 2721 703 templa

941 711 1282 776 tendebam
1316 711 1677 776 lacrumans
1714 718 1777 775 et
1811 707 2049 773 blanda
2083 730 2243 775 voce
2277 710 2608 776 vocabam.

938 805 1048 869 vix
1085 827 1278 891 aegro
1313 815 1452 870 tum
1488 804 1678 869 corde
1714 825 1857 868 meo
1892 825 1995 870 me
2032 824 2291 870 somnus
2326 805 2601 890 reliquit.

667 930 727 978 21
771 926 823 986 h·
815 946 956 1002 ise,
1009 925 1202 989 etiam
1247 925 1303 989 si
1344 924 1495 989 ficta
1539 934 1689 988 sunt
1732 946 1773 988 a
1801 927 2034 1032 poeta,
2085 944 2217 988 non
2263 923 2496 989 absunt
2538 935 2756 993 tamen
2791 951 2830 992 a

675 1002 723 1038 '¹²
771 1042 843 1082 ΓΓ
835 1018 1228 1084 nsuetudine
1265 1018 1676 1084 somniorum.
1768 1017 1849 1082 sit
1884 1039 2036 1082 sane
2073 1017 2265 1083 etiam
2308 1018 2470 1083 illud
2504 1041 2833 1088 commen-

775 1114 851 1174 tis
823 1110 1012 1190 atium,
1050 1133 1177 1196 quo
1213 1111 1514 1177 Priamus
1553 1121 1650 1176 est
1685 1111 2124 1188 conturbatus,
2160 1111 2311 1196 quia

940 1271 956 1287 .
977 1270 995 1287 .
1033 1233 1237 1288 mater
1271 1222 1539 1308 gravida
1573 1235 1798 1307 parere
1834 1244 1905 1287 se
1940 1222 2268 1288 ardentem
2302 1221 2511 1289 facem

939 1312 1080 1381 visa
1115 1327 1212 1381 est
1246 1317 1315 1381 in
1351 1317 1588 1380 somnis
1623 1315 1928 1380 Hecuba:
1966 1337 2094 1400 quo
2129 1315 2299 1381 facto
2335 1328 2518 1402 pater

937 1432 1052 1474 rex
1087 1411 1226 1495 ipse
1260 1409 1560 1474 Priamus
1597 1410 1843 1474 somnio
1878 1419 2158 1486 mentem
2192 1422 2369 1476 metu

936 1505 1290 1588 perculsuS,
1328 1502 1496 1568 curis
1535 1514 1827 1589 sumptus
1864 1504 2327 1590 suspirantibus

939 1597 1419 1662 exsacrificabat
1453 1595 1676 1662 hostiis
1713 1596 2098 1662 balantibus.

935 1700 1074 1756 tum
1109 1692 1538 1756 coniecturam
1570 1691 1855 1776 postulat
1887 1713 2115 1778 pacem
2148 1703 2392 1777 petens,

937 1796 1010 1849 ut
1045 1806 1113 1850 se
1150 1784 1445 1851 edoceret
1479 1785 1821 1851 obsecrans
1857 1786 2247 1870 Apollinem,

936 1903 1066 1967 quo
1103 1905 1242 1949 sese
1277 1893 1531 1947 vertant
1565 1892 1781 1948 tantae
1817 1894 2017 1947 sortes
2056 1882 2393 1946 somnium.

932 1976 1025 2041 ibi
1060 2001 1142 2043 ex
1176 1978 1387 2043 oraclo
1424 1999 1581 2043 voce
1619 1977 1837 2041 divina
1871 1976 2070 2041 edidit

936 2072 1206 2158 Apollo:
1243 2093 1537 2157 puerum,
1572 2072 1815 2156 primus
1851 2069 2113 2135 Priamo
2150 2070 2262 2154 qui
2296 2071 2462 2136 foret

934 2176 1081 2251 post
1115 2166 1223 2230 illa
1255 2177 1475 2243 natus,
1513 2176 1897 2251 temperaret
1931 2165 2152 2230 tollere

937 2282 1087 2326 eum
1121 2282 1259 2325 esse
1297 2260 1560 2325 exitium
1596 2259 1851 2336 Troiae,
1887 2270 2135 2344 pestem
2168 2258 2509 2347 Pergamo.

671 2406 719 2438 Γπ,
767 2382 891 2442 ..ς-1111
924 2379 1114 2455 haec,
1151 2389 1224 2442 ut
1259 2378 1425 2456 dixi,
1462 2378 1709 2443 somnia
1742 2378 2137 2457 fabularum,
2174 2380 2401 2464 hisque
2438 2381 2832 2468 adiungatur

767 2474 955 2536 utinm
997 2473 1264 2537 Aeneae
1317 2473 1663 2550 somnium,
1716 2473 1891 2556 quod
1938 2475 2007 2539 in
2059 2475 2257 2540 nostri
2306 2474 2496 2540 Fabii
2545 2475 2831 2542 Pictoris

767 2565 1032 2632 Graecis
1085 2565 1420 2632 annalibus
1476 2567 1612 2632 eius
1665 2568 1841 2632 modi
1897 2580 2024 2647 est,
2088 2580 2161 2633 ut
2214 2571 2455 2647 omnia,
2519 2591 2684 2654 quae
2740 2573 2831 2636 ab

763 2662 988 2726 Aenea
1039 2670 1240 2746 gesta
1275 2671 1426 2725 sunt
1481 2682 1775 2745 quaeque
1826 2661 1921 2726 illi
1972 2663 2396 2730 acc1derunt
2348 2711 2368 2742 ,
2433 2687 2511 2730 ea
2560 2662 2832 2744 fuerint,

659 2774 724 2822 Ἡ
767 2777 929 2838 quae
965 2754 1026 2820 ei
1061 2754 1414 2820 secundum
1450 2756 1729 2840 quietem
1764 2756 1904 2821 visa
1938 2769 2105 2823 sunt.
2162 2758 2275 2823 sed
2309 2759 2569 2844 propria
2600 2759 2831 2825 videa-

768 2874 925 2914 mus.
1016 2849 1348 2914 cuiusnam
1398 2850 1573 2914 modi
1626 2861 1724 2916 est
1767 2848 2067 2937 Superbi
2092 2852 2428 2936 Tarquinii
2481 2855 2827 2934 somnium,

763 2946 843 3006 {le
879 2965 1007 3026 quo
1042 2944 1110 3007 in
1143 2943 1349 3008 Bruto
1385 2945 1574 3009 Accii
1608 2946 1891 3030 loquitur
1924 2946 2101 3032 ipse?

667 3090 715 3122 ΓΓ
931 3083 1128 3145 quom
1161 3063 1292 3128 iam
1327 3065 1528 3148 quieti
1561 3086 1794 3150 corpus
1829 3075 2141 3132 nocturno
2176 3068 2398 3152 inpetu

931 3155 1079 3221 dedi
1114 3177 1342 3242 sopore
1375 3158 1638 3244 placans
1676 3170 1850 3225 artus
1884 3160 2259 3246 languidos,

929 3250 1106 3315 visus
1143 3251 1222 3315 ’st
1253 3251 1322 3316 in
1358 3252 1597 3317 somnis
1631 3266 1853 3339 pastor
1886 3255 1970 3320 ad
2004 3277 2108 3320 me
2145 3255 2466 3342 adpellere

928 3366 1126 3431 pecus
1159 3345 1517 3432 lanigerum
1555 3349 1789 3414 eximia
1824 3349 2326 3434 pulchritudine:
2392 3407 2399 3413 .

931 3440 1092 3505 duos
1127 3441 1634 3528 consanguineos
1672 3443 1901 3513 arietes
1935 3442 2088 3509 inde
2123 3445 2277 3530 eligi

931 3536 1547 3621 praeclarioremque
1583 3537 1857 3602 alterum
1888 3538 2217 3604 immolare
2252 3561 2386 3604 me:

932 3629 1163 3695 deinde
1199 3629 1336 3695 eius
1371 3652 1753 3716 germanum
1789 3631 2085 3696 cornibus
2123 3632 2389 3716 conitier

928 3722 998 3787 in
1032 3745 1136 3789 me
1171 3724 1462 3801 arietare,
1499 3745 1705 3809 eoque
1738 3725 1870 3812 ictu
1906 3749 2012 3792 me
2048 3726 2132 3790 ad
2167 3748 2387 3792 casum
2423 3724 2589 3792 dari:

930 3817 1100 3881 exim
1133 3829 1519 3902 prostratum
1552 3828 1742 3896 terra,
1778 3820 2059 3904 graviter
2095 3820 2404 3897 saucium,

929 3911 1301 3996 resupinum
1333 3913 1409 3977 in
1439 3913 1615 3978 caelo
1654 3915 1940 3980 contueri
1972 3915 2325 3981 maximum
2361 3935 2438 3978 ac
2514 3927 2517 3931 ’

928 4005 1269 4071 mirificum
1301 4006 1581 4072 facinus.
1620 4007 2023 4074 dextrorsum
2058 4010 2281 4076 orbem
2316 4009 2688 4074 flammeum

927 4097 1246 4165 radiatum
1282 4101 1431 4167 solis
1465 4101 1697 4185 liquier
1732 4123 1923 4168 cursu
1954 4124 2143 4169 novo.
