3292 4559
853 331 960 388 DE
993 328 1322 388 DEORUM
1357 331 1685 390 NATURA
1717 331 1795 387 11.
1833 333 2139 390 130—136.
2447 324 2527 389 81

474 467 722 523 tantum
752 455 1096 522 laborasse.
1161 477 1446 539 quorum·
1467 455 1667 542 igitur
1700 478 1897 520 causa
1932 457 2073 541 quis
2112 457 2341 526 dixerit
2377 459 2533 526 effe-

477 567 646 616 ctum
699 573 837 616 esse
889 549 1242 614 mundum?
1292 571 1517 615 eorum
1571 549 1813 615 scilicet
1864 553 2313 630 animantium,
2366 575 2533 637 quae

474 648 712 712 ratione
745 657 1034 711 utuntur.
1121 645 1194 710 hi
1227 658 1378 712 sunt
1413 646 1479 710 di
1515 658 1579 712 et
1613 645 1936 752 homines,
1974 647 2208 731 quibus
2244 649 2532 734 profecto

472 741 628 807 nihil
665 752 762 807 est
795 741 1054 818 melius3
1099 741 1261 806 ratio
1297 752 1393 806 est
1437 741 1638 817 enim,
1693 763 1859 825 quae
1894 753 2176 828 praestet
2212 744 2531 808 omnibus

472 837 560 900 ita
599 836 676 901 fit
719 835 1021 902 credibile
1069 835 1334 902 deorum
1376 847 1444 902 et
1493 836 1829 900 hominum
1874 859 2069 901 causa
2108 837 2355 902 factum
2394 861 2533 904 esse

472 931 784 996 mundum
820 951 1114 1014 quaeque
1148 931 1215 994 in
1253 953 1330 996 eo
1377 933 1504 996 sint
1537 932 1771 997 omnia.
1827 1008 1831 1012 .
1858 933 2241 1016 facibusque
2285 933 2533 1000 intelle·
2568 953 2639 1008 54

473 1035 661 1110 getur
695 1047 736 1089 a
761 1023 858 1088 dis
893 1025 1336 1090 inmortalibus
1371 1023 1738 1091 hominibus
1767 1048 1909 1092 >esse
1944 1028 2293 1111 provisum,
2330 1029 2387 1092 si
2412 1029 2533 1092 erit

474 1131 610 1182 tota
643 1118 917 1184 hominis
953 1118 1290 1184 fabricatio
1323 1131 1661 1206 perspecta
1694 1120 2029 1204 omnisque
2064 1121 2383 1186 humanae
2419 1143 2535 1186 na·-

469 1223 656 1279 turae
717 1212 926 1298 figura
975 1224 1179 1322 ‘atque
1231 1213 1558 1300 perfectio.
1664 1237 1815 1280 nam
1870 1237 2017 1280 cum
2072 1215 2276 1280 tribus
2338 1216 2532 1303 rebus
2561 1239 2639 1280 ιιι

473 1306 892 1371 animantium
927 1307 1062 1373 vita
1096 1318 1407 1386 teneatur,
1439 1309 1610 1387 (nbc,
1648 1311 1930 1394 potione,
1970 1309 2217 1394 spiritu,
2256 1311 2340 1375 ad
2376 1309 2536 1374 haec
2716 1304 2719 1305 ⁷

474 1401 686 1466 omnia
735 1401 1146 1486 percipienda
1199 1425 1270 1468 os
1324 1415 1422 1470 est
1485 1404 1916 1490 aptissimum,
1980 1404 2154 1513 quod
2220 1404 2535 1470 adiunctis

472 1495 734 1560 naribus
770 1497 996 1581 spiritu
1031 1509 1304 1584 augetur
1315 1523 1334 1576 3
1382 1498 1683 1564 dentibus
1728 1510 1945 1564 autem
1995 1499 2065 1564 in
2098 1521 2211 1564 ore
2246 1510 2535 1565 constru-

475 1589 590 1654 ctis
627 1590 953 1656 manditur
997 1602 1190 1676 atque
1225 1594 1610 1657 extenuatur
1645 1603 1709 1658 et
1752 1593 2013 1658 molitur
2048 1593 2257 1658 cibus:
2312 1614 2535 1658 eorum

475 1684 724 1748 adversi
769 1684 943 1750 acuti
986 1706 1206 1750 morsu
1253 1686 1548 1750 dividunt
1583 1707 1789 1762 escas,
1844 1687 2051 1751 intimi
2086 1699 2303 1753 autem
2340 1687 2535 1752 confi-

474 1777 670 1853 ciunt,
697 1777 809 1861 qui
833 1779 1097 1862 genuini
1123 1790 1455 1856 vocantur,
1487 1800 1654 1863 quae
1680 1780 1998 1844 confectio
2026 1781 2219 1845 etiam
2248 1803 2287 1846 a
2312 1781 2535 1865 lingua

475 1869 765 1934 adiuvari
797 1871 1068 1934 videtur.
1131 1872 1420 1956 linguam
1451 1883 1665 1937 autem
1692 1874 1775 1935 ad
1809 1873 2055 1938 radices
2092 1874 2233 1938 eius
2263 1873 2533 1939 haerens
2561 1893 2637 1936 ιιι

475 1963 714 2048 excipit
757 1963 1156 2041 stomachus,
1203 1985 1332 2048 quo
1368 1967 1648 2048 primum
1682 1965 2055 2030 inlabuntur
2092 1989 2188 2042 ea,
2226 1987 2393 2050 quae
2430 1989 2535 2031 ac-

475 2069 663 2144 cepta
716 2069 866 2122 sunt
918 2079 1054 2136 ore3
1105 2058 1166 2122 is
1189 2129 1198 2135 ,
1219 2070 1492 2142 utraque
1543 2083 1626 2125 ex
1679 2073 1862 2145 parte
1914 2059 2159 2126 tosillas
2213 2062 2534 2146 attingens

472 2152 688 2237 palato
726 2162 1012 2218 extremo
1048 2166 1241 2236 atque
1276 2152 1500 2218 intimo
1536 2154 1931 2219 terminatur.
2014 2165 2205 2238 atque
2241 2156 2295 2219 is
2332 2156 2536 2240 agita-

475 2248 649 2312 tione
687 2258 752 2312 et
799 2246 1081 2311 motibus
1125 2248 1384 2333 linguae
1421 2269 1568 2313 cum
1605 2249 1947 2334 depulsum
1985 2259 2047 2314 et
2093 2250 2277 2332 quasi
2323 2249 2537 2314 detru-

475 2361 616 2406 sum
670 2341 886 2407 cibum
933 2341 1206 2427 accepit,
1263 2342 1550 2428 depellit3
1603 2343 1806 2429 ipsius
1866 2354 2081 2408 autem
2134 2354 2347 2430 partes
2401 2363 2535 2420 eae,

472 2457 640 2520 quae
665 2447 818 2500 sunt
843 2435 1012 2501 infra
1031 2458 1226 2521 quam
1254 2437 1340 2514 id,
1379 2437 1554 2521 quod
1569 2438 1933 2514 devoratur,
1968 2429 2337 2516 dilatantur,
2369 2459 2536 2522 quae

473 2542 689 2598 autem
727 2552 941 2617 supra,
977 2531 1456 2597 contrahuntur.
1485 2557 1488 2562 ·
1549 2527 1664 2598 sed
1697 2552 1848 2596 cum
1886 2555 2115 2618 aspera
2150 2533 2403 2610 arteria,
2442 2533 2533 2598 sic
2562 2558 2638 2598 136

474 2627 645 2693 enim
695 2649 736 2692 a
785 2627 1052 2692 medicis
1115 2619 1502 2714 appellatur,
1567 2629 1801 2693 ostium
1865 2627 2101 2694 habeat
2164 2629 2537 2693 adiunctum

472 2722 731 2808 linguae
765 2722 1088 2788 radicibus
1101 2768 1119 2799 ,
1152 2724 1348 2807 paulo
1383 2737 1578 2808 supra
1614 2745 1811 2807 quam
1848 2723 1931 2787 ad
1974 2723 2262 2808 linguam
2299 2737 2535 2788 stoma—

475 2817 634 2881 chus
673 2815 1060 2891 adnectitur,
1097 2837 1303 2899 eaque
1341 2817 1424 2880 ad
1457 2817 1795 2900 pulmones
1831 2838 2039 2900 usque
2074 2817 2389 2904 pertineat
2426 2840 2535 2882 ex-

475 2909 800 2994 cipiatque
837 2909 1145 2986 animam,
1183 2932 1326 2975 eam
1361 2929 1532 2993 quae
1568 2911 1762 2976 ducta
1798 2923 1895 2976 est
1928 2912 2187 2997 spirita,
2231 2912 2535 2977 eandem-

475 3025 604 3088 que
658 3026 698 3066 a
747 3001 1159 3086 pulmonibus
1210 3004 1479 3089 respiret
1529 3017 1596 3069 et
1647 3005 1903 3082 reddat,
1968 3005 2205 3091 tegitur
2256 3006 2537 3090 quodam

475 3097 662 3182 quasi
695 3096 1026 3182 opercu10‚
1072 3098 1246 3180 quod
1283 3098 1366 3162 ob
1413 3118 1556 3162 eam
1593 3119 1853 3164 causam
1888 3100 2109 3164 datum
2128 3113 2271 3187 Uest,
2314 3125 2427 3178 ne,
2483 3103 2537 3166 si

476 3191 636 3276 quid
683 3190 753 3255 in
807 3213 950 3256 eam
1003 3190 1128 3255 cibi
1179 3191 1345 3257 forte
1395 3188 1751 3271 incidisset,
1814 3195 2070 3280 spiritus
2122 3195 2535 3282 inpediretur.

477 3285 594 3352 sed
640 3306 788 3350 cum
831 3284 960 3350 alvi
1003 3297 1236 3351 natura
1279 3286 1567 3352 subiecta
1613 3289 1943 3354 stomacho
1980 3289 2109 3355 cibi
2154 3301 2218 3354 et
2261 3291 2536 3376 potionis

477 3383 562 3446 sit
613 3381 1118 3466 receptaculum,
1179 3382 1516 3466 pulmones
1585 3393 1801 3447 autem
1855 3394 1920 3448 et
1980 3405 2089 3448 cor
2143 3384 2537 3469 extrinsecus

477 3477 774 3563 spiritum
809 3475 1075 3554 ducant,
1121 3477 1189 3541 in
1237 3477 1380 3542 alvo
1427 3479 1651 3564 multa,
1676 3489 1825 3544 sunt
1868 3479 2243 3544 mirabiliter
2288 3477 2537 3554 effecta,

478 3593 648 3656 quae
683 3582 930 3636 constat
975 3570 1110 3636 fere
1146 3593 1182 3636 e
1219 3572 1462 3650 nerviS,
1517 3585 1614 3638 est
1661 3585 1873 3639 autem
1920 3573 2257 3658 multiplex
2303 3581 2367 3636 et
2410 3582 2538 3635 tor-

477 3683 666 3730 tuosa
717 3677 1018 3748 arcetque
1069 3677 1134 3732 et
1186 3667 1495 3744 continet,
1551 3669 1687 3734 sive
1740 3668 1901 3732 illud
1956 3667 2205 3732 aridum
2248 3675 2354 3731 ‘est
2403 3666 2539 3730 >sive

477 3760 772 3825 umidum
813 3759 990 3846 quod
1030 3762 1303 3846 recepit,
1359 3773 1430 3826 ut
1473 3761 1542 3826 id
1583 3763 1819 3828 mutari
1864 3773 1929 3828 et
1966 3761 2275 3844 concoqui
2319 3760 2537 3846 possit,

482 3875 690 3938 eaque
725 3865 862 3918 tum
899 3855 1290 3942 astringitur,
1327 3867 1465 3920 tum
1499 3858 1844 3933 relaxatur,
1884 3867 2075 3938 atque
2113 3874 2327 3932 omne,
2365 3855 2540 3937 quod

483 3948 760 4034 accepit,
815 3951 988 4034 cogit
1035 3962 1099 4014 et
1151 3951 1512 4029 confundit,
1567 3962 1642 4015 ut
1695 3951 1883 4015 facile
1934 3961 1998 4016 et
2051 3950 2290 4027 calore,
2346 3971 2539 4032 quem

482 4042 757 4107 multum
808 4043 1034 4121 habet,
1099 4055 1164 4110 et
1218 4047 1482 4111 terendo
1535 4057 1600 4110 et
1664 4053 1994 4130 praeterea
2045 4043 2272 4129 spiritu
2327 4045 2539 4108 omnia
2607 4051 2619 4062 ⁸

481 4147 670 4202 cocta
704 4150 894 4218 atque
929 4137 1222 4204 confecta
1263 4139 1331 4204 in
1365 4139 1685 4224 reliquum
1730 4159 1961 4224 corpus
1998 4137 2384 4205 dividantur.
2473 4135 2539 4202 in
2571 4151 2647 4208 55

593 4235 806 4280 Ciceronis
824 4238 906 4280 vol.
928 4237 1011 4282 VII.
2132 4237 2165 4294 6
