3292 4559
325 12 1125 181 τ’

1160 323 1367 397 οΑΤο
1404 324 1654 383 MAioR
1687 305 1928 382 28434.
2447 312 2580 380 245

495 452 779 528 etenim,
835 460 909 515 ut
954 450 1043 515 ait
1085 450 1443 527 Homerus,
1498 457 1609 515 ‘ex
1654 450 1791 517 eius
1833 450 2056 536 lingua
2099 451 2288 518 melle
2334 451 2582 518 dulcior

494 547 753 614 fluebat
799 544 1003 611 oratio
1014 543 1054 621 ,⁹
1109 567 1304 629 quam
1358 544 1442 611 ad
1496 544 1879 611 suavitatem
1921 545 2114 611 nullis
2160 546 2395 633 egebat
2437 568 2578 614 cor-

502 640 685 728 poris
720 639 997 704 viribust
1034 650 1103 705 et
1134 650 1352 705 tamen
1388 639 1521 705 dux
1554 640 1662 705 ille
1694 637 2010 706 Graeciae
2043 658 2366 727 nusquam
2398 652 2577 728 optat

512 747 589 803 ut
630 733 845 801 Aiacis
881 733 1105 800 similis
1140 732 1379 801 habeat
1413 734 1657 809 decem,
1695 734 1812 801 sed
1846 745 1918 799 ut
1952 734 2273 813 Nestoris,
2309 736 2488 823 quod
2521 736 2577 801 si

506 829 638 894 sibi
672 828 1005 907 acciderit,
1050 848 1181 893 non
1216 827 1467 894 dubitat
1501 828 1658 913 quin
1692 828 1874 895 brevi
1918 829 2000 895 sit
2033 828 2230 895 Troia
2274 830 2576 917 peritura.

478 924 631 991 ‘sed
663 924 856 991 redeo
893 923 979 989 ad
1019 945 1151 990 me:
1207 934 1507 1009 quartum
1543 945 1670 1012 ago
1705 946 1948 989 annum
1982 935 2048 991 et
2083 926 2577 1011 octogesimum3
2621 946 2672 987 aa

506 1019 751 1085 vellem
792 1018 1091 1102 equidem
1131 1018 1305 1085 idem
1348 1040 1604 1105 possem
1646 1018 1909 1105 gloriari
1954 1019 2130 1104 quod
2165 1017 2412 1106 Cyrus,
2464 1021 2579 1089 sed

504 1107 740 1178 tamen
770 1112 886 1179 hoc
920 1131 1090 1198 queo
1127 1113 1337 1180 dicere
1351 1160 1369 1192 ,
1416 1106 1547 1180 non
1580 1136 1688 1181 me
1723 1114 1984 1199 quidem
2018 1114 2098 1180 iis
2136 1136 2276 1181 esse
2311 1114 2576 1194 viribus,

502 1206 757 1293 quibus
789 1218 901 1273 aut
944 1207 1130 1274 miles
1165 1207 1334 1274 bello
1368 1207 1621 1276 Punico
1658 1220 1772 1275 aut
1806 1220 2108 1293 quaestor
2147 1201 2376 1277 eodem
2409 1208 2579 1277 bello

504 1312 637 1367 aut
670 1304 889 1368 consul
922 1302 992 1367 in
1009 1302 1329 1389 Hispania
1362 1303 1596 1369 fuerim
1631 1314 1745 1368 aut
1779 1304 2201 1389 quadriennio
2226 1316 2392 1391 post,
2428 1327 2576 1371 cum

512 1395 819 1462 tribunus
852 1396 1144 1462 militaris
1181 1397 1550 1484 depugnavi
1584 1399 1760 1484 apud
1786 1398 2252 1488 Thermopylas
2279 1399 2398 1465 Μ’.
2421 1397 2582 1467 Gla-

516 1491 747 1558 brione
784 1492 1074 1570 consule,
1110 1493 1229 1559 sed
1262 1504 1507 1572 tamen,
1543 1503 1617 1558 ut
1651 1516 1766 1559 vos
1800 1495 2051 1573 videtis,
2087 1516 2216 1560 non
2250 1495 2440 1583 plane
2474 1516 2579 1560 me

508 1587 883 1666 enervavit,
934 1607 1066 1652 non
1109 1587 1357 1679 adflixit
1403 1599 1726 1667 senectus3
1778 1610 1909 1654 non
1962 1589 2142 1656 curia
2194 1589 2349 1653 viris
2404 1610 2582 1655 meas

506 1679 860 1759 desiderat,
895 1702 1027 1748 non
1053 1690 1277 1761 rostra,
1312 1702 1442 1747 non
1478 1682 1687 1762 amici,
1723 1703 1853 1748 non
1879 1683 2162 1758 clientes,
2199 1701 2329 1747 non
2364 1681 2583 1766 hospi-

504 1788 633 1842 tes.
706 1798 825 1841 nec
861 1776 1034 1842 enim
1068 1797 1375 1861 umquam
1403 1800 1549 1842 sum
1584 1776 1896 1843 adsensus
1929 1776 2132 1843 veteri
2163 1776 2258 1841 illi
2291 1775 2582 1842 laudato-

502 1892 647 1954 que
681 1870 1018 1956 proverbio
1031 1919 1051 1950 ,
1104 1872 1278 1956 quod
1312 1882 1559 1952 monet,
1614 1880 1866 1936 mature
1899 1870 2039 1937 fieri
2073 1892 2322 1946 senem,
2377 1870 2435 1935 si
2470 1868 2582 1934 diu

510 1964 681 2030 velis
735 1986 932 2031 senex
984 1988 1154 2031 esse:
1210 1987 1334 2053 ego
1386 1986 1540 2031 vero
1593 1988 1700 2031 me
1751 1963 1964 2031 minus
2015 1965 2128 2029 diu
2179 1985 2398 2031 senem
2442 1984 2584 2031 esse

508 2060 779 2125 mallem
814 2082 1012 2145 quam
1040 2082 1179 2127 esse
1207 2084 1427 2128 senem
1463 2070 1611 2126 ante
1640 2080 1838 2144 quam
1871 2081 2077 2127 essem
2089 2084 2108 2137 3
2142 2059 2359 2143 itaque
2393 2080 2582 2124 nemo

501 2154 735 2219 adhuc
786 2155 1121 2221 convenire
1173 2178 1281 2221 me
1332 2155 1535 2222 voluit
1587 2155 1692 2222 cui
1754 2154 1985 2221 fuerim
2039 2164 2408 2241 occupatus.
2515 2164 2582 2219 at
2622 2170 2673 2210 ³³

504 2248 735 2313 minus
771 2248 973 2315 habeo
1008 2248 1242 2315 virium
1277 2270 1472 2334 quam
1509 2262 1796 2317 vestrum
1830 2249 2091 2315 utervis.
2170 2272 2253 2316 ne
2288 2269 2403 2314 vos
2439 2248 2582 2334 qui-

502 2344 680 2408 dem
710 2340 791 2405 T.
820 2342 1038 2409 Pontii
1073 2344 1459 2409 centurionis
1494 2344 1648 2410 viris
1684 2343 1963 2411 habetis:
2009 2366 2164 2410 num
2210 2343 2450 2409 idcirco
2488 2353 2585 2407 est

504 2437 633 2504 ille
670 2438 1123 2522 praestantior?
1158 2439 1511 2507 moderatio
1545 2439 1737 2505 modo
1774 2439 2006 2504 virium
2035 2438 2202 2504 adsit
2236 2450 2302 2503 et
2333 2448 2584 2503 tantum

508 2542 834 2617 quantum
875 2544 1085 2620 potest
1129 2535 1399 2619 quisque
1434 2535 1704 2601 nitatur:
1757 2558 1840 2601 ne
1875 2534 1983 2600 ille
2026 2556 2156 2599 non
2199 2554 2434 2620 magno
2472 2532 2584 2599 de-

508 2627 756 2693 siderio
791 2629 1113 2695 tenebit-ur
1146 2629 1398 2694 virium.
1489 2627 1839 2715 Olympiae
1874 2652 1990 2715 per
2025 2628 2304 2695 stadium
2337 2627 2584 2713 ingres-

508 2742 633 2787 sus
686 2744 826 2788 esse
877 2722 1041 2788 Milo
1097 2723 1356 2801 dicitur,
1420 2746 1567 2791 cum
1629 2724 1867 2789 umeris
1922 2724 2260 2790 sustineret
2318 2719 2580 2785 bovem:

510 2827 739 2882 utrum
773 2815 973 2902 igitur
1016 2815 1133 2883 has
1168 2818 1453 2903 corporis
1491 2840 1576 2882 an
1608 2816 2023 2903 Pythagorae
2059 2816 2176 2881 tibi
2210 2814 2396 2880 malis
2429 2813 2580 2878 viris

510 2909 761 2995 ingenii
796 2910 971 2975 dari?
1034 2911 1310 2996 denique
1343 2912 1465 2977 isto
1502 2911 1676 2977 bono
1721 2923 1932 2987 utare,
1987 2910 2143 2975 dum
2187 2908 2354 2974 adsit
2361 2933 2380 2985 3
2435 2928 2585 2973 cum

508 3004 708 3082 absit,
743 3026 825 3070 nc
851 3003 1159 3089 requiras,
1197 3006 1322 3071 nisi
1356 3006 1521 3073 forte
1552 3004 1995 3072 adulescentes
2029 3004 2390 3091 pueritiam,
2425 3024 2586 3089 pau-

510 3102 659 3166 lum
720 3110 931 3166 aetate
989 3102 1312 3188 progressi
1378 3100 1881 3167 adulescentiam
1945 3099 2182 3167 debent
2242 3097 2582 3183 requirere.

504 3214 747 3259 cursus
792 3204 891 3260 est
932 3205 1142 3261 certus
1191 3196 1419 3261 aetatis
1465 3205 1529 3261 et
1574 3218 1706 3260 una
1740 3194 1848 3259 via
1890 3205 2157 3260 naturae
2193 3215 2396 3278 eaque
2433 3194 2585 3257 sim-

510 3289 707 3375 plex,
760 3309 1007 3373 suaque
1049 3290 1282 3374 cuique
1317 3290 1485 3376 parti
1522 3289 1748 3355 aetatis
1786 3288 2246 3375 tempestivitas
2281 3297 2379 3351 est
2414 3285 2582 3361 data,

510 3394 599 3447 ut
637 3392 705 3445 et
734 3381 1061 3449 infirmitas
1105 3406 1451 3472 puerorum
1486 3395 1551 3450 et
1584 3383 1883 3449 ferocitas
1919 3384 2227 3447 iuvenum
2263 3389 2328 3445 et
2369 3376 2584 3463 gravi-

512 3488 627 3542 tas
662 3474 795 3539 iam
828 3478 1169 3544 constantis
1196 3477 1422 3544 aetatis
1452 3488 1519 3543 et
1553 3477 1899 3544 senectutis
1934 3474 2267 3539 maturitas
2293 3470 2583 3536 naturale

516 3568 833 3653 quiddam
868 3570 1131 3650 habeat,
1175 3572 1353 3656 quod
1388 3593 1506 3637 suo
1540 3582 1827 3658 tempore
1872 3567 2116 3656 percipi
2150 3565 2399 3632 debeat..
2472 3583 2586 3627 au·
2627 3580 2680 3620 34

516 3664 665 3729 dire
705 3675 771 3731 te
823 3665 1124 3743 arbitror,
1179 3665 1395 3753 Scipio
1408 3712 1427 3744 ,
1481 3665 1716 3752 hospes
1769 3675 1916 3730 tuus
1976 3660 2186 3727 avitus
2238 3657 2588 3725 Masinissa

522 3780 693 3841 quae
727 3760 926 3826 faciat
960 3760 1151 3827 hodie
1186 3762 1539 3847 nonaginta
1573 3772 1764 3826 natus
1801 3780 2031 3824 annosz
2079 3778 2227 3823 cum
2259 3755 2586 3840 ingressus

518 3852 654 3917 iter
682 3854 959 3940 pedibus
1007 3856 1121 3933 sit,
1173 3855 1242 3921 in
1278 3876 1516 3940 equum
1553 3852 1814 3919 omnino
1848 3872 1979 3917 non
2017 3850 2392 3925 ascendere,
2441 3868 2589 3911 cum

518 3958 742 4013 autem
778 3969 972 4033 equo,
1008 3972 1091 4015 ex
1126 3971 1291 4034 equo
1325 3971 1456 4015 non
1493 3946 1909 4025 descendere3
1943 3944 2122 4010 nullo
2156 3941 2378 4019 imbri,
2413 3938 2589 4005 nullo

520 4040 769 4129 frigore
806 4042 1042 4109 adduci
1088 4054 1163 4108 ut
1208 4043 1415 4130 capite
1462 4052 1685 4129 operto
1721 4042 1804 4107 sit
1813 4066 1832 4119 ;
1886 4060 2204 4106 summam
2238 4058 2377 4103 esse
2411 4034 2480 4101 in
2514 4056 2591 4099 eo

515 4137 819 4225 corporis
858 4136 1237 4215 siccitatem,
1273 4138 1491 4223 itaque
1528 4137 1743 4202 omnia
1778 4134 2044 4221 exsequi
2077 4133 2248 4221 regis
2282 4131 2494 4199 officia
2528 4141 2594 4195 et
