3292 4559
275 0 330 402 ι
1247 263 1451 321 CATO
1488 264 1741 322 MAIOR
1777 265 2015 321 73—78.
2534 252 2661 319 259

601 401 780 457 stans
815 389 945 454 iam
978 386 1242 475 requirit
1277 398 1484 465 aetas,
1520 410 1688 472 quae
1722 387 1937 453 media
1972 387 2240 453 dicitur?
2283 398 2434 453 sunt
2469 389 2663 454 etiam

603 485 740 551 eius
774 484 1025 549 aetatis:
1061 505 1145 548 ne
1181 504 1260 547 ea
1292 482 1554 565 quidem
1589 494 1983 567 quaeruntur
2016 482 2085 547 in
2118 494 2473 559 senectute3
2512 494 2661 548 sunt

599 592 888 647 extrema
931 578 1247 665 quaedam
1294 577 1506 643 studia
1557 578 1923 644 senectutis.
2010 600 2197 665 erg0,
2249 590 2323 643 ut
2374 578 2661 665 superio-

599 698 744 739 rum
778 685 1061 740 aetatum
1088 672 1302 739 studia
1329 672 1650 750 occidunt,
1687 673 1779 737 sic
1808 672 2108 737 occidunt
2138 672 2332 737 etiam
2367 684 2663 738 senectu-

599 770 709 834 tis:
765 768 939 853 quod
993 790 1144 834 cum
1197 766 1441 845 evenit,
1495 768 1753 833 satietas
1806 766 1978 832 vitae
2030 777 2283 852 tempus
2336 777 2663 831 maturum

599 862 823 929 mortis
857 862 1084 928 adfert.

729 956 882 1021 Non
917 955 1087 1021 enim
1116 955 1304 1020 video
1336 976 1470 1032 cur,
1505 953 1663 1039 quid
1696 954 1836 1040 ipse
1863 954 2135 1019 sentiam
2162 954 2243 1018 de
2270 954 2495 1031 morte,
2529 978 2661 1020 non
2694 950 2764 1004 21

601 1050 877 1115 audeam
919 1050 1104 1114 vobis
1151 1049 1362 1115 dicere
1377 1096 1394 1125 ,
1447 1049 1624 1132 quod
1670 1070 1747 1114 eo
1795 1070 2055 1113 cernere
2096 1048 2255 1112 mihi
2296 1048 2523 1114 melius
2566 1049 2662 1112 vi·
2706 1024 2755 1063 Π

601 1144 776 1221 deor,
813 1164 942 1228 quo
979 1144 1063 1208 ab
1099 1166 1176 1209 ea
1210 1144 1473 1229 propius
1510 1143 1759 1207 absum.
1848 1165 1969 1229 ego
2006 1153 2253 1208 vestros
2288 1154 2531 1229 patres,
2567 1154 2659 1221 tu,

602 1236 852 1324 Scipio,
889 1248 1117 1323 tuque,
1154 1237 1372 1316 Laeli,
1408 1238 1580 1303 viros
1615 1238 1997 1303 clarissimos
2032 1237 2319 1322 mihique
2354 1238 2662 1303 amicissi-

601 1332 823 1408 simos,
876 1333 1092 1398 vivere
1137 1332 1410 1397 arbitror
1452 1343 1517 1398 et
1568 1354 1713 1398 eam
1764 1332 2029 1416 quidem
2077 1331 2300 1409 vitam,
2356 1353 2521 1415 quae
2564 1343 2664 1396 est

600 1427 740 1492 sola
791 1426 924 1492 vita
971 1427 1388 1492 nominanda:
1443 1449 1624 1503 nam,
1679 1428 1836 1492 dum
1888 1448 2109 1492 sumus
2162 1426 2393 1492 inclusi
2444 1427 2513 1491 in
2564 1426 2663 1490 his

601 1521 996 1607 conpagibus
1025 1522 1326 1607 corporis,
1361 1544 1626 1587 munere
1656 1522 1937 1605 quodam
1966 1522 2359 1589 necessitatis
2387 1532 2453 1585 et
2479 1522 2665 1607 gravi

599 1638 793 1702 opere
837 1615 1286 1703 perfungimur
1293 1640 1314 1694 3
1367 1628 1466 1683 est
1511 1618 1685 1682 enim
1730 1616 1983 1681 animus
2028 1616 2319 1681 caelestis
2358 1638 2441 1680 ex
2486 1616 2663 1679 altis-

601 1710 761 1773 simo
809 1709 1128 1775 domicilio
1173 1711 1515 1795 depressus
1563 1721 1629 1775 et
1681 1709 1867 1793 quasi
1911 1710 2241 1775 demersus
2292 1709 2361 1773 in
2405 1720 2661 1785 terram,

599 1804 814 1868 locum
871 1802 1126 1868 divinae
1179 1814 1445 1869 naturae
1499 1803 1988 1886 aeternitatique
2041 1803 2446 1868 contrarium.
2548 1804 2662 1868 sed

602 1896 794 1961 credo
846 1896 1002 1961 deos
1045 1896 1400 1962 inmortalis
1443 1896 1753 1981 sparsisse
1800 1898 2045 1961 animos
2097 1897 2167 1961 in
2225 1917 2493 1982 corpora
2544 1896 2665 1960 hu-

601 2012 822 2067 mana,
876 2000 950 2055 ut
993 2005 1205 2056 essent
1247 1991 1360 2074 qui
1394 2002 1596 2056 terras
1655 2001 1986 2056 tuerentur
2019 1991 2257 2075 quique
2294 1992 2667 2056 caelestium

603 2082 891 2149 ordinem
918 2085 1422 2170 contemplantes
1449 2084 1849 2151 imitarentur
1875 2107 2024 2150 eum
2050 2085 2221 2151 vitae
2250 2086 2441 2150 modo
2470 2096 2661 2169 atque

603 2177 978 2243 constantia.
1065 2200 1186 2244 nec
1221 2202 1325 2243 me
1362 2178 1571 2243 solum
1614 2178 1777 2243 ratio
1813 2201 1890 2243 ac
1924 2180 2272 2266 disputatio
2318 2180 2551 2266 inpulit
2591 2191 2665 2245 ut

601 2270 692 2336 ita
727 2271 1073 2349 crederem,
1109 2271 1224 2337 sed
1256 2272 1556 2337 nobilitas
1593 2273 1789 2337 etiam
1824 2295 2219 2339 summorum
2253 2272 2665 2361 philosopho-

601 2387 746 2430 rum
781 2377 843 2432 et
879 2366 1240 2431 auctoritas.
1330 2366 1675 2433 audiebam
1706 2366 2150 2454 Pythagoram
2183 2368 2663 2454 Pythagoreos·—
2707 2401 2759 2441 ¹18

601 2481 758 2544 que,
809 2460 1048 2526 incolas
1083 2483 1289 2547 paene
1326 2473 1609 2539 nostros,
1665 2463 1777 2546 qui
1812 2473 2025 2528 essent
2058 2462 2268 2527 Italici
2300 2462 2663 2549 philosophi

603 2555 927 2637 quondam
959 2555 1290 2633 nominati,
1323 2578 1680 2641 numquam
1716 2557 2043 2623 dubitasse
2072 2558 2230 2641 quin
2258 2581 2340 2623 ex
2365 2558 2665 2623 universa

601 2659 814 2714 mente
867 2648 1086 2714 divina
1131 2650 1447 2716 delibatos
1492 2651 1739 2715 animos
1794 2651 2178 2718 haberemus
2192 2677 2212 2730 3
2267 2652 2664 2717 demonstra-

602 2741 836 2805 bantur
879 2742 1037 2807 mihi
1079 2754 1412 2827 praeterea
1455 2767 1621 2829 quae
1660 2743 1960 2811 Socrates
2005 2766 2305 2832 supremo
2352 2745 2523 2810 vitae
2560 2746 2663 2811 die

601 2835 686 2899 de
720 2836 1170 2902 inmortalitate
1206 2838 1565 2904 animorum
1599 2838 2033 2917 disseruisset,
2077 2840 2133 2905 is
2170 2840 2282 2925 qui
2324 2851 2494 2906 esset
2526 2861 2665 2904 om—

603 2928 786 2992 nium
835 2927 1337 3012 sapientissimus
1383 2931 1709 3016 Apollinis
1761 2934 2020 3000 oraculo
2073 2931 2409 3001 iudicatus.
2508 2934 2665 3018 quid

603 3019 845 3085 multa?
897 3020 990 3086 sic
1021 3022 1180 3087 mihi
1214 3026 1535 3109 persuasi,
1573 3026 1667 3091 sic
1702 3026 1937 3104 sentio,
1973 3050 2125 3093 cum
2158 3040 2337 3095 tanta
2372 3029 2662 3095 celeritas

600 3114 965 3179 animorum
991 3114 1092 3192 sit,
1117 3126 1296 3181 tanta
1321 3119 1630 3184 memoria
1656 3122 2143 3206 praeteritorum
2172 3122 2663 3207 futurorumque

602 3208 973 3295 prudentia,
1025 3220 1119 3274 tot
1155 3220 1322 3277 artes
1359 3210 1606 3299 [tantae
1643 3214 1975 3303 scientiae]
1989 3264 2008 3295 ,
2054 3227 2149 3283 tot
2191 3216 2481 3293 inventa,
2532 3236 2663 3279 non

603 3324 792 3388 posse
829 3324 970 3369 eam
1005 3314 1328 3382 naturam,
1364 3327 1531 3390 quae
1564 3331 1669 3374 res
1705 3332 1813 3375 eas
1848 3312 2173 3377 contineat
2186 3358 2206 3389 ,
2254 3333 2394 3376 esse
2428 3318 2667 3374 morta—

603 3398 731 3463 lem
742 3420 761 3473 ς
823 3418 1100 3482 cumque
1161 3421 1414 3487 semper
1464 3402 1743 3489 agitetur
1795 3404 2045 3469 animus
2097 3426 2219 3471 nec
2280 3402 2665 3490 principium

603 3501 816 3557 motus
867 3490 1102 3558 habeat
1113 3537 1134 3570 ,
1187 3495 1340 3579 quia
1383 3518 1454 3561 se
1510 3498 1651 3583 ipse
1694 3510 1977 3575 moveat,
2032 3520 2113 3563 ne
2155 3498 2351 3563 finem
2402 3496 2665 3580 quidem

604 3584 974 3651 habiturum
1009 3608 1150 3653 esse
1183 3601 1418 3667 motus,
1456 3591 1610 3674 quia
1633 3613 1988 3675 numquam
2023 3615 2093 3658 se
2126 3592 2265 3678 ipse
2293 3591 2377 3655 sit
2408 3589 2665 3655 relictu-

605 3702 716 3743 rus
723 3704 746 3757 3
781 3690 847 3745 et
881 3700 1030 3746 cum
1063 3680 1336 3768 simplex
1370 3684 1569 3749 animi
1602 3697 1835 3751 natura
1862 3697 2030 3753 esset
2062 3708 2272 3770 neque
2307 3683 2573 3751 haberet
2596 3682 2666 3748 in

605 3797 677 3838 se
722 3777 1068 3861 quicquam
1111 3778 1468 3845 admixtum
1512 3779 1731 3865 dispar
1772 3781 1874 3845 sui
1916 3792 2110 3865 atque
2146 3779 2482 3856 dissimile,
2534 3800 2665 3843 non

605 3890 793 3953 posse
827 3893 976 3937 eum
1011 3872 1230 3952 dividi,
1263 3874 1442 3958 quod
1475 3874 1531 3939 si
1563 3896 1696 3939 non
1729 3875 1961 3961 possit,
1995 3896 2127 3940 non
2163 3896 2353 3962 posse
2386 3872 2664 3950 interire,

607 3984 972 4049 magnoque
1017 3988 1158 4033 esse
1201 3980 1583 4055 argumento
1627 3968 1921 4035 homines
1966 3968 2129 4037 scire
2173 3971 2479 4056 pleraque
2516 3978 2665 4033 ante

287 4077 296 4134 ι
603 4078 804 4141 quam
835 4060 974 4125 nati
1007 4060 1164 4139 sint,
1217 4064 1390 4147 quod
1422 4064 1553 4130 iam
1594 4064 1811 4153 pueri,
1862 4088 2012 4131 cum
2056 4066 2210 4131 artis
2256 4064 2532 4131 difficilis
2569 4062 2670 4126 di-

278 4145 327 4509 ‚s
