<?xml version="1.0" encoding="UTF-8"?>
<!DOCTYPE html PUBLIC "-//W3C//DTD XHTML 1.0 Transitional//EN"
    "http://www.w3.org/TR/xhtml1/DTD/xhtml1-transitional.dtd">
<html xmlns="http://www.w3.org/1999/xhtml" xml:lang="en" lang="en">
 <head>
  <title>
</title>
<meta http-equiv="Content-Type" content="text/html;charset=utf-8" />
  <meta name='ocr-system' content='tesseract 3.04.00' />
  <meta name='ocr-capabilities' content='ocr_page ocr_carea ocr_par ocr_line ocrx_word'/>
</head>
<body>
  <div class='ocr_page' id='page_1' title='image "./mtulliiciceroni03unkngoog_0491.png"; bbox 0 0 3292 4559; ppageno 0'>
   <div class='ocr_carea' id='block_1_1' title="bbox 1149 292 2568 360">
    <p class='ocr_par' dir='ltr' id='par_1_1' title="bbox 1149 292 2568 360">
     <span class='ocr_line' id='line_1_1' title="bbox 1149 292 2568 360; baseline 0 -3"><span class='ocrx_word' id='word_1_1' title='bbox 1149 342 1154 347; x_wconf 85' lang='lat'>.</span> <span class='ocrx_word' id='word_1_2' title='bbox 1265 301 1610 360; x_wconf 83' lang='lat' dir='ltr'>TIMAEUS</span> <span class='ocrx_word' id='word_1_3' title='bbox 1636 304 1816 359; x_wconf 78' lang='grc'><strong>3-4.</strong></span> <span class='ocrx_word' id='word_1_4' title='bbox 1890 352 1895 358; x_wconf 91' lang='grc'><strong><em>,</em></strong></span> <span class='ocrx_word' id='word_1_5' title='bbox 2442 292 2568 357; x_wconf 85' lang='grc'><strong>133</strong></span> 
     </span>
    </p>
   </div>
   <div class='ocr_carea' id='block_1_2' title="bbox 508 423 2573 888">
    <p class='ocr_par' dir='ltr' id='par_1_2' title="bbox 508 423 2573 888">
     <span class='ocr_line' id='line_1_2' title="bbox 512 423 2573 511; baseline 0.002 -19"><span class='ocrx_word' id='word_1_6' title='bbox 512 426 672 492; x_wconf 86' lang='lat' dir='ltr'><strong>haec</strong></span> <span class='ocrx_word' id='word_1_7' title='bbox 715 423 1113 491; x_wconf 85' lang='lat' dir='ltr'><strong>machinatus</strong></span> <span class='ocrx_word' id='word_1_8' title='bbox 1158 434 1284 501; x_wconf 88' lang='lat' dir='ltr'><strong>est,</strong></span> <span class='ocrx_word' id='word_1_9' title='bbox 1337 437 1413 490; x_wconf 90' lang='lat' dir='ltr'><strong>ut</strong></span> <span class='ocrx_word' id='word_1_10' title='bbox 1457 425 1773 511; x_wconf 85' lang='lat' dir='ltr'>originem</span> <span class='ocrx_word' id='word_1_11' title='bbox 1817 448 2032 491; x_wconf 87' lang='lat' dir='ltr'><strong>rerum</strong></span> <span class='ocrx_word' id='word_1_12' title='bbox 2067 436 2132 491; x_wconf 91' lang='lat' dir='ltr'><strong>et</strong></span> <span class='ocrx_word' id='word_1_13' title='bbox 2174 428 2573 497; x_wconf 86' lang='lat' dir='ltr'><strong>molitionem</strong></span> 
     </span>
     <span class='ocr_line' id='line_1_3' title="bbox 511 518 2567 608; baseline 0.002 -23"><span class='ocrx_word' id='word_1_14' title='bbox 511 542 746 587; x_wconf 87' lang='lat' dir='ltr'><strong>novam</strong></span> <span class='ocrx_word' id='word_1_15' title='bbox 790 528 1144 604; x_wconf 85' lang='lat' dir='ltr'><strong>quaereret.</strong></span> <span class='ocrx_word' id='word_1_16' title='bbox 1214 518 1531 603; x_wconf 79' lang='lat' dir='ltr'>probitate</span> <span class='ocrx_word' id='word_1_17' title='bbox 1568 518 1866 584; x_wconf 85' lang='lat' dir='ltr'><strong>videlicet</strong></span> <span class='ocrx_word' id='word_1_18' title='bbox 1898 519 2291 605; x_wconf 80' lang='lat' dir='ltr'><strong>praestabat,</strong></span> <span class='ocrx_word' id='word_1_19' title='bbox 2325 523 2567 608; x_wconf 89' lang='lat' dir='ltr'><strong>probus</strong></span> 
     </span>
     <span class='ocr_line' id='line_1_4' title="bbox 510 611 2571 701; baseline 0.002 -23"><span class='ocrx_word' id='word_1_20' title='bbox 510 625 726 678; x_wconf 85' lang='lat' dir='ltr'><strong>autem</strong></span> <span class='ocrx_word' id='word_1_21' title='bbox 766 611 1012 678; x_wconf 82' lang='lat' dir='ltr'><strong>invidet</strong></span> <span class='ocrx_word' id='word_1_22' title='bbox 1053 611 1326 678; x_wconf 88' lang='lat' dir='ltr'><strong>nemini·</strong></span> <span class='ocrx_word' id='word_1_23' title='bbox 1378 611 1595 697; x_wconf 88' lang='lat' dir='ltr'><strong>itaque</strong></span> <span class='ocrx_word' id='word_1_24' title='bbox 1641 613 1856 678; x_wconf 89' lang='lat' dir='ltr'><strong>omnia</strong></span> <span class='ocrx_word' id='word_1_25' title='bbox 1899 612 2001 677; x_wconf 77' lang='lat' dir='ltr'><strong>sui</strong></span> <span class='ocrx_word' id='word_1_26' title='bbox 2034 613 2265 679; x_wconf 87' lang='lat' dir='ltr'><strong>similia</strong></span> <span class='ocrx_word' id='word_1_27' title='bbox 2297 638 2571 701; x_wconf 86' lang='lat' dir='ltr'><strong>genera-</strong></span> 
     </span>
     <span class='ocr_line' id='line_1_5' title="bbox 510 705 2564 793; baseline 0.001 -21"><span class='ocrx_word' id='word_1_28' title='bbox 510 706 620 772; x_wconf 89' lang='lat' dir='ltr'><strong>vit.</strong></span> <span class='ocrx_word' id='word_1_29' title='bbox 708 705 869 772; x_wconf 86' lang='lat' dir='ltr'><strong>haec</strong></span> <span class='ocrx_word' id='word_1_30' title='bbox 929 706 1232 771; x_wconf 92' lang='lat' dir='ltr'><strong>nimirum</strong></span> <span class='ocrx_word' id='word_1_31' title='bbox 1290 706 1599 793; x_wconf 86' lang='lat' dir='ltr'><strong>gignendi</strong></span> <span class='ocrx_word' id='word_1_32' title='bbox 1659 707 1883 772; x_wconf 88' lang='lat' dir='ltr'><strong>mundi</strong></span> <span class='ocrx_word' id='word_1_33' title='bbox 1944 730 2139 773; x_wconf 86' lang='lat' dir='ltr'><strong>causa</strong></span> <span class='ocrx_word' id='word_1_34' title='bbox 2188 708 2564 775; x_wconf 87' lang='lat' dir='ltr'><strong>iustissima.</strong></span> 
     </span>
     <span class='ocr_line' id='line_1_6' title="bbox 508 799 2571 888; baseline 0.002 -24"><span class='ocrx_word' id='word_1_35' title='bbox 508 822 662 865; x_wconf 89' lang='lat' dir='ltr'><strong>nam</strong></span> <span class='ocrx_word' id='word_1_36' title='bbox 696 821 847 866; x_wconf 90' lang='lat' dir='ltr'><strong>cum</strong></span> <span class='ocrx_word' id='word_1_37' title='bbox 881 799 1313 865; x_wconf 87' lang='lat' dir='ltr'><strong>constituisset</strong></span> <span class='ocrx_word' id='word_1_38' title='bbox 1347 801 1506 865; x_wconf 87' lang='lat' dir='ltr'><strong>deus</strong></span> <span class='ocrx_word' id='word_1_39' title='bbox 1541 801 1728 865; x_wconf 90' lang='lat' dir='ltr'><strong>bonis</strong></span> <span class='ocrx_word' id='word_1_40' title='bbox 1764 800 2059 866; x_wconf 90' lang='lat' dir='ltr'><strong>omnibus</strong></span> <span class='ocrx_word' id='word_1_41' title='bbox 2096 803 2351 888; x_wconf 86' lang='lat' dir='ltr'><strong>explere</strong></span> <span class='ocrx_word' id='word_1_42' title='bbox 2380 827 2571 869; x_wconf 90' lang='lat' dir='ltr'><strong>mun-</strong></span> 
     </span>
    </p>
   </div>
   <div class='ocr_carea' id='block_1_3' title="bbox 510 892 2689 981">
    <p class='ocr_par' dir='ltr' id='par_1_3' title="bbox 510 892 2689 981">
     <span class='ocr_line' id='line_1_7' title="bbox 510 892 2689 981; baseline 0.002 -23"><span class='ocrx_word' id='word_1_43' title='bbox 510 894 687 972; x_wconf 90' lang='lat' dir='ltr'><strong>dum,</strong></span> <span class='ocrx_word' id='word_1_44' title='bbox 723 892 876 958; x_wconf 87' lang='lat' dir='ltr'><strong>mali</strong></span> <span class='ocrx_word' id='word_1_45' title='bbox 909 894 1068 958; x_wconf 86' lang='lat' dir='ltr'><strong>nihil</strong></span> <span class='ocrx_word' id='word_1_46' title='bbox 1103 893 1475 970; x_wconf 79' lang='lat' dir='ltr'>admiscere,</span> <span class='ocrx_word' id='word_1_47' title='bbox 1512 895 1727 977; x_wconf 88' lang='lat' dir='ltr'><strong>quoad</strong></span> <span class='ocrx_word' id='word_1_48' title='bbox 1752 910 1985 959; x_wconf 85' lang='lat' dir='ltr'><strong>natura</strong></span> <span class='ocrx_word' id='word_1_49' title='bbox 2008 906 2352 981; x_wconf 89' lang='lat' dir='ltr'><strong>pateretur,</strong></span> <span class='ocrx_word' id='word_1_50' title='bbox 2389 898 2569 980; x_wconf 90' lang='lat' dir='ltr'><strong>quic-</strong></span> <span class='ocrx_word' id='word_1_51' title='bbox 2686 934 2689 941; x_wconf 95' lang='lat'>·</span> 
     </span>
    </p>
   </div>
   <div class='ocr_carea' id='block_1_4' title="bbox 507 987 2657 4175">
    <p class='ocr_par' dir='ltr' id='par_1_4' title="bbox 507 987 2657 4175">
     <span class='ocr_line' id='line_1_8' title="bbox 511 987 2567 1071; baseline 0.002 -19"><span class='ocrx_word' id='word_1_52' title='bbox 511 988 669 1071; x_wconf 90' lang='lat' dir='ltr'><strong>quid</strong></span> <span class='ocrx_word' id='word_1_53' title='bbox 722 998 888 1063; x_wconf 87' lang='lat' dir='ltr'><strong>erat,</strong></span> <span class='ocrx_word' id='word_1_54' title='bbox 952 987 1125 1071; x_wconf 88' lang='lat' dir='ltr'><strong>quod</strong></span> <span class='ocrx_word' id='word_1_55' title='bbox 1176 987 1244 1051; x_wconf 91' lang='lat' dir='ltr'><strong>in</strong></span> <span class='ocrx_word' id='word_1_56' title='bbox 1296 988 1597 1053; x_wconf 89' lang='lat' dir='ltr'><strong>cernendi</strong></span> <span class='ocrx_word' id='word_1_57' title='bbox 1648 1010 1908 1053; x_wconf 90' lang='lat' dir='ltr'><strong>sensum</strong></span> <span class='ocrx_word' id='word_1_58' title='bbox 1965 989 2249 1065; x_wconf 86' lang='lat' dir='ltr'><strong>caderet,</strong></span> <span class='ocrx_word' id='word_1_59' title='bbox 2312 990 2381 1054; x_wconf 91' lang='lat' dir='ltr'><strong>id</strong></span> <span class='ocrx_word' id='word_1_60' title='bbox 2444 991 2567 1057; x_wconf 89' lang='lat' dir='ltr'><strong>sibi</strong></span> 
     </span>
     <span class='ocr_line' id='line_1_9' title="bbox 511 1081 2565 1166; baseline 0.002 -20"><span class='ocrx_word' id='word_1_61' title='bbox 511 1081 897 1166; x_wconf 80' lang='lat' dir='ltr'><strong>adsumpsit,</strong></span> <span class='ocrx_word' id='word_1_62' title='bbox 942 1102 1074 1146; x_wconf 92' lang='lat' dir='ltr'><strong>non</strong></span> <span class='ocrx_word' id='word_1_63' title='bbox 1108 1082 1526 1164; x_wconf 85' lang='lat' dir='ltr'><strong>tranquillum</strong></span> <span class='ocrx_word' id='word_1_64' title='bbox 1561 1092 1626 1147; x_wconf 90' lang='lat' dir='ltr'><strong>et</strong></span> <span class='ocrx_word' id='word_1_65' title='bbox 1660 1082 1979 1165; x_wconf 90' lang='lat' dir='ltr'><strong>quietum,</strong></span> <span class='ocrx_word' id='word_1_66' title='bbox 2026 1083 2141 1148; x_wconf 90' lang='lat' dir='ltr'><strong>sed</strong></span> <span class='ocrx_word' id='word_1_67' title='bbox 2172 1084 2565 1151; x_wconf 84' lang='lat' dir='ltr'><strong>inmoderate</strong></span> 
     </span>
     <span class='ocr_line' id='line_1_10' title="bbox 509 1173 2568 1259; baseline 0.002 -21"><span class='ocrx_word' id='word_1_68' title='bbox 509 1174 823 1259; x_wconf 86' lang='lat' dir='ltr'><strong>agitatum</strong></span> <span class='ocrx_word' id='word_1_69' title='bbox 858 1185 922 1240; x_wconf 89' lang='lat' dir='ltr'><strong>et</strong></span> <span class='ocrx_word' id='word_1_70' title='bbox 956 1173 1243 1251; x_wconf 87' lang='lat' dir='ltr'><strong>fluitans,</strong></span> <span class='ocrx_word' id='word_1_71' title='bbox 1289 1174 1484 1259; x_wconf 87' lang='lat' dir='ltr'><strong>idque</strong></span> <span class='ocrx_word' id='word_1_72' title='bbox 1519 1198 1600 1240; x_wconf 84' lang='lat' dir='ltr'><strong>ex</strong></span> <span class='ocrx_word' id='word_1_73' title='bbox 1633 1174 1991 1242; x_wconf 85' lang='lat' dir='ltr'><strong>inordinato</strong></span> <span class='ocrx_word' id='word_1_74' title='bbox 2026 1176 2095 1241; x_wconf 89' lang='lat' dir='ltr'><strong>in</strong></span> <span class='ocrx_word' id='word_1_75' title='bbox 2128 1178 2417 1245; x_wconf 87' lang='lat' dir='ltr'><strong>ordinem</strong></span> <span class='ocrx_word' id='word_1_76' title='bbox 2453 1179 2568 1243; x_wconf 76' lang='lat' dir='ltr'><strong>ad-</strong></span> 
     </span>
     <span class='ocr_line' id='line_1_11' title="bbox 512 1267 2566 1355; baseline 0.003 -24"><span class='ocrx_word' id='word_1_77' title='bbox 512 1267 723 1345; x_wconf 81' lang='lat' dir='ltr'><strong>duxit3</strong></span> <span class='ocrx_word' id='word_1_78' title='bbox 772 1268 894 1333; x_wconf 89' lang='lat' dir='ltr'><strong>hoc</strong></span> <span class='ocrx_word' id='word_1_79' title='bbox 931 1269 1100 1333; x_wconf 86' lang='lat' dir='ltr'><strong>enim</strong></span> <span class='ocrx_word' id='word_1_80' title='bbox 1135 1268 1463 1334; x_wconf 86' lang='lat' dir='ltr'><strong>iudicabat</strong></span> <span class='ocrx_word' id='word_1_81' title='bbox 1497 1290 1637 1335; x_wconf 88' lang='lat' dir='ltr'><strong>esse</strong></span> <span class='ocrx_word' id='word_1_82' title='bbox 1672 1270 2119 1355; x_wconf 87' lang='lat' dir='ltr'><strong>praestantius.</strong></span> <span class='ocrx_word' id='word_1_83' title='bbox 2206 1272 2307 1337; x_wconf 86' lang='lat' dir='ltr'><strong>fas</strong></span> <span class='ocrx_word' id='word_1_84' title='bbox 2350 1284 2566 1338; x_wconf 87' lang='lat' dir='ltr'><strong>autem</strong></span> 
     </span>
     <span class='ocr_line' id='line_1_12' title="bbox 511 1363 2567 1452; baseline 0.003 -24"><span class='ocrx_word' id='word_1_85' title='bbox 511 1385 632 1429; x_wconf 91' lang='lat' dir='ltr'><strong>nec</strong></span> <span class='ocrx_word' id='word_1_86' title='bbox 685 1374 783 1429; x_wconf 86' lang='lat' dir='ltr'><strong>est</strong></span> <span class='ocrx_word' id='word_1_87' title='bbox 827 1386 948 1429; x_wconf 90' lang='lat' dir='ltr'><strong>nec</strong></span> <span class='ocrx_word' id='word_1_88' title='bbox 991 1385 1300 1448; x_wconf 89' lang='lat' dir='ltr'><strong>umquam</strong></span> <span class='ocrx_word' id='word_1_89' title='bbox 1343 1363 1470 1429; x_wconf 80' lang='lat' dir='ltr'><strong>fuit</strong></span> <span class='ocrx_word' id='word_1_90' title='bbox 1513 1364 1861 1450; x_wconf 87' lang='lat' dir='ltr'><strong>quiequam</strong></span> <span class='ocrx_word' id='word_1_91' title='bbox 1902 1366 2025 1430; x_wconf 85' lang='lat' dir='ltr'><strong>nisi</strong></span> <span class='ocrx_word' id='word_1_92' title='bbox 2068 1366 2567 1452; x_wconf 88' lang='lat' dir='ltr'><strong>pulcherrimum</strong></span> 
     </span>
     <span class='ocr_line' id='line_1_13' title="bbox 511 1456 2569 1547; baseline 0.002 -26"><span class='ocrx_word' id='word_1_93' title='bbox 511 1458 722 1522; x_wconf 86' lang='lat' dir='ltr'><strong>facere</strong></span> <span class='ocrx_word' id='word_1_94' title='bbox 776 1456 864 1535; x_wconf 90' lang='lat' dir='ltr'><strong>ei,</strong></span> <span class='ocrx_word' id='word_1_95' title='bbox 911 1456 1022 1542; x_wconf 89' lang='lat' dir='ltr'><strong>qui</strong></span> <span class='ocrx_word' id='word_1_96' title='bbox 1070 1468 1240 1525; x_wconf 88' lang='lat' dir='ltr'><strong>esset</strong></span> <span class='ocrx_word' id='word_1_97' title='bbox 1286 1469 1607 1544; x_wconf 84' lang='lat' dir='ltr'><strong>optumus.</strong></span> <span class='ocrx_word' id='word_1_98' title='bbox 1699 1480 1847 1523; x_wconf 90' lang='lat' dir='ltr'><strong>cum</strong></span> <span class='ocrx_word' id='word_1_99' title='bbox 1881 1458 2192 1526; x_wconf 89' lang='lat' dir='ltr'><strong>rationem</strong></span> <span class='ocrx_word' id='word_1_100' title='bbox 2224 1460 2421 1547; x_wconf 88' lang='lat' dir='ltr'><strong>igitur</strong></span> <span class='ocrx_word' id='word_1_101' title='bbox 2451 1461 2569 1526; x_wconf 89' lang='lat' dir='ltr'><strong>ha-</strong></span> 
     </span>
     <span class='ocr_line' id='line_1_14' title="bbox 516 1551 2569 1637; baseline 0.002 -22"><span class='ocrx_word' id='word_1_102' title='bbox 516 1551 753 1615; x_wconf 89' lang='lat' dir='ltr'><strong>buisset</strong></span> <span class='ocrx_word' id='word_1_103' title='bbox 767 1597 786 1627; x_wconf 92' lang='lat'><strong>,</strong></span> <span class='ocrx_word' id='word_1_104' title='bbox 830 1551 1190 1637; x_wconf 85' lang='lat' dir='ltr'><strong>reperiebat</strong></span> <span class='ocrx_word' id='word_1_105' title='bbox 1221 1551 1382 1616; x_wconf 92' lang='lat' dir='ltr'><strong>nihil</strong></span> <span class='ocrx_word' id='word_1_106' title='bbox 1419 1574 1558 1617; x_wconf 89' lang='lat' dir='ltr'><strong>esse</strong></span> <span class='ocrx_word' id='word_1_107' title='bbox 1595 1574 1847 1629; x_wconf 89' lang='lat' dir='ltr'><strong>eorum,</strong></span> <span class='ocrx_word' id='word_1_108' title='bbox 1884 1574 2050 1635; x_wconf 87' lang='lat' dir='ltr'><strong>quae</strong></span> <span class='ocrx_word' id='word_1_109' title='bbox 2084 1565 2315 1619; x_wconf 86' lang='lat' dir='ltr'><strong>natura</strong></span> <span class='ocrx_word' id='word_1_110' title='bbox 2350 1578 2569 1621; x_wconf 90' lang='lat' dir='ltr'><strong>cerne-</strong></span> 
     </span>
     <span class='ocr_line' id='line_1_15' title="bbox 512 1645 2657 1756; baseline 0.002 -47"><span class='ocrx_word' id='word_1_111' title='bbox 512 1657 759 1721; x_wconf 89' lang='lat' dir='ltr'><strong>rentur,</strong></span> <span class='ocrx_word' id='word_1_112' title='bbox 821 1645 1268 1731; x_wconf 78' lang='lat' dir='ltr'><strong>inintellegens</strong></span> <span class='ocrx_word' id='word_1_113' title='bbox 1330 1646 1741 1731; x_wconf 82' lang='lat' dir='ltr'><strong>intellegente</strong></span> <span class='ocrx_word' id='word_1_114' title='bbox 1792 1645 1860 1710; x_wconf 90' lang='lat' dir='ltr'><strong>in</strong></span> <span class='ocrx_word' id='word_1_115' title='bbox 1910 1656 2043 1710; x_wconf 90' lang='lat' dir='ltr'><strong>toto</strong></span> <span class='ocrx_word' id='word_1_116' title='bbox 2094 1669 2331 1732; x_wconf 84' lang='lat' dir='ltr'><strong>genere</strong></span> <span class='ocrx_word' id='word_1_117' title='bbox 2369 1671 2567 1756; x_wconf 33' lang='lat' dir='ltr'><strong>‘prae-</strong></span> <span class='ocrx_word' id='word_1_118' title='bbox 2650 1676 2657 1683; x_wconf 84' lang='lat'><strong>·</strong></span> 
     </span>
     <span class='ocr_line' id='line_1_16' title="bbox 513 1738 2567 1825; baseline 0.003 -24"><span class='ocrx_word' id='word_1_119' title='bbox 513 1738 814 1814; x_wconf 85' lang='lat' dir='ltr'><strong>stantius3</strong></span> <span class='ocrx_word' id='word_1_120' title='bbox 887 1739 1188 1821; x_wconf 79' lang='lat' dir='ltr'><strong>quocirca</strong></span> <span class='ocrx_word' id='word_1_121' title='bbox 1253 1738 1758 1825; x_wconf 85' lang='lat' dir='ltr'><strong>intellegentiam</strong></span> <span class='ocrx_word' id='word_1_122' title='bbox 1832 1739 1900 1803; x_wconf 90' lang='lat' dir='ltr'><strong>in</strong></span> <span class='ocrx_word' id='word_1_123' title='bbox 1968 1739 2181 1804; x_wconf 89' lang='lat' dir='ltr'><strong>animo</strong></span> <span class='ocrx_word' id='word_1_124' title='bbox 2193 1788 2211 1818; x_wconf 94' lang='lat'><strong>,</strong></span> <span class='ocrx_word' id='word_1_125' title='bbox 2282 1741 2567 1809; x_wconf 90' lang='lat' dir='ltr'><strong>animum</strong></span> 
     </span>
     <span class='ocr_line' id='line_1_17' title="bbox 513 1831 2567 1918; baseline 0.002 -23"><span class='ocrx_word' id='word_1_126' title='bbox 513 1831 821 1895; x_wconf 83' lang='lat' dir='ltr'><strong>inclusit</strong></span> <span class='ocrx_word' id='word_1_127' title='bbox 802 1854 870 1894; x_wconf 89' lang='lat' dir='ltr'><strong>m</strong></span> <span class='ocrx_word' id='word_1_128' title='bbox 905 1853 1198 1915; x_wconf 88' lang='lat' dir='ltr'><strong>corpore.</strong></span> <span class='ocrx_word' id='word_1_129' title='bbox 1238 1832 1330 1897; x_wconf 88' lang='lat' dir='ltr'><strong>sic</strong></span> <span class='ocrx_word' id='word_1_130' title='bbox 1364 1842 1540 1897; x_wconf 89' lang='lat' dir='ltr'><strong>ratus</strong></span> <span class='ocrx_word' id='word_1_131' title='bbox 1578 1844 1677 1897; x_wconf 88' lang='lat' dir='ltr'><strong>est</strong></span> <span class='ocrx_word' id='word_1_132' title='bbox 1710 1854 1873 1918; x_wconf 91' lang='lat' dir='ltr'><strong>opus</strong></span> <span class='ocrx_word' id='word_1_133' title='bbox 1906 1832 2067 1899; x_wconf 90' lang='lat' dir='ltr'><strong>illud</strong></span> <span class='ocrx_word' id='word_1_134' title='bbox 2095 1833 2396 1899; x_wconf 87' lang='lat' dir='ltr'><strong>effectum</strong></span> <span class='ocrx_word' id='word_1_135' title='bbox 2426 1857 2567 1901; x_wconf 88' lang='lat' dir='ltr'><strong>esse</strong></span> 
     </span>
     <span class='ocr_line' id='line_1_18' title="bbox 511 1924 2568 2011; baseline 0.002 -22"><span class='ocrx_word' id='word_1_136' title='bbox 511 1924 1032 2011; x_wconf 88' lang='lat' dir='ltr'><strong>pulcherrimum.</strong></span> <span class='ocrx_word' id='word_1_137' title='bbox 1121 1946 1317 2009; x_wconf 89' lang='lat' dir='ltr'><strong>quam</strong></span> <span class='ocrx_word' id='word_1_138' title='bbox 1369 1926 1454 1990; x_wconf 92' lang='lat' dir='ltr'><strong>ob</strong></span> <span class='ocrx_word' id='word_1_139' title='bbox 1507 1948 1769 1991; x_wconf 84' lang='lat' dir='ltr'><strong>causam</strong></span> <span class='ocrx_word' id='word_1_140' title='bbox 1818 1948 1951 1991; x_wconf 93' lang='lat' dir='ltr'><strong>non</strong></span> <span class='ocrx_word' id='word_1_141' title='bbox 1994 1938 2093 1992; x_wconf 87' lang='lat' dir='ltr'><strong>est</strong></span> <span class='ocrx_word' id='word_1_142' title='bbox 2135 1929 2568 1994; x_wconf 87' lang='lat' dir='ltr'><strong>cunctandum</strong></span> 
     </span>
     <span class='ocr_line' id='line_1_19' title="bbox 513 2018 2567 2107; baseline 0.002 -25"><span class='ocrx_word' id='word_1_143' title='bbox 513 2018 824 2104; x_wconf 86' lang='lat' dir='ltr'><strong>profiteri,</strong></span> <span class='ocrx_word' id='word_1_144' title='bbox 879 2018 934 2082; x_wconf 89' lang='lat' dir='ltr'><strong>si</strong></span> <span class='ocrx_word' id='word_1_145' title='bbox 985 2019 1177 2083; x_wconf 87' lang='lat' dir='ltr'><strong>modo</strong></span> <span class='ocrx_word' id='word_1_146' title='bbox 1223 2018 1597 2104; x_wconf 86' lang='lat' dir='ltr'><strong>investigari</strong></span> <span class='ocrx_word' id='word_1_147' title='bbox 1644 2020 1888 2104; x_wconf 87' lang='lat' dir='ltr'><strong>aliquid</strong></span> <span class='ocrx_word' id='word_1_148' title='bbox 1933 2020 2295 2087; x_wconf 87' lang='lat' dir='ltr'><strong>coniectura</strong></span> <span class='ocrx_word' id='word_1_149' title='bbox 2336 2033 2567 2107; x_wconf 90' lang='lat' dir='ltr'><strong>potest,</strong></span> 
     </span>
     <span class='ocr_line' id='line_1_20' title="bbox 514 2112 2569 2201; baseline 0.002 -23"><span class='ocrx_word' id='word_1_150' title='bbox 514 2114 686 2178; x_wconf 87' lang='lat' dir='ltr'><strong>hune</strong></span> <span class='ocrx_word' id='word_1_151' title='bbox 737 2113 1049 2177; x_wconf 90' lang='lat' dir='ltr'><strong>mundum</strong></span> <span class='ocrx_word' id='word_1_152' title='bbox 1103 2112 1340 2181; x_wconf 84' lang='lat' dir='ltr'><strong>animal</strong></span> <span class='ocrx_word' id='word_1_153' title='bbox 1395 2136 1534 2180; x_wconf 90' lang='lat' dir='ltr'><strong>esse</strong></span> <span class='ocrx_word' id='word_1_154' title='bbox 1577 2114 1775 2200; x_wconf 89' lang='lat' dir='ltr'><strong>idque</strong></span> <span class='ocrx_word' id='word_1_155' title='bbox 1818 2115 2197 2201; x_wconf 85' lang='lat' dir='ltr'><strong>intellegens</strong></span> <span class='ocrx_word' id='word_1_156' title='bbox 2243 2126 2308 2182; x_wconf 89' lang='lat' dir='ltr'><strong>et</strong></span> <span class='ocrx_word' id='word_1_157' title='bbox 2350 2116 2569 2183; x_wconf 88' lang='lat' dir='ltr'><strong>divina</strong></span> 
     </span>
     <span class='ocr_line' id='line_1_21' title="bbox 512 2207 2642 2294; baseline 0.002 -22"><span class='ocrx_word' id='word_1_158' title='bbox 512 2207 914 2293; x_wconf 83' lang='lat' dir='ltr'><strong>providentia</strong></span> <span class='ocrx_word' id='word_1_159' title='bbox 967 2208 1399 2273; x_wconf 87' lang='lat' dir='ltr'><strong>constitutum.</strong></span> <span class='ocrx_word' id='word_1_160' title='bbox 1486 2208 1611 2274; x_wconf 91' lang='lat' dir='ltr'><strong>hoc</strong></span> <span class='ocrx_word' id='word_1_161' title='bbox 1663 2208 1870 2294; x_wconf 86' lang='lat' dir='ltr'><strong>posito</strong></span> <span class='ocrx_word' id='word_1_162' title='bbox 1916 2210 2090 2293; x_wconf 88' lang='lat' dir='ltr'><strong>quod</strong></span> <span class='ocrx_word' id='word_1_163' title='bbox 2138 2210 2426 2294; x_wconf 87' lang='lat' dir='ltr'><strong>sequitur</strong></span> <span class='ocrx_word' id='word_1_164' title='bbox 2471 2212 2567 2277; x_wconf 88' lang='lat' dir='ltr'><strong>vi·</strong></span> <span class='ocrx_word' id='word_1_165' title='bbox 2636 2276 2642 2287; x_wconf 10' lang='grc' dir='ltr'><strong>,Α</strong></span> 
     </span>
     <span class='ocr_line' id='line_1_22' title="bbox 513 2301 2567 2390; baseline 0.001 -23"><span class='ocrx_word' id='word_1_166' title='bbox 513 2302 798 2367; x_wconf 91' lang='lat' dir='ltr'><strong>dendum</strong></span> <span class='ocrx_word' id='word_1_167' title='bbox 857 2310 982 2379; x_wconf 90' lang='lat' dir='ltr'><strong>est,</strong></span> <span class='ocrx_word' id='word_1_168' title='bbox 1047 2301 1380 2367; x_wconf 86' lang='lat' dir='ltr'><strong>cuiusnam</strong></span> <span class='ocrx_word' id='word_1_169' title='bbox 1445 2302 1865 2371; x_wconf 86' lang='lat' dir='ltr'><strong>animantium</strong></span> <span class='ocrx_word' id='word_1_170' title='bbox 1927 2304 2085 2369; x_wconf 90' lang='lat' dir='ltr'><strong>deus</strong></span> <span class='ocrx_word' id='word_1_171' title='bbox 2146 2304 2215 2369; x_wconf 86' lang='lat' dir='ltr'><strong>in</strong></span> <span class='ocrx_word' id='word_1_172' title='bbox 2267 2305 2567 2390; x_wconf 86' lang='lat' dir='ltr'><strong>fingendo</strong></span> 
     </span>
     <span class='ocr_line' id='line_1_23' title="bbox 511 2393 2569 2485; baseline 0.002 -26"><span class='ocrx_word' id='word_1_173' title='bbox 511 2394 752 2460; x_wconf 90' lang='lat' dir='ltr'><strong>mundo</strong></span> <span class='ocrx_word' id='word_1_174' title='bbox 805 2393 1285 2461; x_wconf 89' lang='lat' dir='ltr'><strong>similitudinem</strong></span> <span class='ocrx_word' id='word_1_175' title='bbox 1345 2408 1604 2463; x_wconf 88' lang='lat' dir='ltr'><strong>secutus</strong></span> <span class='ocrx_word' id='word_1_176' title='bbox 1672 2398 1783 2462; x_wconf 85' lang='lat' dir='ltr'><strong>sit:</strong></span> <span class='ocrx_word' id='word_1_177' title='bbox 1870 2398 2106 2463; x_wconf 89' lang='lat' dir='ltr'><strong>nullius</strong></span> <span class='ocrx_word' id='word_1_178' title='bbox 2160 2398 2447 2485; x_wconf 81' lang='lat' dir='ltr'><strong>profecto</strong></span> <span class='ocrx_word' id='word_1_179' title='bbox 2498 2399 2569 2463; x_wconf 92' lang='lat' dir='ltr'><strong>id</strong></span> 
     </span>
     <span class='ocr_line' id='line_1_24' title="bbox 511 2489 2568 2574; baseline 0.003 -21"><span class='ocrx_word' id='word_1_180' title='bbox 511 2489 791 2573; x_wconf 88' lang='lat' dir='ltr'><strong>quidem,</strong></span> <span class='ocrx_word' id='word_1_181' title='bbox 829 2511 995 2574; x_wconf 90' lang='lat' dir='ltr'><strong>quae</strong></span> <span class='ocrx_word' id='word_1_182' title='bbox 1033 2500 1180 2555; x_wconf 88' lang='lat' dir='ltr'><strong>sunt</strong></span> <span class='ocrx_word' id='word_1_183' title='bbox 1213 2489 1398 2555; x_wconf 90' lang='lat' dir='ltr'><strong>nobis</strong></span> <span class='ocrx_word' id='word_1_184' title='bbox 1433 2502 1586 2557; x_wconf 88' lang='lat' dir='ltr'><strong>nota</strong></span> <span class='ocrx_word' id='word_1_185' title='bbox 1620 2491 2000 2569; x_wconf 84' lang='lat' dir='ltr'><strong>animantia3</strong></span> <span class='ocrx_word' id='word_1_186' title='bbox 2037 2503 2189 2559; x_wconf 87' lang='lat' dir='ltr'><strong>sunt.</strong></span> <span class='ocrx_word' id='word_1_187' title='bbox 2222 2492 2395 2559; x_wconf 91' lang='lat' dir='ltr'><strong>enim</strong></span> <span class='ocrx_word' id='word_1_188' title='bbox 2429 2516 2568 2559; x_wconf 91' lang='lat' dir='ltr'><strong>om-</strong></span> 
     </span>
     <span class='ocr_line' id='line_1_25' title="bbox 509 2584 2566 2671; baseline 0.002 -22"><span class='ocrx_word' id='word_1_189' title='bbox 509 2585 618 2649; x_wconf 88' lang='lat' dir='ltr'><strong>nia</strong></span> <span class='ocrx_word' id='word_1_190' title='bbox 672 2584 739 2649; x_wconf 88' lang='lat' dir='ltr'><strong>in</strong></span> <span class='ocrx_word' id='word_1_191' title='bbox 793 2584 1110 2671; x_wconf 80' lang='lat' dir='ltr'><strong>quaedam</strong></span> <span class='ocrx_word' id='word_1_192' title='bbox 1161 2607 1402 2671; x_wconf 89' lang='lat' dir='ltr'><strong>genera</strong></span> <span class='ocrx_word' id='word_1_193' title='bbox 1447 2586 1683 2671; x_wconf 86' lang='lat' dir='ltr'><strong>partita</strong></span> <span class='ocrx_word' id='word_1_194' title='bbox 1727 2596 1841 2652; x_wconf 83' lang='lat' dir='ltr'><strong>aut</strong></span> <span class='ocrx_word' id='word_1_195' title='bbox 1882 2585 2212 2663; x_wconf 89' lang='lat' dir='ltr'><strong>inchoata,</strong></span> <span class='ocrx_word' id='word_1_196' title='bbox 2264 2588 2441 2652; x_wconf 87' lang='lat' dir='ltr'><strong>nulla</strong></span> <span class='ocrx_word' id='word_1_197' title='bbox 2484 2611 2566 2653; x_wconf 87' lang='lat' dir='ltr'><strong>ex</strong></span> 
     </span>
     <span class='ocr_line' id='line_1_26' title="bbox 509 2678 2565 2765; baseline 0 -20"><span class='ocrx_word' id='word_1_198' title='bbox 509 2688 690 2765; x_wconf 85' lang='lat' dir='ltr'><strong>parte</strong></span> <span class='ocrx_word' id='word_1_199' title='bbox 752 2678 1067 2763; x_wconf 84' lang='lat' dir='ltr'><strong>perfecta3</strong></span> <span class='ocrx_word' id='word_1_200' title='bbox 1137 2678 1490 2765; x_wconf 78' lang='lat' dir='ltr'><strong>inperfecto</strong></span> <span class='ocrx_word' id='word_1_201' title='bbox 1551 2690 1769 2745; x_wconf 83' lang='lat' dir='ltr'><strong>autem</strong></span> <span class='ocrx_word' id='word_1_202' title='bbox 1831 2701 1951 2745; x_wconf 89' lang='lat' dir='ltr'><strong>nec</strong></span> <span class='ocrx_word' id='word_1_203' title='bbox 2014 2678 2307 2745; x_wconf 84' lang='lat' dir='ltr'><strong>absoluto</strong></span> <span class='ocrx_word' id='word_1_204' title='bbox 2360 2680 2565 2746; x_wconf 89' lang='lat' dir='ltr'><strong>simile</strong></span> 
     </span>
     <span class='ocr_line' id='line_1_27' title="bbox 509 2769 2567 2857; baseline 0.001 -21"><span class='ocrx_word' id='word_1_205' title='bbox 509 2771 851 2857; x_wconf 88' lang='lat' dir='ltr'><strong>pulchrum</strong></span> <span class='ocrx_word' id='word_1_206' title='bbox 917 2794 1057 2836; x_wconf 91' lang='lat' dir='ltr'><strong>esse</strong></span> <span class='ocrx_word' id='word_1_207' title='bbox 1110 2769 1269 2836; x_wconf 85' lang='lat' dir='ltr'><strong>nihil</strong></span> <span class='ocrx_word' id='word_1_208' title='bbox 1320 2782 1551 2857; x_wconf 78' lang='lat' dir='ltr'><strong>potest.</strong></span> <span class='ocrx_word' id='word_1_209' title='bbox 1651 2773 1832 2837; x_wconf 89' lang='lat' dir='ltr'><strong>cuius</strong></span> <span class='ocrx_word' id='word_1_210' title='bbox 1885 2794 2039 2857; x_wconf 89' lang='lat' dir='ltr'><strong>ergo</strong></span> <span class='ocrx_word' id='word_1_211' title='bbox 2090 2794 2279 2837; x_wconf 91' lang='lat' dir='ltr'><strong>omne</strong></span> <span class='ocrx_word' id='word_1_212' title='bbox 2332 2773 2567 2839; x_wconf 84' lang='lat' dir='ltr'><strong>animal</strong></span> 
     </span>
     <span class='ocr_line' id='line_1_28' title="bbox 507 2864 2568 2951; baseline 0.001 -23"><span class='ocrx_word' id='word_1_213' title='bbox 507 2865 696 2948; x_wconf 86' lang='lat' dir='ltr'><strong>quasi</strong></span> <span class='ocrx_word' id='word_1_214' title='bbox 730 2864 1042 2948; x_wconf 84' lang='lat' dir='ltr'><strong>particula</strong></span> <span class='ocrx_word' id='word_1_215' title='bbox 1077 2865 1394 2946; x_wconf 88' lang='lat' dir='ltr'><strong>quaedam</strong></span> <span class='ocrx_word' id='word_1_216' title='bbox 1431 2875 1545 2940; x_wconf 90' lang='lat' dir='ltr'><strong>est,</strong></span> <span class='ocrx_word' id='word_1_217' title='bbox 1582 2865 1720 2930; x_wconf 83' lang='lat' dir='ltr'><strong>sive</strong></span> <span class='ocrx_word' id='word_1_218' title='bbox 1754 2864 1823 2928; x_wconf 91' lang='lat' dir='ltr'><strong>in</strong></span> <span class='ocrx_word' id='word_1_219' title='bbox 1858 2866 2124 2951; x_wconf 86' lang='lat' dir='ltr'><strong>singulis</strong></span> <span class='ocrx_word' id='word_1_220' title='bbox 2161 2866 2295 2930; x_wconf 89' lang='lat' dir='ltr'><strong>sive</strong></span> <span class='ocrx_word' id='word_1_221' title='bbox 2331 2866 2400 2930; x_wconf 92' lang='lat' dir='ltr'><strong>in</strong></span> <span class='ocrx_word' id='word_1_222' title='bbox 2424 2868 2568 2930; x_wconf 90' lang='lat' dir='ltr'><strong>uni-</strong></span> 
     </span>
     <span class='ocr_line' id='line_1_29' title="bbox 511 2958 2567 3043; baseline 0.001 -20"><span class='ocrx_word' id='word_1_223' title='bbox 511 2979 698 3023; x_wconf 84' lang='lat' dir='ltr'><strong>verso</strong></span> <span class='ocrx_word' id='word_1_224' title='bbox 743 2978 977 3043; x_wconf 89' lang='lat' dir='ltr'><strong>genere</strong></span> <span class='ocrx_word' id='word_1_225' title='bbox 1022 2968 1346 3035; x_wconf 86' lang='lat' dir='ltr'><strong>cernatur,</strong></span> <span class='ocrx_word' id='word_1_226' title='bbox 1392 2958 1529 3023; x_wconf 88' lang='lat' dir='ltr'><strong>eius</strong></span> <span class='ocrx_word' id='word_1_227' title='bbox 1565 2958 1839 3023; x_wconf 86' lang='lat' dir='ltr'><strong>similem</strong></span> <span class='ocrx_word' id='word_1_228' title='bbox 1873 2960 2185 3023; x_wconf 91' lang='lat' dir='ltr'><strong>mundum</strong></span> <span class='ocrx_word' id='word_1_229' title='bbox 2219 2981 2359 3025; x_wconf 91' lang='lat' dir='ltr'><strong>esse</strong></span> <span class='ocrx_word' id='word_1_230' title='bbox 2392 2960 2567 3026; x_wconf 90' lang='lat' dir='ltr'><strong>dica-</strong></span> 
     </span>
     <span class='ocr_line' id='line_1_30' title="bbox 512 3049 2567 3159; baseline 0 -42"><span class='ocrx_word' id='word_1_231' title='bbox 512 3074 677 3117; x_wconf 87' lang='lat' dir='ltr'><strong>mus.</strong></span> <span class='ocrx_word' id='word_1_232' title='bbox 766 3072 986 3115; x_wconf 90' lang='lat' dir='ltr'><strong>omnes</strong></span> <span class='ocrx_word' id='word_1_233' title='bbox 1022 3049 1230 3159; x_wconf 40' lang='lat' dir='ltr'><strong>’igitur</strong></span> <span class='ocrx_word' id='word_1_234' title='bbox 1274 3050 1386 3134; x_wconf 89' lang='lat' dir='ltr'><strong>qui</strong></span> <span class='ocrx_word' id='word_1_235' title='bbox 1431 3050 1643 3115; x_wconf 89' lang='lat' dir='ltr'><strong>animo</strong></span> <span class='ocrx_word' id='word_1_236' title='bbox 1690 3061 2041 3118; x_wconf 88' lang='lat' dir='ltr'><strong>cernuntur</strong></span> <span class='ocrx_word' id='word_1_237' title='bbox 2084 3064 2149 3117; x_wconf 90' lang='lat' dir='ltr'><strong>et</strong></span> <span class='ocrx_word' id='word_1_238' title='bbox 2190 3054 2435 3119; x_wconf 88' lang='lat' dir='ltr'><strong>ratione</strong></span> <span class='ocrx_word' id='word_1_239' title='bbox 2469 3054 2567 3118; x_wconf 90' lang='lat' dir='ltr'><strong>in-</strong></span> 
     </span>
     <span class='ocr_line' id='line_1_31' title="bbox 513 3144 2563 3253; baseline 0 -41"><span class='ocrx_word' id='word_1_240' title='bbox 513 3146 904 3253; x_wconf 71' lang='lat' dir='ltr'><strong>telleguptur</strong></span> <span class='ocrx_word' id='word_1_241' title='bbox 937 3144 1292 3209; x_wconf 84' lang='lat' dir='ltr'><strong>animantes</strong></span> <span class='ocrx_word' id='word_1_242' title='bbox 1328 3145 1646 3231; x_wconf 85' lang='lat' dir='ltr'><strong>conplexu</strong></span> <span class='ocrx_word' id='word_1_243' title='bbox 1681 3145 1944 3210; x_wconf 86' lang='lat' dir='ltr'><strong>rationis</strong></span> <span class='ocrx_word' id='word_1_244' title='bbox 1981 3157 2045 3211; x_wconf 85' lang='lat' dir='ltr'><strong>et</strong></span> <span class='ocrx_word' id='word_1_245' title='bbox 2073 3146 2563 3234; x_wconf 86' lang='lat' dir='ltr'><strong>intellegentiae,</strong></span> 
     </span>
     <span class='ocr_line' id='line_1_32' title="bbox 513 3237 2566 3325; baseline -0 -19"><span class='ocrx_word' id='word_1_246' title='bbox 513 3240 683 3307; x_wconf 90' lang='lat' dir='ltr'><strong>sicut</strong></span> <span class='ocrx_word' id='word_1_247' title='bbox 715 3237 1006 3303; x_wconf 89' lang='lat' dir='ltr'><strong>homines</strong></span> <span class='ocrx_word' id='word_1_248' title='bbox 1042 3237 1164 3302; x_wconf 93' lang='lat' dir='ltr'><strong>hoc</strong></span> <span class='ocrx_word' id='word_1_249' title='bbox 1198 3240 1439 3304; x_wconf 88' lang='lat' dir='ltr'><strong>mundo</strong></span> <span class='ocrx_word' id='word_1_250' title='bbox 1476 3251 1540 3305; x_wconf 88' lang='lat' dir='ltr'><strong>et</strong></span> <span class='ocrx_word' id='word_1_251' title='bbox 1573 3241 1855 3325; x_wconf 89' lang='lat' dir='ltr'><strong>pecudes</strong></span> <span class='ocrx_word' id='word_1_252' title='bbox 1892 3250 1957 3305; x_wconf 87' lang='lat' dir='ltr'><strong>et</strong></span> <span class='ocrx_word' id='word_1_253' title='bbox 1984 3241 2215 3317; x_wconf 87' lang='lat' dir='ltr'><strong>omnia,</strong></span> <span class='ocrx_word' id='word_1_254' title='bbox 2252 3264 2417 3325; x_wconf 86' lang='lat' dir='ltr'><strong>quae</strong></span> <span class='ocrx_word' id='word_1_255' title='bbox 2446 3241 2566 3306; x_wconf 90' lang='lat' dir='ltr'><strong>sub</strong></span> 
     </span>
     <span class='ocr_line' id='line_1_33' title="bbox 509 3332 2569 3443; baseline 0 -44"><span class='ocrx_word' id='word_1_256' title='bbox 509 3345 848 3443; x_wconf 79' lang='lat' dir='ltr'><strong>aspectum</strong></span> <span class='ocrx_word' id='word_1_257' title='bbox 881 3332 1138 3409; x_wconf 86' lang='lat' dir='ltr'><strong>cadunt,</strong></span> <span class='ocrx_word' id='word_1_258' title='bbox 1174 3333 1798 3418; x_wconf 77' lang='lat' dir='ltr'><strong>conprehendantur.</strong></span> <span class='ocrx_word' id='word_1_259' title='bbox 1868 3334 2043 3418; x_wconf 85' lang='lat' dir='ltr'><strong>quod</strong></span> <span class='ocrx_word' id='word_1_260' title='bbox 2077 3335 2247 3399; x_wconf 89' lang='lat' dir='ltr'><strong>enim</strong></span> <span class='ocrx_word' id='word_1_261' title='bbox 2274 3335 2569 3420; x_wconf 90' lang='lat' dir='ltr'><strong>pulcher-</strong></span> 
     </span>
     <span class='ocr_line' id='line_1_34' title="bbox 511 3426 2570 3513; baseline -0.001 -20"><span class='ocrx_word' id='word_1_262' title='bbox 511 3426 749 3493; x_wconf 85' lang='lat' dir='ltr'><strong>rimum</strong></span> <span class='ocrx_word' id='word_1_263' title='bbox 783 3426 851 3490; x_wconf 92' lang='lat' dir='ltr'><strong>in</strong></span> <span class='ocrx_word' id='word_1_264' title='bbox 885 3448 1102 3492; x_wconf 90' lang='lat' dir='ltr'><strong>rerum</strong></span> <span class='ocrx_word' id='word_1_265' title='bbox 1136 3436 1367 3491; x_wconf 87' lang='lat' dir='ltr'><strong>natura</strong></span> <span class='ocrx_word' id='word_1_266' title='bbox 1401 3427 1689 3513; x_wconf 87' lang='lat' dir='ltr'><strong>intellegi</strong></span> <span class='ocrx_word' id='word_1_267' title='bbox 1723 3438 1934 3512; x_wconf 92' lang='lat' dir='ltr'><strong>potest</strong></span> <span class='ocrx_word' id='word_1_268' title='bbox 1970 3438 2033 3493; x_wconf 89' lang='lat' dir='ltr'><strong>et</strong></span> <span class='ocrx_word' id='word_1_269' title='bbox 2069 3428 2245 3510; x_wconf 86' lang='lat' dir='ltr'><strong>quod</strong></span> <span class='ocrx_word' id='word_1_270' title='bbox 2279 3451 2360 3492; x_wconf 85' lang='lat' dir='ltr'><strong>ex</strong></span> <span class='ocrx_word' id='word_1_271' title='bbox 2396 3427 2570 3492; x_wconf 89' lang='lat' dir='ltr'><strong>omni</strong></span> 
     </span>
     <span class='ocr_line' id='line_1_35' title="bbox 511 3520 2569 3609; baseline -0.001 -22"><span class='ocrx_word' id='word_1_272' title='bbox 511 3532 692 3609; x_wconf 85' lang='lat' dir='ltr'><strong>parte</strong></span> <span class='ocrx_word' id='word_1_273' title='bbox 729 3520 1276 3586; x_wconf 88' lang='lat' dir='ltr'><strong>absolutissimum</strong></span> <span class='ocrx_word' id='word_1_274' title='bbox 1311 3531 1436 3598; x_wconf 91' lang='lat' dir='ltr'><strong>est,</strong></span> <span class='ocrx_word' id='word_1_275' title='bbox 1485 3526 1542 3587; x_wconf 83' lang='lat' dir='ltr'><strong>ei</strong></span> <span class='ocrx_word' id='word_1_276' title='bbox 1575 3544 1724 3587; x_wconf 89' lang='lat' dir='ltr'><strong>cum</strong></span> <span class='ocrx_word' id='word_1_277' title='bbox 1760 3522 1920 3588; x_wconf 88' lang='lat' dir='ltr'><strong>deus</strong></span> <span class='ocrx_word' id='word_1_278' title='bbox 1955 3522 2225 3587; x_wconf 89' lang='lat' dir='ltr'><strong>similem</strong></span> <span class='ocrx_word' id='word_1_279' title='bbox 2258 3522 2569 3587; x_wconf 91' lang='lat' dir='ltr'><strong>mundum</strong></span> 
     </span>
     <span class='ocr_line' id='line_1_36' title="bbox 508 3615 2570 3702; baseline -0.002 -19"><span class='ocrx_word' id='word_1_280' title='bbox 508 3617 770 3683; x_wconf 84' lang='lat' dir='ltr'><strong>efficere</strong></span> <span class='ocrx_word' id='word_1_281' title='bbox 817 3615 1036 3692; x_wconf 86' lang='lat' dir='ltr'><strong>vellet,</strong></span> <span class='ocrx_word' id='word_1_282' title='bbox 1083 3615 1320 3681; x_wconf 89' lang='lat' dir='ltr'><strong>animal</strong></span> <span class='ocrx_word' id='word_1_283' title='bbox 1363 3638 1564 3681; x_wconf 88' lang='lat' dir='ltr'><strong>unum</strong></span> <span class='ocrx_word' id='word_1_284' title='bbox 1611 3616 2027 3702; x_wconf 88' lang='lat' dir='ltr'><strong>aspectabile,</strong></span> <span class='ocrx_word' id='word_1_285' title='bbox 2070 3616 2138 3680; x_wconf 89' lang='lat' dir='ltr'><strong>in</strong></span> <span class='ocrx_word' id='word_1_286' title='bbox 2183 3638 2309 3699; x_wconf 90' lang='lat' dir='ltr'><strong>quo</strong></span> <span class='ocrx_word' id='word_1_287' title='bbox 2356 3616 2570 3679; x_wconf 90' lang='lat' dir='ltr'><strong>omnia</strong></span> 
     </span>
     <span class='ocr_line' id='line_1_37' title="bbox 511 3710 2571 3796; baseline -0.001 -21"><span class='ocrx_word' id='word_1_288' title='bbox 511 3710 816 3775; x_wconf 87' lang='lat' dir='ltr'><strong>animalia</strong></span> <span class='ocrx_word' id='word_1_289' title='bbox 885 3710 1389 3788; x_wconf 84' lang='lat' dir='ltr'><strong>continerentur,</strong></span> <span class='ocrx_word' id='word_1_290' title='bbox 1459 3710 1691 3777; x_wconf 84' lang='lat' dir='ltr'><strong>effecit.</strong></span> <span class='ocrx_word' id='word_1_291' title='bbox 1798 3722 2051 3775; x_wconf 89' lang='lat' dir='ltr'><strong>rectene</strong></span> <span class='ocrx_word' id='word_1_292' title='bbox 2110 3710 2310 3796; x_wconf 86' lang='lat' dir='ltr'><strong>igitur</strong></span> <span class='ocrx_word' id='word_1_293' title='bbox 2368 3733 2571 3774; x_wconf 92' lang='lat' dir='ltr'><strong>unum</strong></span> 
     </span>
     <span class='ocr_line' id='line_1_38' title="bbox 513 3803 2572 3892; baseline 0 -23"><span class='ocrx_word' id='word_1_294' title='bbox 513 3806 828 3871; x_wconf 88' lang='lat' dir='ltr'><strong>mundum</strong></span> <span class='ocrx_word' id='word_1_295' title='bbox 863 3805 1142 3870; x_wconf 87' lang='lat' dir='ltr'><strong>diximus</strong></span> <span class='ocrx_word' id='word_1_296' title='bbox 1155 3854 1174 3883; x_wconf 91' lang='lat'><strong>,</strong></span> <span class='ocrx_word' id='word_1_297' title='bbox 1221 3829 1304 3871; x_wconf 90' lang='lat' dir='ltr'><strong>an</strong></span> <span class='ocrx_word' id='word_1_298' title='bbox 1339 3805 1464 3870; x_wconf 87' lang='lat' dir='ltr'><strong>fuit</strong></span> <span class='ocrx_word' id='word_1_299' title='bbox 1495 3806 1698 3892; x_wconf 90' lang='lat' dir='ltr'><strong>pluris</strong></span> <span class='ocrx_word' id='word_1_300' title='bbox 1734 3818 1847 3871; x_wconf 84' lang='lat' dir='ltr'><strong>aut</strong></span> <span class='ocrx_word' id='word_1_301' title='bbox 1879 3804 2359 3871; x_wconf 89' lang='lat' dir='ltr'><strong>innumerabilis</strong></span> <span class='ocrx_word' id='word_1_302' title='bbox 2397 3803 2572 3870; x_wconf 87' lang='lat' dir='ltr'><strong>dictu</strong></span> 
     </span>
     <span class='ocr_line' id='line_1_39' title="bbox 513 3896 2573 3985; baseline 0.001 -24"><span class='ocrx_word' id='word_1_303' title='bbox 513 3898 744 3963; x_wconf 88' lang='lat' dir='ltr'><strong>melius</strong></span> <span class='ocrx_word' id='word_1_304' title='bbox 791 3910 855 3964; x_wconf 91' lang='lat' dir='ltr'><strong>et</strong></span> <span class='ocrx_word' id='word_1_305' title='bbox 899 3899 1153 3966; x_wconf 80' lang='lat' dir='ltr'><strong>verius?</strong></span> <span class='ocrx_word' id='word_1_306' title='bbox 1237 3922 1404 3964; x_wconf 91' lang='lat' dir='ltr'><strong>unus</strong></span> <span class='ocrx_word' id='word_1_307' title='bbox 1448 3900 1768 3985; x_wconf 80' lang='lat' dir='ltr'><strong>profectO,</strong></span> <span class='ocrx_word' id='word_1_308' title='bbox 1813 3900 1870 3965; x_wconf 91' lang='lat' dir='ltr'><strong>si</strong></span> <span class='ocrx_word' id='word_1_309' title='bbox 1918 3899 2179 3984; x_wconf 90' lang='lat' dir='ltr'><strong>quidem</strong></span> <span class='ocrx_word' id='word_1_310' title='bbox 2221 3896 2433 3963; x_wconf 83' lang='lat' dir='ltr'><strong>factus</strong></span> <span class='ocrx_word' id='word_1_311' title='bbox 2476 3908 2573 3964; x_wconf 88' lang='lat' dir='ltr'><strong>est</strong></span> 
     </span>
     <span class='ocr_line' id='line_1_40' title="bbox 516 3992 2572 4077; baseline 0 -20"><span class='ocrx_word' id='word_1_312' title='bbox 516 3992 602 4057; x_wconf 89' lang='lat' dir='ltr'><strong>ad</strong></span> <span class='ocrx_word' id='word_1_313' title='bbox 638 3992 1020 4077; x_wconf 84' lang='lat' dir='ltr'><strong>exemplum.</strong></span> <span class='ocrx_word' id='word_1_314' title='bbox 1111 3994 1287 4077; x_wconf 87' lang='lat' dir='ltr'><strong>quod</strong></span> <span class='ocrx_word' id='word_1_315' title='bbox 1321 3994 1494 4059; x_wconf 89' lang='lat' dir='ltr'><strong>enim</strong></span> <span class='ocrx_word' id='word_1_316' title='bbox 1528 3994 1739 4059; x_wconf 90' lang='lat' dir='ltr'><strong>omnis</strong></span> <span class='ocrx_word' id='word_1_317' title='bbox 1773 3993 2113 4058; x_wconf 87' lang='lat' dir='ltr'><strong>animantis</strong></span> <span class='ocrx_word' id='word_1_318' title='bbox 2150 4012 2289 4068; x_wconf 90' lang='lat' dir='ltr'><strong>eos,</strong></span> <span class='ocrx_word' id='word_1_319' title='bbox 2324 3993 2436 4077; x_wconf 88' lang='lat' dir='ltr'><strong>qui</strong></span> <span class='ocrx_word' id='word_1_320' title='bbox 2469 4015 2572 4058; x_wconf 85' lang='lat' dir='ltr'><strong>ra-</strong></span> 
     </span>
     <span class='ocr_line' id='line_1_41' title="bbox 515 4084 2574 4175; baseline 0.001 -26"><span class='ocrx_word' id='word_1_321' title='bbox 515 4084 691 4150; x_wconf 75' lang='lat' dir='ltr'><strong>tione</strong></span> <span class='ocrx_word' id='word_1_322' title='bbox 726 4085 1212 4171; x_wconf 86' lang='lat' dir='ltr'><strong>intelleguntur,</strong></span> <span class='ocrx_word' id='word_1_323' title='bbox 1249 4087 1699 4175; x_wconf 81' lang='lat' dir='ltr'><strong>conplectitur,</strong></span> <span class='ocrx_word' id='word_1_324' title='bbox 1736 4088 1804 4153; x_wconf 88' lang='lat' dir='ltr'><strong>id</strong></span> <span class='ocrx_word' id='word_1_325' title='bbox 1839 4110 1969 4153; x_wconf 91' lang='lat' dir='ltr'><strong>non</strong></span> <span class='ocrx_word' id='word_1_326' title='bbox 2001 4097 2211 4172; x_wconf 88' lang='lat' dir='ltr'><strong>potest</strong></span> <span class='ocrx_word' id='word_1_327' title='bbox 2249 4108 2387 4152; x_wconf 90' lang='lat' dir='ltr'><strong>esse</strong></span> <span class='ocrx_word' id='word_1_328' title='bbox 2424 4108 2574 4169; x_wconf 85' lang='lat' dir='ltr'><strong>cum</strong></span> 
     </span>
    </p>
   </div>
  </div>
 </body>
</html>
