3292 4559
1060 275 1168 332 DE
1203 275 1532 334 orslcns
1567 277 1643 332 IL
1680 231 1923 334 τι-ιε,
2160 278 2168 286 ’
2408 261 2522 327 73

463 403 822 489 disputare3
867 409 964 466 est
994 399 1180 464 enim
1221 398 1292 464 in
1324 369 1653 484 promptu:
1702 409 1953 464 tantum
1987 399 2165 463 locus
2202 398 2521 485 attingen-

465 496 588 560 dus
631 494 774 560 suit.
865 503 1058 579 caput
1092 503 1310 560 autem
1345 504 1442 560 est
1474 493 1544 558 in
1579 492 1755 558 omni
1788 492 2235 578 procuratione
2276 493 2521 579 negotii
2552 509 2603 552 τε»

466 602 533 655 et
576 588 854 654 muneris
899 586 1174 674 publici,
1228 598 1302 652 ut
1351 586 1657 656 avaritiae
1702 588 1979 673 pellatur
2020 586 2215 653 etiam
2256 587 2523 652 minima

467 682 754 768 suspitio.
851 679 1156 746 ‘utinam'
1211 680 1420 766 inquit
1473 677 1554 746 C.
1606 679 1883 748 Pontius
1937 680 2195 748 Samnis
2248 680 2365 746 ‘ad
2410 681 2525 746 illa

467 787 756 862 tempora
797 797 902 840 me
946 774 1205 840 fortuna
1248 775 1706 842 reservavisset
1748 787 1813 840 et
1855 786 1993 860 tum
2046 797 2256 840 essem
2310 785 2522 851 natus,

467 869 725 952 quando
777 868 1053 934 Romani
1114 869 1286 933 dona
1333 869 1624 953 accipere
1678 868 2064 953 coepissent!
2124 890 2257 932 non
2320 890 2525 934 essem

468 985 696 1048 passus
742 960 979 1026 diutius
1027 982 1136 1026 eos
1181 961 1534 1046 imperare?
1621 984 1705 1026 ne
1746 961 1841 1026 illi
1886 963 2089 1026 multa
2122 961 2379 1026 saecula
2412 983 2525 1026 ex-

470 1055 822 1142 spectanda
861 1054 1151 1132 fuerunt3
1197 1055 1388 1119 modo
1437 1055 1608 1122 enim
1654 1056 1777 1120 hoc
1812 1054 2053 1122 malum
2081 1055 2153 1120 in
2186 1054 2355 1119 hanc
2386 1075 2525 1118 rem

469 1149 798 1234 publicam
839 1149 1106 1226 invasit3
1155 1151 1372 1232 itaque
1426 1148 1614 1216 facile
1660 1149 1869 1234 patior
1911 1159 2049 1214 tum
2092 1149 2305 1234 potius
2350 1148 2529 1212 Pon-

471 1242 631 1308 tium
675 1242 902 1318 fuisse,
949 1243 1005 1307 si
1040 1243 1299 1327 quidem
1345 1243 1414 1308 in
1445 1244 1556 1308 illo
1591 1254 1841 1308 tantum
1874 1243 1999 1308 fuit
2030 1243 2297 1308 roboris.
2366 1263 2527 1306 non<-

471 1337 628 1402 dum
664 1347 918 1402 centum
955 1348 1021 1403 et
1055 1338 1278 1402 decem
1311 1337 1464 1402 anni
1499 1349 1677 1413 sunt,
1724 1359 1873 1402 cum
1908 1337 1989 1402 de
2022 1336 2309 1423 pecuniis
2344 1358 2527 1422 repe-

470 1429 687 1494 tundis
725 1453 768 1494 a
799 1429 882 1495 L.
919 1430 1158 1496 Pisone
1190 1431 1322 1496 lata
1355 1432 1462 1497 lex
1497 1443 1614 1508 est,
1648 1431 1829 1496 nulla
1862 1442 2050 1498 antea
2084 1453 2233 1498 cum
2267 1429 2525 1500 fuissetz

469 1536 538 1588 at
582 1545 734 1588 vero
776 1535 1000 1610 postea
1043 1536 1140 1590 tot
1177 1525 1356 1611 leges
1401 1537 1468 1592 et
1499 1547 1853 1612 proxumae
1886 1547 2183 1610 quaeque
2218 1525 2525 1599 duriores,

471 1629 568 1684 tot
609 1619 734 1694 rei,
786 1631 880 1684 tot
923 1620 1208 1685 damnati
1221 1666 1240 1697 ,
1287 1630 1539 1686 tantum
1575 1617 1937 1707 [Italicum]
1984 1620 2224 1686 bellum
2267 1627 2527 1704 propter

470 1711 853 1776 iudiciorum
905 1725 1147 1778 metum
1201 1715 1579 1790 excitatum,
1632 1725 1813 1778 tanta
1854 1713 2123 1778 sublatis
2168 1712 2421 1797 legibus
2466 1722 2530 1775 et

471 1803 724 1869 iudiciis
777 1805 1076 1890 expilatio
1131 1806 1530 1916 direptioque
1583 1806 1933 1883 sociorum,
1993 1817 2067 1872 ut
2116 1804 2527 1870 inbecillitate

475 1898 773 1975 aliorum,
824 1920 955 1962 non
1005 1910 1226 1964 nostra
1278 1899 1516 1967 virtute
1569 1901 1917 1966 valeamus.
2007 1899 2229 1964 laudat
2270 1899 2527 1964 Africa·
2561 1905 2629 1958 22

473 2014 630 2056 num
673 1991 1022 2057 Panaetius
1035 2040 1055 2072 ‚
1102 1991 1277 2076 quod
1327 1993 1526 2072 fuerit
1570 1994 1918 2060 abstinens.
2008 1993 2233 2078 quidni
2273 1992 2529 2058 laudet?
2570 1977 2623 2018 ⁷⁸

475 2087 588 2152 sed
623 2085 692 2150 in
723 2086 834 2152 illo
871 2087 998 2152 alia
1030 2088 1303 2154 maior-az
1335 2089 1480 2154 laus
1515 2088 1941 2156 abstinentiae
1974 2110 2105 2152 non
2132 2086 2407 2154 hominis
2432 2097 2531 2152 est

475 2181 711 2258 solum,
747 2181 862 2246 sed
897 2181 1090 2248 etiam
1125 2193 1486 2268 temporum
1521 2183 1797 2250 illorum.
1886 2183 2061 2248 omni
2094 2181 2531 2248 Macedonum

473 2297 668 2360 gaza,
706 2297 872 2360 quae
906 2275 1028 2340 fuit
1063 2278 1375 2354 maxima,
1410 2278 1651 2363 potitus
1686 2278 1934 2346 Paulus
1969 2287 2217 2344 tantum
2248 2276 2319 2342 in
2351 2297 2531 2342 aera·-

474 2370 642 2434 rium
674 2370 984 2454 pecuniae
1017 2371 1283 2450 invexit,
1320 2381 1391 2436 ut
1425 2373 1614 2438 unius
1642 2373 2043 2459 imperatoris
2070 2369 2313 2458 praeda
2335 2369 2530 2436 finem

475 2463 756 2530 attulerit
805 2464 1216 2530 tributorum:
1282 2476 1348 2530 at
1399 2466 1504 2532 hic
1553 2467 1717 2532 nihil
1767 2468 2031 2532 domum
2082 2488 2269 2532 suam
2318 2463 2531 2529 intulit

473 2567 727 2642 praeter
768 2559 1144 2624 memoriam
1187 2559 1462 2626 nominis
1515 2561 1992 2647 sempiternam.
2080 2559 2365 2624 imitatus
2416 2580 2533 2643 pa-

475 2663 639 2717 trem
697 2651 1049 2719 Africanus
1111 2654 1312 2719 nihilo
1371 2654 1755 2742 locupletior
1812 2654 2219 2740 Karthagine
2288 2673 2529 2718 eversa.

476 2745 672 2828 quid?
723 2744 836 2828 qui
887 2747 1025 2812 eius
1078 2748 1326 2833 collega
1374 2747 1500 2814 fuit
1549 2749 1618 2813 in
1670 2771 1969 2825 censura,
2022 2747 2105 2812 L.
2150 2745 2531 2822 Mummius,

475 2859 634 2901 num
667 2837 824 2918 quid
859 2839 1202 2924 copiosior,
1249 2861 1397 2906 cum
1441 2841 1947 2926 copiosissimam
1980 2841 2209 2906 urbem
2240 2837 2533 2904 funditus

478 2930 875 2996 sustulisset?
941 2931 1198 2998 Italiam
1241 2955 1466 3000 ornare
1511 2956 1709 3018 quam
1754 2935 2017 3000 domum
2060 2955 2245 3000 suam
2276 2931 2533 2997 maluit:

477 3043 872 3110 quamquam
903 3025 1096 3090 Italia
1138 3037 1364 3092 ornata
1407 3027 1634 3094 domus
1676 3029 1819 3114 ipsa
1861 3028 2019 3094 mihi
2062 3027 2315 3093 videtur
2348 3047 2535 3092 orna-

477 3121 619 3186 tior.
707 3119 956 3184 nullum
999 3120 1194 3206 igitur
1229 3121 1458 3186 vitium
1491 3122 1755 3190 taetrius
1790 3134 1915 3199 est,
1960 3133 2033 3188 ut
2079 3143 2184 3199 eo,
2230 3121 2403 3187 unde
2438 3119 2535 3185 di·
2569 3145 2617 3185 ιι

448 3235 702 3300 gressa
746 3224 871 3289 est,
916 3214 1153 3280 referat
1199 3238 1268 3282 se
1313 3216 1544 3293 oratio,
1591 3237 1788 3301 quam
1820 3217 2117 3294 avaritia,
2161 3214 2534 3302 praesertim

478 3310 549 3373 in
592 3305 984 3393 principibus
1029 3319 1094 3374 et
1138 3332 1276 3374 rem
1327 3310 1656 3396 publicam
1706 3310 2214 3398 gubernantibus
2225 3335 2244 3388 3
2296 3309 2535 3374 habere

480 3401 653 3467 enim
705 3402 1000 3484 quaestui
1052 3427 1190 3468 rem
1229 3405 1554 3489 publicam
1600 3427 1733 3470 non
1776 3405 1967 3471 modo
2012 3415 2196 3490 turpe
2238 3414 2368 3481 est,
2420 3402 2537 3467 sed

481 3495 861 3562 sceleratum
897 3496 1088 3562 etiam
1125 3508 1189 3563 et
1222 3499 1559 3564 nefarium.
1647 3499 1885 3584 itaque,
1920 3499 2097 3583 quod
2128 3498 2367 3582 Apollo
2401 3496 2537 3581 Py-

482 3590 654 3656 thius
691 3590 1022 3656 oraculum
1057 3593 1275 3671 edidit,
1315 3591 1617 3679 Spartam
1652 3593 1829 3659 nulla
1862 3616 1933 3660 re
1968 3593 2093 3658 alia
2119 3592 2241 3658 nisi
2268 3589 2536 3656 avaritia

485 3706 624 3750 esse
677 3686 1056 3770 perituram,
1117 3687 1186 3752 id
1238 3688 1492 3754 videtur
1542 3709 1673 3754 non
1726 3689 1933 3754 solum
1984 3684 2535 3758 Lacedaemoniis,

486 3778 602 3843 sed
647 3780 838 3845 etiam
881 3776 1177 3847 omnibus
1220 3782 1542 3869 opulentis
1575 3782 1829 3870 populis
1861 3781 2273 3869 praedixisse.
2358 3778 2537 3843 nulla

487 3883 703 3936 autem
753 3895 822 3938 re
875 3877 1214 3942 conciliare
1264 3876 1516 3943 facilius
1559 3877 2073 3946 benevolentiam
2112 3873 2534 3942 multitudinis

486 3977 756 4052 possunt
795 3967 868 4046 ii,
913 3971 1025 4054 qui
1069 3971 1162 4037 rei
1203 3971 1498 4059 publicae
1544 3983 1875 4058 praesunt,
1926 3994 2119 4057 quam
2155 3968 2537 4036 abstinentia

487 4071 554 4126 et
589 4061 994 4128 continentia.
1082 4065 1194 4150 qui
1227 4088 1379 4131 vero
1398 4090 1484 4132 se
1518 4067 1847 4154 popularis
1884 4067 2107 4132 volunt
2141 4065 2227 4131 ob
2262 4085 2531 4148 eamque
2568 4081 2619 4123 ⁷8
