3292 4559
1140 248 1249 305 DE
1281 246 1619 307 LEGIBUS
1646 248 1756 305 111.
1793 249 1936 305 10-
1947 250 2031 303 13.
2485 237 2613 303 299

550 386 745 444 esto:
791 374 961 443 loco
1010 383 1318 439 senator
1362 382 1435 439 et
1477 371 1698 438 modo
1743 382 1989 449 orato,
2031 393 2304 439 causas
2339 374 2612 461 populi

548 479 833 536 teneto·

622 568 625 573 ’
679 563 817 630 Vis
866 562 947 627 in
997 560 1283 647 populo
1334 561 1621 627 abesto.
1709 582 1846 646 par
1888 561 2223 629 maiorve
2264 574 2612 650 potestas

548 659 722 747 plus
791 656 1067 722 valeto.
1164 665 1283 722 ast
1353 654 1540 740 quid
1606 654 2078 721 turbassitur
2143 656 2221 723 in
2283 660 2611 745 agendo,

548 752 761 819 fraus
798 749 1083 817 actoris
1118 760 1307 817 estc.
1392 749 1863 816 intercessor
1895 749 2006 817 rei
2041 750 2284 817 malae
2322 754 2612 819 saluta-

548 848 655 914 ris
692 846 881 913 civis
917 854 1100 911 estc.

682 939 835 1023 Qui
870 947 1127 1025 agent,
1175 938 1524 1024 auspicia
1558 948 1946 1015 servante,
1991 938 2268 1023 auguri
2301 939 2611 1025 publico

546 1045 900 1123 parentO,
952 1032 1469 1119 promulgata,
1521 1031 1950 1119 proposita,
2001 1032 2079 1098 in
2131 1033 2432 1100 aerario
2483 1054 2612 1099 co-

549 1129 768 1215 gnita
820 1138 1136 1213 aguntO,
1190 1148 1331 1192 nec
1381 1127 1554 1212 plus
1608 1146 1830 1210 quam
1875 1126 1963 1191 de
2007 1126 2339 1213 singulis
2381 1128 2610 1194 rebus

547 1224 794 1289 semul
828 1222 1323 1299 consulunto,
1357 1232 1513 1285 re'm
1549 1221 1918 1307 populum
1952 1221 2306 1299 docent0‚
2352 1222 2612 1291 doceri

550 1342 594 1383 a
626 1316 1218 1404 magistratibus
1254 1315 1737 1402 privatisque
1773 1315 2148 1401 patiunto.

679 1411 1114 1497 Privilegia
1166 1433 1255 1476 ne
1300 1410 1740 1496 inrogantoz
1797 1410 1886 1476 de
1931 1411 2184 1496 capite
2229 1412 2419 1479 civis
2463 1414 2612 1478 nisi

548 1530 685 1594 per
726 1506 1135 1571 maximum
1178 1504 1656 1571 comitiatum
1696 1505 2076 1590 ollosque,
2123 1526 2310 1589 quos
2347 1528 2614 1573 censo-

548 1624 671 1666 res
705 1600 783 1665 in
816 1599 1167 1686 partibus
1204 1599 1470 1685 populi
1502 1598 2036 1677 locassint,.ne
2070 1599 2395 1665 ferunt0.

681 1694 983 1761 Donum
1025 1718 1119 1761 ne
1163 1694 1527 1780 capiunto
1569 1716 1760 1761 neve
1797 1694 2024 1759 danto
2060 1716 2249 1760 neve
2283 1696 2613 1781 petenda

548 1812 741 1857 neve
794 1789 1133 1876 gerenda
1182 1811 1374 1855 neve
1427 1800 1652 1875 gesta
1701 1798 2107 1875 potestate.
2195 1790 2398 1873 quod
2441 1791 2610 1875 quis

548 1906 808 1950 earum
843 1904 1093 1951 rerum
1128 1882 1557 1968 migrassit,
1590 1884 1868 1949 noxiae
1903 1905 2146 1969 poena
2178 1906 2318 1970 par
2350 1896 2533 1951 esto.

683 1974 1062 2043 Censores
1123 1976 1361 2043 fidem
1421 1978 1676 2063 legum
1731 1977 2256 2043 custodiunto:
2326 1979 2612 2064 privati

549 2072 644 2137 ad
694 2094 822 2137 eos
876 2082 1046 2137 acta
1097 2069 1499 2137 referunto
1550 2094 1690 2138 nec
1744 2092 1832 2137 eo
1883 2071 2125 2157 magis
2167 2071 2342 2157 lege
2383 2073 2612 2140 liberi

550 2177 793 2231 sunto.

680 2260 826 2325 Lex
860 2258 1123 2325 recitata
1159 2270 1283 2325 est:
1334 2258 1662 2349 discedere
1699 2270 1762 2326 et
1797 2260 2099 2325 tabellam
2133 2259 2372 2326 iubebo
2408 2260 2565 2327 dari.

688 2354 759 2434 Q.
806 2354 1025 2435 Quam
1059 2353 1270 2431 brevi,
1315 2353 1541 2431 frater,
1584 2354 1654 2419 in
1697 2365 2045 2440 conspectu
2087 2355 2298 2441 posita
2341 2365 2439 2421 est
2471 2379 2514 2422 a
2547 2366 2612 2422 te

551 2446 837 2513 omnium
882 2448 1373 2535 magistratuum
1416 2448 1740 2535 discriptio
1753 2496 1772 2526 ,
1827 2448 1942 2515 sed
1985 2470 2064 2514 ea
2106 2470 2312 2535 paene
2355 2461 2614 2517 nostrae

550 2541 845 2619 civitatis,
880 2543 999 2607 etsi
1035 2567 1075 2608 a
1106 2554 1171 2608 te
1204 2545 1471 2629 paulum
1507 2544 1794 2609 adlatum
1829 2554 1926 2610 est
1958 2543 2129 2612 novi.
2216 2546 2310 2609 M.
2364 2544 2615 2611 Rectis-

550 2635 731 2712 sime,
768 2635 1033 2718 Quinte,
1070 2637 1553 2714 animadvertis3
1590 2638 1754 2704 haec
1789 2650 1887 2703 est
1921 2638 2112 2715 enim,
2158 2659 2354 2722 quam
2392 2637 2613 2723 Scipio

550 2728 773 2793 laudat
822 2728 891 2791 in
944 2730 1069 2791 illis
1120 2729 1301 2793 libris
1354 2740 1419 2793 et
1460 2750 1658 2812 quam
1701 2732 1978 2795 maxime
2024 2732 2255 2815 probat
2299 2740 2614 2814 tempera-

551 2820 793 2887 tionem
842 2820 936 2885 rei
988 2820 1284 2904 publicae
1298 2868 1316 2897 ‚
1372 2841 1537 2904 quae
1590 2822 1764 2886 effici
1808 2844 1936 2885 non
1983 2822 2296 2907 potuisset
2336 2823 2460 2887 nisi
2502 2823 2614 2887 tali

554 2913 963 3001 discriptione
1000 2914 1509 2999 magistratuum.
1596 2937 1747 2979 nam
1783 2916 1877 2980 sic
1912 2914 2240 2991 habetote,
2276 2916 2615 3002 magistra-

552 3010 725 3075 tibus
760 3008 996 3094 iisque,
1042 3009 1156 3094 qui
1199 3009 1513 3095 praesint,
1558 3010 1866 3077 contineri
1899 3032 2036 3075 rem
2071 3009 2398 3095 publicam
2434 3022 2498 3076 et
2533 3034 2614 3078 ex

554 3127 776 3171 eorum
828 3104 1297 3192 conpositione,
1348 3104 1522 3189 quod
1569 3104 1880 3189 cuiusque
1925 3103 2019 3171 rei
2066 3104 2364 3191 publicae
2405 3128 2613 3192 genus

554 3199 665 3276 sit,
718 3199 1022 3285 intellegi.
1112 3221 1278 3283 quae
1331 3220 1434 3264 res
1482 3221 1631 3265 cum
1675 3196 2140 3284 sapientissime
2183 3200 2614 3266 moderatissi-

552 3315 783 3377 meque
838 3294 1184 3359 constituta
1224 3303 1396 3359 esset
1438 3317 1479 3359 a
1520 3294 1869 3359 maioribus
1911 3293 2171 3371 nostris,
2215 3294 2374 3358 nihil
2416 3295 2614 3360 habui

554 3410 730 3465 sane,
766 3410 897 3454 non
932 3393 1115 3455 modo
1149 3389 1443 3466 multum,
1480 3389 1656 3474 quod
1688 3399 2009 3498 putarem·
2017 3389 2386 3453 novandum
2419 3388 2488 3453 in
2520 3389 2614 3455 le-

554 3482 767 3568 gibus.
858 3485 989 3547 Aa.
1046 3482 1305 3549 Reddes
1356 3483 1554 3569 igitur
1602 3482 1821 3559 nobis,
1875 3493 1947 3546 ut
1989 3483 2055 3547 in
2101 3482 2426 3567 religionis
2467 3482 2612 3568 lege

551 3574 762 3641 fecisti
798 3576 1130 3641 admonitu
1164 3588 1228 3642 et
1262 3589 1491 3663 rogatu
1526 3597 1692 3654 meo,
1729 3576 1820 3641 sic
1857 3574 1938 3641 de
1972 3575 2472 3662 magistratibus,
2513 3574 2614 3661 [ut

554 3668 893 3757 disputes,]
952 3670 1186 3756 quibus
1233 3671 1315 3737 de
1358 3671 1567 3737 causis
1609 3670 1889 3736 maxime
1933 3670 2186 3757 placeat
2226 3670 2351 3735 ista
2393 3669 2614 3735 discri-

552 3765 709 3849 ptio.
799 3766 891 3829 M.
946 3765 1233 3841 Faciam,
1269 3764 1508 3842 Attice,
1543 3774 1617 3830 ut
1651 3765 1770 3842 vis,
1815 3774 1878 3829 et
1911 3765 2125 3830 locum
2157 3762 2352 3829 istum
2386 3773 2611 3842 totum,

552 3868 627 3923 ut
669 3881 710 3922 a
754 3855 1134 3924 doctissimis
1182 3856 1499 3925 Graeciae
1545 3857 1906 3943 quaesitum
1952 3867 2017 3922 et
2059 3855 2451 3943 disputatum
2493 3868 2612 3933 est,

554 3951 891 4038 explicabo
954 3964 1047 4031 et,
1110 3964 1184 4017 ut
1247 3953 1521 4030 institui,
1586 3963 1805 4018 nostra
1863 3950 2005 4017 iura
2059 3951 2386 4037 attingam.
2477 3954 2608 4015 Att.

552 4045 739 4111 Istud
798 4047 1077 4113 maxime
1140 4058 1441 4135 exspecto
1504 4046 1858 4117 disserendi
1918 4068 2144 4133 genus.
2232 4045 2326 4111 M.
2405 4044 2612 4129 Atqui

2658 3513 2709 3553 13
