3292 4559
768 260 896 327 152
1381 266 1460 322 M.
1495 263 1771 325 TULLII
1806 264 2204 323 CICERONIS

765 419 829 482 p.
849 392 986 481 83.]
1025 392 1254 460 accidit
1288 392 1495 468 nobis,
1529 391 1600 455 in
1636 411 1767 474 qua
1811 390 1974 473 quid*
2000 390 2213 457 facere
2245 392 2635 475 potuissem,
2671 390 2683 477 Ι
2726 394 2853 457 nisi
2941 351 2942 431 Ι

765 500 904 555 tum
975 488 1196 553 consul
1265 486 1569 552 fuissem?
1658 484 1881 549 consul
1953 496 2169 550 autem
2238 507 2379 549 esse
2450 486 2571 569 qui
2636 488 2850 571 potui,
2941 496 2942 529 ³

764 583 886 647 nisi
932 604 1080 648 eum
1121 581 1290 648 vitae
1334 602 1594 645 cursum
1637 577 1985 645 tenuissem
2030 600 2071 643 a
2113 579 2415 664 pueritia,
2471 600 2599 663 per
2646 602 2850 663 quem
2941 574 2942 659 ᾖ

766 677 1045 761 equestri
1101 677 1244 741 loco
1305 685 1493 739 natus
1555 674 1957 759 pervenirem
2008 672 2094 737 ad
2145 673 2453 738 honorem
2510 675 2849 759 amplissi·
2941 662 2942 729 3

765 771 983 837 mum?
1050 791 1182 835 non
1215 769 1412 855 igitur
1445 778 1727 853 potestas
1762 779 1860 832 est
1894 790 1976 832 ex
2010 778 2294 851 tempore
2332 778 2446 832 aut
2482 789 2647 832 eum
2664 770 2843 833 velis

764 863 1118 949 opitulandi
1158 864 1250 929 rei
1291 861 1613 948 publicae,
1660 860 1955 944 quamvis
2000 883 2079 926 ea
2129 870 2459 945 prematur
2503 861 2836 945 periculis,

680 979 730 1021 n
765 958 888 1023 nisi
923 980 1000 1023 eo
1033 957 1178 1023 loco
1210 956 1318 1034 sis,
1354 966 1426 1021 ut
1459 956 1576 1020 tibi
1609 954 1678 1019 id
1712 954 1924 1021 facere
1960 955 2169 1021 liceat.
2256 954 2683 1038 maximeque
2716 956 2837 1021 hoe

759 1055 825 1118 in
875 1051 1204 1117 hominum
1248 1052 1580 1115 doctorum
1615 1050 1900 1114 oratione
1933 1049 2091 1113 mihi
2130 1049 2364 1113 mirum
2396 1049 2619 1114 videri
2655 1052 2833 1131 solet,

763 1168 828 1231 p.
864 1142 1002 1231 84.]
1046 1144 1220 1229 quod
1275 1144 1386 1227 qui
1430 1144 1772 1227 tranquillo
1808 1140 1819 1229 Ι
1859 1143 2020 1207 mari
2062 1142 2423 1227 gubernare
2470 1166 2543 1209 se
2588 1162 2831 1229 negent
2941 1212 2942 1233 Ι

762 1262 972 1326 posse,
1009 1238 1182 1322 quod
1215 1260 1336 1303 nec
1371 1237 1704 1303 didicerint
1736 1258 1858 1303 nec
1892 1258 2202 1321 umquam
2236 1238 2397 1301 scire
2432 1239 2827 1313 curaverint,
2941 1242 2942 1275 ff

761 1334 934 1398 idem
978 1332 1060 1396 ad
1094 1331 1548 1417 gubernacula
1565 1355 1634 1397 se
1670 1353 2037 1396 accessuros
2072 1330 2495 1417 profiteantur
2530 1332 2827 1397 excitatis

763 1425 1058 1494 maximis
1101 1425 1421 1490 fluctibus.
1508 1425 1615 1489 isti
1660 1425 1832 1491 enim
1876 1425 2090 1511 palam
2136 1425 2347 1489 dicere
2392 1435 2594 1508 atque
2642 1427 2715 1491 in
2756 1448 2825 1491 eo

762 1520 1036 1585 multum
1089 1520 1282 1585 etiam
1334 1519 1591 1605 gloriari
1646 1519 1879 1595 solent,
1945 1542 2014 1585 se
2068 1519 2148 1583 de
2201 1518 2556 1584 rationibus
2616 1543 2829 1590 rerum

762 1613 1164 1700 publicarum
1198 1624 1308 1678 aut
1343 1612 1933 1678 constituendarum
1965 1623 2077 1677 aut
2100 1612 2487 1677 tuendarum
2516 1612 2689 1677 nihil
2712 1637 2829 1679 nec

763 1708 1058 1773 didicisse
1093 1728 1402 1791 umquam
1433 1728 1554 1771 nec
1590 1706 1838 1783 docere,
1876 1727 2223 1789 earumque
2250 1728 2462 1770 rerum
2492 1706 2827 1773 scientiam

761 1826 825 1889 p.
865 1800 1002 1889 85.]
1045 1824 1174 1868 non
1211 1802 1412 1866 doctis
1447 1800 1810 1866 hominibus
1848 1798 1858 1887 Ι
1897 1822 1975 1867 ac
2008 1800 2425 1886 sapientibus,
2462 1800 2584 1865 sed
2620 1802 2691 1865 in
2718 1803 2823 1865 illo

763 1918 998 1982 genere
1035 1895 1393 1961 exercitatis
1429 1894 1901 1961 concedendam
1935 1904 2185 1980 putant.
2256 1915 2387 1977 qua
2422 1916 2494 1958 re
2532 1894 2655 1976 qui
2680 1917 2825 1959 con-

763 1990 938 2055 venit
988 1989 1270 2075 polliceri
1323 2010 1584 2073 operam
1635 2010 1819 2052 suam
1862 1987 1957 2054 rei
2000 1986 2295 2073 publicae
2338 1996 2481 2049 tum
2526 1986 2825 2070 denique,

765 2086 818 2149 si
853 2085 1231 2150 necessitate
1267 2082 1616 2169 cogantur?
1671 2103 1837 2159 cum,
1874 2081 2049 2164 quod
2084 2092 2181 2146 est
2212 2080 2417 2144 multo
2451 2082 2821 2165 procliviuS,

764 2180 942 2244 nulla
975 2178 1354 2243 necessitate
1388 2188 1719 2261 premente
1744 2199 1881 2241 rem
1908 2176 2234 2261 publicam
2259 2197 2485 2259 regere
2514 2177 2819 2241 nesciant.

765 2272 1080 2355 equidem,
1115 2282 1190 2333 ut
1224 2292 1447 2334 verum
1483 2280 1651 2335 esset
1678 2292 1794 2334 sua
1821 2269 2147 2334 voluntate
2176 2270 2531 2353 sapientem
2561 2269 2820 2335 descen-

763 2366 913 2429 dere
949 2365 1031 2427 ad
1066 2363 1340 2427 rationes
1377 2362 1650 2427 civitatis
1684 2384 1815 2428 non
1852 2364 2053 2429 solere
2066 2409 2083 2438 ,
2132 2362 2229 2426 sin
2264 2370 2481 2429 autem
2518 2364 2817 2449 tempori-

762 2479 824 2541 p.
863 2453 996 2541 86.]
1043 2456 1165 2521 bus
1211 2464 1572 2540 cogeretur,
1619 2451 1630 2541 Ι
1670 2466 1807 2519 tum
1852 2456 1919 2519 id
1961 2478 2197 2520 munus
2246 2455 2523 2539 denique
2558 2478 2697 2521 non
2726 2480 2818 2521 re-

763 2570 986 2614 cusare
997 2595 1016 2625 ,
1079 2560 1293 2613 tamen
1345 2548 1687 2613 arbitrarer
1739 2549 1905 2613 hanc
1954 2572 2169 2614 rerum
2222 2548 2505 2613 civilium
2558 2552 2815 2615 minime

761 2642 1228 2729 neglegendam
1271 2642 1599 2707 scientiam
1645 2642 1946 2727 sapienti,
1991 2652 2329 2727 propterea
2374 2642 2553 2725 quod
2606 2644 2819 2709 omnia

763 2749 974 2804 essent
1017 2738 1076 2803 ei
1118 2736 1584 2823 praeparanda,
1632 2736 1869 2819 quibus
1912 2736 2187 2803 nesciret
2222 2758 2304 2801 an
2340 2736 2696 2820 aliquando
2729 2737 2819 2802 uti

761 2855 1022 2899 necesse
1058 2842 1242 2898 esset..

889 2928 1074 2992 Haec
1116 2927 1406 3013 pluribus
1452 2949 1492 2991 a
1534 2948 1638 2990 me
1684 2924 1897 2989 verbis
1943 2924 2116 2991 dieta
2160 2934 2308 2989 sunt
2350 2924 2435 2991 ob
2482 2948 2633 2993 eam
2670 2948 2819 2991 eau-

761 3046 920 3097 sam,
957 3021 1130 3103 quod
1163 3020 1262 3085 his
1294 3020 1474 3086 libris
1511 3030 1646 3085 erat
1680 3020 1969 3084 instituta
2004 3031 2069 3085 et
2104 3030 2399 3104 suscepta
2432 3019 2592 3083 mihi
2632 3022 2717 3086 de
2752 3045 2819 3087 re

759 3114 1019 3200 publica
1053 3114 1418 3199 disputatiO,
1465 3135 1630 3197 quae
1664 3135 1749 3177 ne
1784 3112 2019 3178 frustra
2050 3111 2423 3188 haberetur,
2469 3113 2821 3179 dubitatio·

759 3232 823 3293 p.
864 3203 1000 3293 79.]
1041 3229 1191 3272 nem
1237 3207 1320 3271 ad
1363 3230 1498 3272 rem
1541 3207 1866 3292 publicam
1910 3205 2203 3289 adeunldi
2247 3208 2315 3271 in
2360 3207 2584 3292 primis
2624 3208 2821 3273 debui

759 3301 1000 3367 tollere.
1089 3323 1164 3366 ac
1211 3311 1426 3365 tamen
1471 3300 1525 3364 si
1559 3300 1673 3383 qui
1706 3310 1856 3365 sunt
1890 3301 2001 3384 qui
2034 3299 2561 3386 philosophorum
2596 3312 2819 3367 aucto-

759 3396 944 3461 ritate
987 3406 1392 3470 moveantur,
1442 3394 1592 3459 dent
1641 3416 1903 3479 operam
1945 3416 2289 3479 parumper
2322 3404 2517 3477 atque
2554 3396 2821 3459 audiant
2933 3451 2935 3453 ,

759 3512 898 3567 eos,
945 3511 1215 3573 quorum
1264 3510 1517 3552 summa
1549 3497 1645 3553 est
1681 3487 2021 3553 auctoritas
2058 3486 2231 3573 apud
2266 3488 2658 3553 doctissimos
2692 3487 2817 3550 ho—

759 3585 961 3649 mines
1015 3595 1080 3648 et
1129 3581 1359 3668 gloria:
1415 3603 1576 3666 quos
1631 3603 1752 3667 ego
1806 3581 2127 3658 existimO,
2183 3580 2375 3645 etiam
2424 3581 2485 3645 si
2536 3581 2645 3665 qui
2685 3580 2823 3665 ipsi

759 3700 894 3742 rem
963 3676 1286 3762 publicam
1349 3696 1480 3741 non
1539 3674 1881 3760 gesserint,
1945 3684 2157 3739 tamen
2171 3720 2190 3750 ‚
2253 3673 2558 3757 quoniam
2610 3674 2695 3741 de
2748 3698 2824 3739 re

757 3770 1018 3856 publica
1049 3770 1253 3833 multa
1288 3768 1674 3851 quaesierint
1709 3778 1775 3833 et
1809 3768 2196 3852 scripserint,
2230 3766 2483 3833 functos
2520 3788 2667 3833 esse
2704 3767 2826 3833 ali-

758 3884 888 3947 quo
922 3863 1016 3928 rei
1051 3864 1344 3949 publicae
1379 3885 1673 3939 munere3
1722 3884 1831 3927 eos
1866 3884 2016 3928 vero
2054 3873 2344 3947 septem,'
2368 3882 2531 3943 quos
2571 3859 2825 3927 Graeci

755 3976 822 4038 p.
861 3953 1000 4040 80.]
1054 3956 1354 4041 sapientis
1399 3956 1931 4040 nomilnaverunt‚
1984 3955 2189 4021 omnis
2240 3977 2445 4041 paene
2498 3954 2697 4021 video
2754 3956 2823 4019 in

759 4046 970 4109 media
1021 4070 1090 4111 re
1143 4048 1398 4131 publica
1457 4070 1596 4113 esse
1648 4059 1951 4114 versatos.
2036 4071 2246 4134 neque
2300 4047 2473 4113 enim
2528 4058 2627 4113 est
2684 4048 2827 4113 ulla
