<?xml version="1.0" encoding="UTF-8"?>
<!DOCTYPE html PUBLIC "-//W3C//DTD XHTML 1.0 Transitional//EN"
    "http://www.w3.org/TR/xhtml1/DTD/xhtml1-transitional.dtd">
<html xmlns="http://www.w3.org/1999/xhtml" xml:lang="en" lang="en">
 <head>
  <title>
</title>
<meta http-equiv="Content-Type" content="text/html;charset=utf-8" />
  <meta name='ocr-system' content='tesseract 3.04.00' />
  <meta name='ocr-capabilities' content='ocr_page ocr_carea ocr_par ocr_line ocrx_word'/>
</head>
<body>
  <div class='ocr_page' id='page_1' title='image "./mtulliiciceroni03unkngoog_0033.png"; bbox 0 0 3292 4559; ppageno 0'>
   <div class='ocr_carea' id='block_1_1' title="bbox 995 274 2518 352">
    <p class='ocr_par' dir='ltr' id='par_1_1' title="bbox 995 274 2518 352">
     <span class='ocr_line' id='line_1_1' title="bbox 995 274 2518 352; baseline -0.001 -11"><span class='ocrx_word' id='word_1_1' title='bbox 995 287 1102 346; x_wconf 86' lang='lat' dir='ltr'>DE</span> <span class='ocrx_word' id='word_1_2' title='bbox 1136 283 1464 343; x_wconf 86' lang='lat' dir='ltr'><strong>DEORUM</strong></span> <span class='ocrx_word' id='word_1_3' title='bbox 1498 284 1825 352; x_wconf 85' lang='lat' dir='ltr'><strong>NATURA</strong></span> <span class='ocrx_word' id='word_1_4' title='bbox 1858 285 1905 341; x_wconf 90' lang='grc' dir='ltr'>Ι.</span> <span class='ocrx_word' id='word_1_5' title='bbox 1943 288 1993 341; x_wconf 87' lang='grc'>1.</span> <span class='ocrx_word' id='word_1_6' title='bbox 2476 274 2518 339; x_wconf 82' lang='grc'>3</span> 
     </span>
    </p>
   </div>
   <div class='ocr_carea' id='block_1_2' title="bbox 461 406 2533 3096">
    <p class='ocr_par' dir='ltr' id='par_1_2' title="bbox 462 406 2519 481">
     <span class='ocr_line' id='line_1_2' title="bbox 462 406 2519 481; baseline -0.003 -11"><span class='ocrx_word' id='word_1_7' title='bbox 462 430 578 471; x_wconf 89' lang='lat' dir='ltr'>non</span> <span class='ocrx_word' id='word_1_8' title='bbox 597 428 632 467; x_wconf 87' lang='lat' dir='ltr'>a</span> <span class='ocrx_word' id='word_1_9' title='bbox 647 414 850 465; x_wconf 87' lang='lat' dir='ltr'>natura</span> <span class='ocrx_word' id='word_1_10' title='bbox 867 424 989 465; x_wconf 90' lang='lat' dir='ltr'>esse</span> <span class='ocrx_word' id='word_1_11' title='bbox 1005 407 1337 479; x_wconf 85' lang='lat' dir='ltr'>profectum,</span> <span class='ocrx_word' id='word_1_12' title='bbox 1375 406 1475 462; x_wconf 90' lang='lat' dir='ltr'>sed</span> <span class='ocrx_word' id='word_1_13' title='bbox 1501 411 1599 461; x_wconf 88' lang='lat' dir='ltr'>aut</span> <span class='ocrx_word' id='word_1_14' title='bbox 1616 406 1849 461; x_wconf 87' lang='lat' dir='ltr'>consilio</span> <span class='ocrx_word' id='word_1_15' title='bbox 1866 406 2110 461; x_wconf 88' lang='lat' dir='ltr'>humano</span> <span class='ocrx_word' id='word_1_16' title='bbox 2131 408 2229 461; x_wconf 90' lang='lat' dir='ltr'>aut</span> <span class='ocrx_word' id='word_1_17' title='bbox 2254 408 2519 481; x_wconf 85' lang='lat' dir='ltr'>supersti-</span> 
     </span>
    </p>

    <p class='ocr_par' dir='ltr' id='par_1_3' title="bbox 461 482 2529 2016">
     <span class='ocr_line' id='line_1_3' title="bbox 463 482 2522 557; baseline -0.001 -15"><span class='ocrx_word' id='word_1_18' title='bbox 463 489 606 543; x_wconf 90' lang='lat' dir='ltr'>tioni</span> <span class='ocrx_word' id='word_1_19' title='bbox 626 505 659 542; x_wconf 91' lang='lat' dir='ltr'>a</span> <span class='ocrx_word' id='word_1_20' title='bbox 673 486 998 557; x_wconf 83' lang='lat' dir='ltr'>pictoribus,</span> <span class='ocrx_word' id='word_1_21' title='bbox 1034 484 1244 555; x_wconf 67' lang='lat' dir='ltr'>poetis,</span> <span class='ocrx_word' id='word_1_22' title='bbox 1285 482 1592 539; x_wconf 87' lang='lat' dir='ltr'>artificibus</span> <span class='ocrx_word' id='word_1_23' title='bbox 1611 482 1973 539; x_wconf 87' lang='lat' dir='ltr'>confirmatae</span> <span class='ocrx_word' id='word_1_24' title='bbox 1995 482 2217 553; x_wconf 90' lang='lat' dir='ltr'>deberi;</span> <span class='ocrx_word' id='word_1_25' title='bbox 2253 500 2435 553; x_wconf 89' lang='lat' dir='ltr'>neque</span> <span class='ocrx_word' id='word_1_26' title='bbox 2454 502 2522 543; x_wconf 86' lang='lat' dir='ltr'>ex</span> 
     </span>
     <span class='ocr_line' id='line_1_4' title="bbox 467 556 2523 635; baseline -0.003 -15"><span class='ocrx_word' id='word_1_27' title='bbox 467 582 551 635; x_wconf 91' lang='lat' dir='ltr'>e0,</span> <span class='ocrx_word' id='word_1_28' title='bbox 591 564 740 635; x_wconf 93' lang='lat' dir='ltr'>quod</span> <span class='ocrx_word' id='word_1_29' title='bbox 755 562 1084 617; x_wconf 89' lang='lat' dir='ltr'>hominibus</span> <span class='ocrx_word' id='word_1_30' title='bbox 1073 561 1235 615; x_wconf 90' lang='grc'>311111</span> <span class='ocrx_word' id='word_1_31' title='bbox 1259 562 1482 615; x_wconf 87' lang='grc'>11013133</span> <span class='ocrx_word' id='word_1_32' title='bbox 1497 561 1787 631; x_wconf 81' lang='lat' dir='ltr'><strong>pulchrius</strong></span> <span class='ocrx_word' id='word_1_33' title='bbox 1806 576 1927 616; x_wconf 89' lang='lat' dir='ltr'>esse</span> <span class='ocrx_word' id='word_1_34' title='bbox 1953 556 2229 630; x_wconf 83' lang='lat' dir='ltr'>videatur,</span> <span class='ocrx_word' id='word_1_35' title='bbox 2258 562 2523 629; x_wconf 78' lang='lat' dir='ltr'>consequi</span> 
     </span>
     <span class='ocr_line' id='line_1_5' title="bbox 461 638 2523 709; baseline -0.003 -12"><span class='ocrx_word' id='word_1_36' title='bbox 461 659 528 697; x_wconf 84' lang='lat' dir='ltr'>re</span> <span class='ocrx_word' id='word_1_37' title='bbox 553 658 688 697; x_wconf 82' lang='lat' dir='ltr'>vera.</span> <span class='ocrx_word' id='word_1_38' title='bbox 719 640 864 698; x_wconf 87' lang='grc'>311111</span> <span class='ocrx_word' id='word_1_39' title='bbox 889 656 1010 695; x_wconf 87' lang='grc'>3333</span> <span class='ocrx_word' id='word_1_40' title='bbox 1037 639 1262 694; x_wconf 86' lang='grc'>11013133</span> <span class='ocrx_word' id='word_1_41' title='bbox 1287 639 1604 709; x_wconf 80' lang='lat' dir='ltr'>pulchrius.</span> <span class='ocrx_word' id='word_1_42' title='bbox 1638 655 1756 693; x_wconf 91' lang='grc'>303</span> <span class='ocrx_word' id='word_1_43' title='bbox 1784 639 1933 694; x_wconf 89' lang='grc'>33131</span> <span class='ocrx_word' id='word_1_44' title='bbox 1962 638 2193 693; x_wconf 88' lang='lat' dir='ltr'>dubium</span> <span class='ocrx_word' id='word_1_45' title='bbox 2228 654 2351 693; x_wconf 88' lang='grc'>3333</span> <span class='ocrx_word' id='word_1_46' title='bbox 2387 638 2523 707; x_wconf 88' lang='lat' dir='ltr'>quin</span> 
     </span>
     <span class='ocr_line' id='line_1_6' title="bbox 461 714 2521 787; baseline -0.002 -13"><span class='ocrx_word' id='word_1_47' title='bbox 461 718 638 774; x_wconf 87' lang='grc'>311313</span> <span class='ocrx_word' id='word_1_48' title='bbox 653 716 789 773; x_wconf 83' lang='lat' dir='ltr'>bovi-</span> <span class='ocrx_word' id='word_1_49' title='bbox 801 716 944 771; x_wconf 91' lang='grc'>311111</span> <span class='ocrx_word' id='word_1_50' title='bbox 959 716 1122 787; x_wconf 85' lang='lat' dir='ltr'>bove,</span> <span class='ocrx_word' id='word_1_51' title='bbox 1161 716 1292 771; x_wconf 89' lang='lat' dir='ltr'>cani</span> <span class='ocrx_word' id='word_1_52' title='bbox 1307 716 1449 771; x_wconf 86' lang='lat' dir='ltr'><strong>nihil</strong></span> <span class='ocrx_word' id='word_1_53' title='bbox 1467 732 1607 771; x_wconf 86' lang='lat' dir='ltr'>cane</span> <span class='ocrx_word' id='word_1_54' title='bbox 1623 716 1913 787; x_wconf 80' lang='lat' dir='ltr'>pulchrius</span> <span class='ocrx_word' id='word_1_55' title='bbox 1930 716 2207 771; x_wconf 80' lang='lat' dir='ltr'>videatur.</span> <span class='ocrx_word' id='word_1_56' title='bbox 2258 714 2521 786; x_wconf 90' lang='lat' dir='ltr'>Denique</span> 
     </span>
     <span class='ocr_line' id='line_1_7' title="bbox 463 791 2523 866; baseline -0.002 -17"><span class='ocrx_word' id='word_1_57' title='bbox 463 795 740 849; x_wconf 87' lang='lat' dir='ltr'>incertum</span> <span class='ocrx_word' id='word_1_58' title='bbox 776 793 917 847; x_wconf 91' lang='lat' dir='ltr'>illud</span> <span class='ocrx_word' id='word_1_59' title='bbox 953 811 1102 862; x_wconf 88' lang='lat' dir='ltr'>esse,</span> <span class='ocrx_word' id='word_1_60' title='bbox 1151 794 1300 865; x_wconf 87' lang='lat' dir='ltr'>quod</span> <span class='ocrx_word' id='word_1_61' title='bbox 1335 810 1610 865; x_wconf 83' lang='lat' dir='ltr'>nusquam</span> <span class='ocrx_word' id='word_1_62' title='bbox 1644 793 1752 847; x_wconf 88' lang='lat' dir='ltr'>nisi</span> <span class='ocrx_word' id='word_1_63' title='bbox 1784 794 1844 847; x_wconf 87' lang='lat' dir='ltr'>in</span> <span class='ocrx_word' id='word_1_64' title='bbox 1879 792 2067 866; x_wconf 83' lang='lat' dir='ltr'>figura</span> <span class='ocrx_word' id='word_1_65' title='bbox 2098 793 2344 849; x_wconf 83' lang='lat' dir='ltr'>humana</span> <span class='ocrx_word' id='word_1_66' title='bbox 2377 791 2523 846; x_wconf 86' lang='lat' dir='ltr'>ratio</span> 
     </span>
     <span class='ocr_line' id='line_1_8' title="bbox 467 868 2524 943; baseline -0.002 -18"><span class='ocrx_word' id='word_1_67' title='bbox 467 877 639 941; x_wconf 89' lang='lat' dir='ltr'>atque</span> <span class='ocrx_word' id='word_1_68' title='bbox 659 870 831 925; x_wconf 89' lang='lat' dir='ltr'>etiam</span> <span class='ocrx_word' id='word_1_69' title='bbox 857 870 1151 925; x_wconf 78' lang='lat' dir='ltr'>beatitudo</span> <span class='ocrx_word' id='word_1_70' title='bbox 1168 870 1354 925; x_wconf 89' lang='lat' dir='ltr'>locum</span> <span class='ocrx_word' id='word_1_71' title='bbox 1371 871 1582 925; x_wconf 86' lang='lat' dir='ltr'>habere</span> <span class='ocrx_word' id='word_1_72' title='bbox 1599 869 1874 925; x_wconf 84' lang='lat' dir='ltr'>videatur.</span> <span class='ocrx_word' id='word_1_73' title='bbox 1944 870 2143 943; x_wconf 83' lang='lat' dir='ltr'>Neque</span> <span class='ocrx_word' id='word_1_74' title='bbox 2162 870 2335 938; x_wconf 88' lang='lat' dir='ltr'>enim,</span> <span class='ocrx_word' id='word_1_75' title='bbox 2375 868 2524 941; x_wconf 90' lang='lat' dir='ltr'>quod</span> 
     </span>
     <span class='ocr_line' id='line_1_9' title="bbox 463 946 2524 1018; baseline -0.001 -17"><span class='ocrx_word' id='word_1_76' title='bbox 463 948 528 1001; x_wconf 88' lang='lat' dir='ltr'>in</span> <span class='ocrx_word' id='word_1_77' title='bbox 560 946 720 1001; x_wconf 85' lang='lat' dir='ltr'>nulla.</span> <span class='ocrx_word' id='word_1_78' title='bbox 753 947 868 1002; x_wconf 88' lang='lat' dir='ltr'>alia</span> <span class='ocrx_word' id='word_1_79' title='bbox 901 946 1086 1018; x_wconf 91' lang='lat' dir='ltr'>figura</span> <span class='ocrx_word' id='word_1_80' title='bbox 1119 946 1396 1002; x_wconf 89' lang='lat' dir='ltr'>rationem</span> <span class='ocrx_word' id='word_1_81' title='bbox 1429 947 1747 1016; x_wconf 88' lang='lat' dir='ltr'>viderimus,</span> <span class='ocrx_word' id='word_1_82' title='bbox 1784 952 2087 1018; x_wconf 89' lang='lat' dir='ltr'>propterea</span> <span class='ocrx_word' id='word_1_83' title='bbox 2119 948 2180 1001; x_wconf 90' lang='lat' dir='ltr'>in</span> <span class='ocrx_word' id='word_1_84' title='bbox 2214 946 2377 1001; x_wconf 85' lang='lat' dir='ltr'>nulla</span> <span class='ocrx_word' id='word_1_85' title='bbox 2402 962 2524 1001; x_wconf 89' lang='grc'>3333</span> 
     </span>
     <span class='ocr_line' id='line_1_10' title="bbox 465 1023 2526 1094; baseline 0 -17"><span class='ocrx_word' id='word_1_86' title='bbox 465 1040 654 1094; x_wconf 87' lang='lat' dir='ltr'>posse.</span> <span class='ocrx_word' id='word_1_87' title='bbox 724 1023 888 1088; x_wconf 81' lang='lat' dir='ltr'>Quod</span> <span class='ocrx_word' id='word_1_88' title='bbox 905 1040 1101 1079; x_wconf 88' lang='lat' dir='ltr'>sensus</span> <span class='ocrx_word' id='word_1_89' title='bbox 1119 1040 1232 1077; x_wconf 91' lang='lat' dir='ltr'>non</span> <span class='ocrx_word' id='word_1_90' title='bbox 1249 1025 1468 1094; x_wconf 88' lang='lat' dir='ltr'>doceat,</span> <span class='ocrx_word' id='word_1_91' title='bbox 1506 1026 1780 1081; x_wconf 87' lang='lat' dir='ltr'>rationem</span> <span class='ocrx_word' id='word_1_92' title='bbox 1797 1026 2017 1081; x_wconf 85' lang='lat' dir='ltr'>docere.</span> <span class='ocrx_word' id='word_1_93' title='bbox 2079 1024 2227 1081; x_wconf 86' lang='lat' dir='ltr'>Nam</span> <span class='ocrx_word' id='word_1_94' title='bbox 2244 1024 2293 1077; x_wconf 89' lang='lat' dir='ltr'>si</span> <span class='ocrx_word' id='word_1_95' title='bbox 2308 1023 2526 1077; x_wconf 90' lang='lat' dir='ltr'>nullum</span> 
     </span>
     <span class='ocr_line' id='line_1_11' title="bbox 467 1100 2523 1173; baseline 0 -20"><span class='ocrx_word' id='word_1_96' title='bbox 467 1101 558 1153; x_wconf 87' lang='lat' dir='ltr'>dis</span> <span class='ocrx_word' id='word_1_97' title='bbox 572 1100 880 1171; x_wconf 83' lang='lat' dir='ltr'>negotium,</span> <span class='ocrx_word' id='word_1_98' title='bbox 909 1102 1062 1170; x_wconf 87' lang='lat' dir='ltr'>quod</span> <span class='ocrx_word' id='word_1_99' title='bbox 1087 1102 1339 1157; x_wconf 87' lang='lat' dir='ltr'>membra</span> <span class='ocrx_word' id='word_1_100' title='bbox 1356 1103 1604 1173; x_wconf 81' lang='lat' dir='ltr'>corporis</span> <span class='ocrx_word' id='word_1_101' title='bbox 1630 1102 1863 1157; x_wconf 90' lang='lat' dir='ltr'>humani</span> <span class='ocrx_word' id='word_1_102' title='bbox 1886 1101 2151 1173; x_wconf 86' lang='lat' dir='ltr'>requirat,</span> <span class='ocrx_word' id='word_1_103' title='bbox 2188 1100 2331 1155; x_wconf 85' lang='lat' dir='ltr'>nihil</span> <span class='ocrx_word' id='word_1_104' title='bbox 2354 1116 2523 1154; x_wconf 90' lang='lat' dir='ltr'>mem-</span> 
     </span>
     <span class='ocr_line' id='line_1_12' title="bbox 467 1176 2521 1251; baseline -0.001 -18"><span class='ocrx_word' id='word_1_105' title='bbox 467 1177 585 1233; x_wconf 89' lang='lat' dir='ltr'>bris</span> <span class='ocrx_word' id='word_1_106' title='bbox 604 1194 744 1247; x_wconf 89' lang='lat' dir='ltr'>opus</span> <span class='ocrx_word' id='word_1_107' title='bbox 772 1194 894 1233; x_wconf 90' lang='lat' dir='ltr'>esse</span> <span class='ocrx_word' id='word_1_108' title='bbox 913 1178 1063 1248; x_wconf 86' lang='lat' dir='ltr'>(cap.</span> <span class='ocrx_word' id='word_1_109' title='bbox 1081 1178 1346 1251; x_wconf 76' lang='lat'><strong>27-37).</strong></span> <span class='ocrx_word' id='word_1_110' title='bbox 1391 1180 1542 1235; x_wconf 87' lang='lat' dir='ltr'>·Iam</span> <span class='ocrx_word' id='word_1_111' title='bbox 1567 1180 1627 1234; x_wconf 91' lang='lat' dir='ltr'>in</span> <span class='ocrx_word' id='word_1_112' title='bbox 1654 1179 1855 1235; x_wconf 86' lang='lat' dir='ltr'>ceteris</span> <span class='ocrx_word' id='word_1_113' title='bbox 1884 1180 2055 1235; x_wconf 87' lang='lat' dir='ltr'>etiam</span> <span class='ocrx_word' id='word_1_114' title='bbox 2084 1176 2521 1249; x_wconf 86' lang='lat' dir='ltr'>quaestionibus,</span> 
     </span>
     <span class='ocr_line' id='line_1_13' title="bbox 469 1255 2526 1327; baseline -0 -17"><span class='ocrx_word' id='word_1_115' title='bbox 469 1256 542 1310; x_wconf 91' lang='lat' dir='ltr'>de</span> <span class='ocrx_word' id='word_1_116' title='bbox 570 1255 866 1323; x_wconf 90' lang='lat' dir='ltr'>domicili0,</span> <span class='ocrx_word' id='word_1_117' title='bbox 905 1255 975 1309; x_wconf 92' lang='lat' dir='ltr'>de</span> <span class='ocrx_word' id='word_1_118' title='bbox 1002 1256 1136 1325; x_wconf 79' lang='lat' dir='ltr'>vita,</span> <span class='ocrx_word' id='word_1_119' title='bbox 1174 1258 1246 1313; x_wconf 90' lang='lat' dir='ltr'>de</span> <span class='ocrx_word' id='word_1_120' title='bbox 1271 1257 1623 1313; x_wconf 88' lang='lat' dir='ltr'>beatitudine</span> <span class='ocrx_word' id='word_1_121' title='bbox 1652 1257 1881 1313; x_wconf 91' lang='lat' dir='ltr'>deorum</span> <span class='ocrx_word' id='word_1_122' title='bbox 1908 1256 2166 1313; x_wconf 87' lang='lat' dir='ltr'>laborare</span> <span class='ocrx_word' id='word_1_123' title='bbox 2190 1255 2526 1327; x_wconf 81' lang='lat' dir='ltr'>Epicuream</span> 
     </span>
     <span class='ocr_line' id='line_1_14' title="bbox 467 1332 2525 1403; baseline 0 -16"><span class='ocrx_word' id='word_1_124' title='bbox 467 1332 771 1387; x_wconf 87' lang='lat' dir='ltr'>rationem:</span> <span class='ocrx_word' id='word_1_125' title='bbox 806 1333 1022 1387; x_wconf 89' lang='lat' dir='ltr'>nullam</span> <span class='ocrx_word' id='word_1_126' title='bbox 1049 1335 1108 1387; x_wconf 89' lang='lat' dir='ltr'>in</span> <span class='ocrx_word' id='word_1_127' title='bbox 1135 1334 1220 1387; x_wconf 90' lang='lat' dir='ltr'>dis</span> <span class='ocrx_word' id='word_1_128' title='bbox 1239 1333 1580 1390; x_wconf 79' lang='lat' dir='ltr'>soliditatem</span> <span class='ocrx_word' id='word_1_129' title='bbox 1609 1351 1731 1389; x_wconf 86' lang='lat' dir='ltr'>esse</span> <span class='ocrx_word' id='word_1_130' title='bbox 1758 1350 1865 1389; x_wconf 91' lang='lat' dir='ltr'>nec</span> <span class='ocrx_word' id='word_1_131' title='bbox 1892 1335 1967 1389; x_wconf 87' lang='lat' dir='ltr'>ad</span> <span class='ocrx_word' id='word_1_132' title='bbox 1993 1350 2283 1389; x_wconf 88' lang='lat' dir='ltr'>numerum</span> <span class='ocrx_word' id='word_1_133' title='bbox 2307 1348 2525 1403; x_wconf 87' lang='lat' dir='ltr'>perma-</span> 
     </span>
     <span class='ocr_line' id='line_1_15' title="bbox 467 1408 2523 1483; baseline -0.001 -20"><span class='ocrx_word' id='word_1_134' title='bbox 467 1426 605 1465; x_wconf 90' lang='lat' dir='ltr'>nere</span> <span class='ocrx_word' id='word_1_135' title='bbox 622 1408 750 1463; x_wconf 89' lang='grc'>11103</span> <span class='ocrx_word' id='word_1_136' title='bbox 769 1409 982 1479; x_wconf 85' lang='lat' dir='ltr'>dicere,</span> <span class='ocrx_word' id='word_1_137' title='bbox 1022 1411 1122 1465; x_wconf 90' lang='lat' dir='ltr'>sed</span> <span class='ocrx_word' id='word_1_138' title='bbox 1139 1411 1450 1483; x_wconf 85' lang='lat' dir='ltr'>imaginum</span> <span class='ocrx_word' id='word_1_139' title='bbox 1469 1412 1834 1467; x_wconf 75' lang='lat' dir='ltr'>similitudine</span> <span class='ocrx_word' id='word_1_140' title='bbox 1855 1417 1914 1466; x_wconf 88' lang='lat' dir='ltr'>et</span> <span class='ocrx_word' id='word_1_141' title='bbox 1936 1410 2263 1465; x_wconf 80' lang='lat' dir='ltr'>transitione</span> <span class='ocrx_word' id='word_1_142' title='bbox 2291 1409 2523 1480; x_wconf 86' lang='lat' dir='ltr'>percipi.</span> 
     </span>
     <span class='ocr_line' id='line_1_16' title="bbox 466 1486 2527 1558; baseline -0.001 -17"><span class='ocrx_word' id='word_1_143' title='bbox 466 1487 593 1541; x_wconf 86' lang='lat' dir='ltr'>Iam</span> <span class='ocrx_word' id='word_1_144' title='bbox 609 1486 657 1540; x_wconf 90' lang='lat' dir='ltr'>si</span> <span class='ocrx_word' id='word_1_145' title='bbox 673 1487 832 1541; x_wconf 85' lang='lat' dir='ltr'>nulla.</span> <span class='ocrx_word' id='word_1_146' title='bbox 850 1487 1080 1542; x_wconf 90' lang='lat' dir='ltr'>deorum</span> <span class='ocrx_word' id='word_1_147' title='bbox 1097 1489 1171 1543; x_wconf 89' lang='lat' dir='ltr'>sit</span> <span class='ocrx_word' id='word_1_148' title='bbox 1187 1489 1441 1543; x_wconf 79' lang='lat' dir='ltr'>soliditas</span> <span class='ocrx_word' id='word_1_149' title='bbox 1461 1494 1518 1544; x_wconf 89' lang='lat' dir='ltr'>et</span> <span class='ocrx_word' id='word_1_150' title='bbox 1537 1489 1858 1558; x_wconf 86' lang='lat' dir='ltr'>eminentia,</span> <span class='ocrx_word' id='word_1_151' title='bbox 1897 1487 2038 1543; x_wconf 86' lang='lat' dir='ltr'>nihil</span> <span class='ocrx_word' id='word_1_152' title='bbox 2053 1488 2325 1543; x_wconf 87' lang='lat' dir='ltr'>interesse</span> <span class='ocrx_word' id='word_1_153' title='bbox 2343 1491 2527 1541; x_wconf 87' lang='lat' dir='ltr'>utrum</span> 
     </span>
     <span class='ocr_line' id='line_1_17' title="bbox 461 1564 2527 1637; baseline -0.001 -18"><span class='ocrx_word' id='word_1_154' title='bbox 461 1565 542 1621; x_wconf 82' lang='lat' dir='ltr'>de</span> <span class='ocrx_word' id='word_1_155' title='bbox 577 1564 682 1619; x_wconf 89' lang='lat' dir='ltr'>deo</span> <span class='ocrx_word' id='word_1_156' title='bbox 719 1582 794 1619; x_wconf 88' lang='lat' dir='ltr'>an</span> <span class='ocrx_word' id='word_1_157' title='bbox 829 1564 900 1620; x_wconf 89' lang='lat' dir='ltr'>de</span> <span class='ocrx_word' id='word_1_158' title='bbox 933 1565 1376 1635; x_wconf 83' lang='lat' dir='ltr'>hippocentauro</span> <span class='ocrx_word' id='word_1_159' title='bbox 1413 1568 1757 1637; x_wconf 87' lang='lat' dir='ltr'>disputetur,</span> <span class='ocrx_word' id='word_1_160' title='bbox 1805 1566 2113 1637; x_wconf 84' lang='lat' dir='ltr'>meritoque</span> <span class='ocrx_word' id='word_1_161' title='bbox 2151 1565 2285 1621; x_wconf 89' lang='lat' dir='ltr'>deos</span> <span class='ocrx_word' id='word_1_162' title='bbox 2320 1564 2395 1619; x_wconf 87' lang='lat' dir='ltr'>ad</span> <span class='ocrx_word' id='word_1_163' title='bbox 2431 1580 2527 1618; x_wconf 87' lang='lat' dir='ltr'>eas</span> 
     </span>
     <span class='ocr_line' id='line_1_18' title="bbox 470 1639 2527 1715; baseline 0.006 -21"><span class='ocrx_word' id='word_1_164' title='bbox 470 1639 943 1696; x_wconf 83' lang='lat' dir='ltr'>conformationes</span> <span class='ocrx_word' id='word_1_165' title='bbox 975 1641 1197 1712; x_wconf 85' lang='lat' dir='ltr'>referri,</span> <span class='ocrx_word' id='word_1_166' title='bbox 1245 1642 1343 1713; x_wconf 89' lang='lat' dir='ltr'>qui</span> <span class='ocrx_word' id='word_1_167' title='bbox 1375 1649 1560 1699; x_wconf 86' lang='lat' dir='ltr'>motus</span> <span class='ocrx_word' id='word_1_168' title='bbox 1593 1644 1793 1699; x_wconf 83' lang='lat' dir='ltr'>inanes</span> <span class='ocrx_word' id='word_1_169' title='bbox 1829 1644 2203 1715; x_wconf 87' lang='lat' dir='ltr'>appellentur·</span> <span class='ocrx_word' id='word_1_170' title='bbox 2276 1640 2441 1705; x_wconf 75' lang='lat' dir='ltr'>Quod</span> <span class='ocrx_word' id='word_1_171' title='bbox 2480 1656 2527 1692; x_wconf 76' lang='lat'>⁵1</span> 
     </span>
     <span class='ocr_line' id='line_1_19' title="bbox 464 1715 2529 1791; baseline 0 -21.001"><span class='ocrx_word' id='word_1_172' title='bbox 464 1715 808 1789; x_wconf 86' lang='lat' dir='ltr'>imaginibus</span> <span class='ocrx_word' id='word_1_173' title='bbox 829 1718 1059 1773; x_wconf 88' lang='lat' dir='ltr'>deorum</span> <span class='ocrx_word' id='word_1_174' title='bbox 1074 1720 1369 1790; x_wconf 87' lang='lat' dir='ltr'>pulsentur</span> <span class='ocrx_word' id='word_1_175' title='bbox 1387 1721 1578 1791; x_wconf 86' lang='lat' dir='ltr'>animi,</span> <span class='ocrx_word' id='word_1_176' title='bbox 1618 1738 1956 1791; x_wconf 88' lang='lat' dir='ltr'>quamquam</span> <span class='ocrx_word' id='word_1_177' title='bbox 1980 1726 2104 1775; x_wconf 87' lang='lat' dir='ltr'>tota</span> <span class='ocrx_word' id='word_1_178' title='bbox 2118 1737 2210 1777; x_wconf 87' lang='lat' dir='ltr'>res</span> <span class='ocrx_word' id='word_1_179' title='bbox 2228 1717 2529 1791; x_wconf 86' lang='lat' dir='ltr'>nugatoria</span> 
     </span>
     <span class='ocr_line' id='line_1_20' title="bbox 463 1793 2528 1866; baseline 0.001 -19"><span class='ocrx_word' id='word_1_180' title='bbox 463 1793 562 1862; x_wconf 80' lang='lat' dir='ltr'>sit,</span> <span class='ocrx_word' id='word_1_181' title='bbox 599 1804 792 1849; x_wconf 86' lang='lat' dir='ltr'>tamen</span> <span class='ocrx_word' id='word_1_182' title='bbox 809 1796 1026 1864; x_wconf 91' lang='lat' dir='ltr'>species</span> <span class='ocrx_word' id='word_1_183' title='bbox 1047 1797 1338 1851; x_wconf 82' lang='lat' dir='ltr'>dumtaxat</span> <span class='ocrx_word' id='word_1_184' title='bbox 1356 1797 1504 1851; x_wconf 92' lang='lat' dir='ltr'>obici</span> <span class='ocrx_word' id='word_1_185' title='bbox 1532 1798 1749 1866; x_wconf 86' lang='lat' dir='ltr'>animis,</span> <span class='ocrx_word' id='word_1_186' title='bbox 1786 1815 1901 1852; x_wconf 90' lang='lat' dir='ltr'>non</span> <span class='ocrx_word' id='word_1_187' title='bbox 1927 1814 2060 1851; x_wconf 83' lang='lat' dir='ltr'>vero</span> <span class='ocrx_word' id='word_1_188' title='bbox 2078 1814 2177 1851; x_wconf 88' lang='lat' dir='ltr'>cur</span> <span class='ocrx_word' id='word_1_189' title='bbox 2195 1812 2297 1851; x_wconf 86' lang='lat' dir='ltr'>eae</span> <span class='ocrx_word' id='word_1_190' title='bbox 2322 1797 2528 1850; x_wconf 85' lang='lat' dir='ltr'>beatae</span> 
     </span>
     <span class='ocr_line' id='line_1_21' title="bbox 467 1870 2529 1939; baseline -0.001 -14"><span class='ocrx_word' id='word_1_191' title='bbox 467 1870 584 1925; x_wconf 84' lang='lat' dir='ltr'>sint</span> <span class='ocrx_word' id='word_1_192' title='bbox 601 1878 701 1924; x_wconf 91' lang='lat' dir='ltr'>aut</span> <span class='ocrx_word' id='word_1_193' title='bbox 719 1877 1000 1939; x_wconf 87' lang='lat' dir='ltr'>aeternae,</span> <span class='ocrx_word' id='word_1_194' title='bbox 1039 1872 1145 1926; x_wconf 87' lang='lat' dir='ltr'>etsi</span> <span class='ocrx_word' id='word_1_195' title='bbox 1160 1873 1252 1927; x_wconf 83' lang='lat' dir='ltr'>vel</span> <span class='ocrx_word' id='word_1_196' title='bbox 1268 1872 1507 1927; x_wconf 86' lang='lat' dir='ltr'>maxime</span> <span class='ocrx_word' id='word_1_197' title='bbox 1526 1874 1882 1927; x_wconf 85' lang='lat' dir='ltr'>continenter</span> <span class='ocrx_word' id='word_1_198' title='bbox 1896 1873 2164 1927; x_wconf 84' lang='lat' dir='ltr'>ferantur.</span> <span class='ocrx_word' id='word_1_199' title='bbox 2209 1872 2356 1928; x_wconf 85' lang='lat' dir='ltr'>Nam</span> <span class='ocrx_word' id='word_1_200' title='bbox 2373 1870 2529 1924; x_wconf 87' lang='lat' dir='ltr'>illam</span> 
     </span>
     <span class='ocr_line' id='line_1_22' title="bbox 463 1946 2528 2016; baseline 0 -18"><span class='ocrx_word' id='word_1_201' title='bbox 463 1950 783 2012; x_wconf 70' lang='grc' dir='ltr'>ἰσονομίαν,</span> <span class='ocrx_word' id='word_1_202' title='bbox 818 1946 880 1999; x_wconf 89' lang='lat' dir='ltr'>id</span> <span class='ocrx_word' id='word_1_203' title='bbox 908 1952 996 2001; x_wconf 89' lang='lat' dir='ltr'>est</span> <span class='ocrx_word' id='word_1_204' title='bbox 1029 1947 1528 2015; x_wconf 75' lang='lat' dir='ltr'>aequilibritatem,</span> <span class='ocrx_word' id='word_1_205' title='bbox 1561 1947 1818 2016; x_wconf 87' lang='lat' dir='ltr'>Epicuri,</span> <span class='ocrx_word' id='word_1_206' title='bbox 1856 1964 1986 2016; x_wconf 88' lang='lat' dir='ltr'>qua,</span> <span class='ocrx_word' id='word_1_207' title='bbox 2026 1948 2123 2016; x_wconf 86' lang='lat' dir='ltr'>qui</span> <span class='ocrx_word' id='word_1_208' title='bbox 2148 1953 2353 2001; x_wconf 87' lang='lat' dir='ltr'>natura</span> <span class='ocrx_word' id='word_1_209' title='bbox 2386 1961 2528 2000; x_wconf 88' lang='lat' dir='ltr'>mor—</span> 
     </span>
    </p>

    <p class='ocr_par' dir='ltr' id='par_1_4' title="bbox 465 2021 2531 2247">
     <span class='ocr_line' id='line_1_23' title="bbox 465 2021 2527 2093; baseline 0 -18"><span class='ocrx_word' id='word_1_210' title='bbox 465 2021 601 2081; x_wconf 79' lang='lat' dir='ltr'>talis</span> <span class='ocrx_word' id='word_1_211' title='bbox 619 2022 706 2088; x_wconf 90' lang='lat' dir='ltr'>sit,</span> <span class='ocrx_word' id='word_1_212' title='bbox 743 2026 808 2073; x_wconf 88' lang='lat' dir='ltr'>ut</span> <span class='ocrx_word' id='word_1_213' title='bbox 823 2021 872 2073; x_wconf 88' lang='lat' dir='ltr'>is</span> <span class='ocrx_word' id='word_1_214' title='bbox 898 2022 1070 2075; x_wconf 90' lang='lat' dir='ltr'>etiam</span> <span class='ocrx_word' id='word_1_215' title='bbox 1093 2022 1422 2077; x_wconf 85' lang='lat' dir='ltr'>immortalis</span> <span class='ocrx_word' id='word_1_216' title='bbox 1449 2025 1525 2077; x_wconf 88' lang='lat' dir='ltr'>sit</span> <span class='ocrx_word' id='word_1_217' title='bbox 1549 2022 1702 2079; x_wconf 85' lang='lat' dir='ltr'>effici</span> <span class='ocrx_word' id='word_1_218' title='bbox 1726 2028 1912 2093; x_wconf 89' lang='lat' dir='ltr'>putet,</span> <span class='ocrx_word' id='word_1_219' title='bbox 1956 2022 2362 2093; x_wconf 82' lang='lat' dir='ltr'>perabsurdam</span> <span class='ocrx_word' id='word_1_220' title='bbox 2388 2037 2527 2090; x_wconf 88' lang='grc'>3333,</span> 
     </span>
     <span class='ocr_line' id='line_1_24' title="bbox 471 2097 2531 2171; baseline 0 -19"><span class='ocrx_word' id='word_1_221' title='bbox 471 2097 623 2168; x_wconf 91' lang='lat' dir='ltr'>quod</span> <span class='ocrx_word' id='word_1_222' title='bbox 641 2115 711 2153; x_wconf 90' lang='lat' dir='ltr'>ea</span> <span class='ocrx_word' id='word_1_223' title='bbox 729 2103 954 2167; x_wconf 89' lang='lat' dir='ltr'>sumpta</span> <span class='ocrx_word' id='word_1_224' title='bbox 981 2099 1178 2153; x_wconf 89' lang='lat' dir='ltr'>eodem</span> <span class='ocrx_word' id='word_1_225' title='bbox 1205 2100 1370 2154; x_wconf 89' lang='lat' dir='ltr'>modo</span> <span class='ocrx_word' id='word_1_226' title='bbox 1399 2100 1592 2171; x_wconf 86' lang='lat' dir='ltr'>colligi</span> <span class='ocrx_word' id='word_1_227' title='bbox 1615 2100 1811 2171; x_wconf 83' lang='lat' dir='ltr'>possit,</span> <span class='ocrx_word' id='word_1_228' title='bbox 1849 2100 1983 2170; x_wconf 84' lang='lat' dir='ltr'>quia</span> <span class='ocrx_word' id='word_1_229' title='bbox 2010 2098 2261 2155; x_wconf 89' lang='lat' dir='ltr'>homines</span> <span class='ocrx_word' id='word_1_230' title='bbox 2288 2099 2347 2153; x_wconf 88' lang='lat' dir='ltr'>in</span> <span class='ocrx_word' id='word_1_231' title='bbox 2376 2104 2531 2153; x_wconf 83' lang='lat' dir='ltr'>terra</span> 
     </span>
     <span class='ocr_line' id='line_1_25' title="bbox 469 2174 2526 2265; baseline 0.001 -38"><span class='ocrx_word' id='word_1_232' title='bbox 469 2179 790 2242; x_wconf 88' lang='lat' dir='ltr'>nascantur,</span> <span class='ocrx_word' id='word_1_233' title='bbox 829 2174 1034 2229; x_wconf 88' lang='lat' dir='ltr'>etiam</span> <span class='ocrx_word' id='word_1_234' title='bbox 1017 2193 1077 2228; x_wconf 89' lang='lat' dir='ltr'>m</span> <span class='ocrx_word' id='word_1_235' title='bbox 1095 2191 1244 2245; x_wconf 89' lang='lat' dir='ltr'>aqua</span> <span class='ocrx_word' id='word_1_236' title='bbox 1260 2177 1418 2231; x_wconf 88' lang='lat' dir='ltr'>nasci</span> <span class='ocrx_word' id='word_1_237' title='bbox 1437 2182 1495 2231; x_wconf 91' lang='lat' dir='ltr'>et</span> <span class='ocrx_word' id='word_1_238' title='bbox 1519 2176 1683 2231; x_wconf 87' lang='grc'>11111113</span> <span class='ocrx_word' id='word_1_239' title='bbox 1700 2176 1853 2231; x_wconf 89' lang='lat' dir='ltr'>modi</span> <span class='ocrx_word' id='word_1_240' title='bbox 1872 2177 2115 2232; x_wconf 87' lang='lat' dir='ltr'>absurda</span> <span class='ocrx_word' id='word_1_241' title='bbox 2131 2177 2310 2265; x_wconf 79' lang='lat' dir='ltr'>plura.</span> <span class='ocrx_word' id='word_1_242' title='bbox 2380 2176 2526 2230; x_wconf 91' lang='lat' dir='ltr'>Bea-</span> 
     </span>
    </p>

    <p class='ocr_par' dir='ltr' id='par_1_5' title="bbox 467 2251 2533 3096">
     <span class='ocr_line' id='line_1_26' title="bbox 467 2251 2530 2324; baseline 0.001 -19"><span class='ocrx_word' id='word_1_243' title='bbox 467 2256 562 2305; x_wconf 86' lang='lat' dir='ltr'>tus</span> <span class='ocrx_word' id='word_1_244' title='bbox 579 2268 710 2307; x_wconf 81' lang='lat' dir='ltr'>vero</span> <span class='ocrx_word' id='word_1_245' title='bbox 729 2267 855 2304; x_wconf 89' lang='lat' dir='ltr'>cum</span> <span class='ocrx_word' id='word_1_246' title='bbox 873 2251 992 2307; x_wconf 89' lang='lat' dir='ltr'>sine</span> <span class='ocrx_word' id='word_1_247' title='bbox 1009 2252 1212 2308; x_wconf 81' lang='lat' dir='ltr'>virtute</span> <span class='ocrx_word' id='word_1_248' title='bbox 1231 2270 1394 2309; x_wconf 90' lang='lat' dir='ltr'>nemo</span> <span class='ocrx_word' id='word_1_249' title='bbox 1415 2271 1542 2309; x_wconf 89' lang='lat' dir='ltr'>esse</span> <span class='ocrx_word' id='word_1_250' title='bbox 1559 2254 1755 2324; x_wconf 88' lang='lat' dir='ltr'>possit,</span> <span class='ocrx_word' id='word_1_251' title='bbox 1786 2253 1944 2308; x_wconf 90' lang='lat' dir='ltr'>nulla</span> <span class='ocrx_word' id='word_1_252' title='bbox 1968 2259 2155 2309; x_wconf 89' lang='lat' dir='ltr'>autem</span> <span class='ocrx_word' id='word_1_253' title='bbox 2173 2252 2292 2309; x_wconf 84' lang='lat' dir='ltr'>sine</span> <span class='ocrx_word' id='word_1_254' title='bbox 2312 2252 2530 2307; x_wconf 90' lang='lat' dir='ltr'>actione</span> 
     </span>
     <span class='ocr_line' id='line_1_27' title="bbox 468 2328 2530 2419; baseline 0 -36"><span class='ocrx_word' id='word_1_255' title='bbox 468 2328 659 2397; x_wconf 82' lang='lat' dir='ltr'>virtus,</span> <span class='ocrx_word' id='word_1_256' title='bbox 697 2344 770 2382; x_wconf 91' lang='grc'>113</span> <span class='ocrx_word' id='word_1_257' title='bbox 788 2329 922 2385; x_wconf 82' lang='grc'>(1303</span> <span class='ocrx_word' id='word_1_258' title='bbox 949 2329 1176 2419; x_wconf 81' lang='lat' dir='ltr'>quidem</span> <span class='ocrx_word' id='word_1_259' title='bbox 1202 2330 1330 2385; x_wconf 90' lang='lat' dir='ltr'>illos</span> <span class='ocrx_word' id='word_1_260' title='bbox 1357 2331 1564 2386; x_wconf 88' lang='grc'>0110303</span> <span class='ocrx_word' id='word_1_261' title='bbox 1590 2331 1788 2386; x_wconf 88' lang='lat' dir='ltr'>beatos</span> <span class='ocrx_word' id='word_1_262' title='bbox 1812 2346 1933 2386; x_wconf 86' lang='lat' dir='ltr'>esse</span> <span class='ocrx_word' id='word_1_263' title='bbox 1960 2346 2146 2400; x_wconf 88' lang='lat' dir='ltr'>posse,</span> <span class='ocrx_word' id='word_1_264' title='bbox 2184 2346 2322 2401; x_wconf 91' lang='lat' dir='ltr'>quos</span> <span class='ocrx_word' id='word_1_265' title='bbox 2348 2344 2530 2399; x_wconf 90' lang='lat' dir='ltr'>neque</span> 
     </span>
     <span class='ocr_line' id='line_1_28' title="bbox 468 2405 2533 2479; baseline 0 -20"><span class='ocrx_word' id='word_1_266' title='bbox 468 2405 759 2476; x_wconf 85' lang='lat' dir='ltr'>voluptate</span> <span class='ocrx_word' id='word_1_267' title='bbox 795 2407 1044 2477; x_wconf 87' lang='lat' dir='ltr'>corporis</span> <span class='ocrx_word' id='word_1_268' title='bbox 1075 2408 1160 2461; x_wconf 89' lang='lat' dir='ltr'>uti</span> <span class='ocrx_word' id='word_1_269' title='bbox 1201 2425 1394 2479; x_wconf 84' lang='lat' dir='ltr'>posse,</span> <span class='ocrx_word' id='word_1_270' title='bbox 1440 2410 1502 2463; x_wconf 90' lang='lat' dir='ltr'>in</span> <span class='ocrx_word' id='word_1_271' title='bbox 1546 2425 1661 2479; x_wconf 89' lang='lat' dir='ltr'>qua</span> <span class='ocrx_word' id='word_1_272' title='bbox 1694 2424 1972 2462; x_wconf 86' lang='lat' dir='ltr'>summum</span> <span class='ocrx_word' id='word_1_273' title='bbox 2016 2407 2226 2464; x_wconf 88' lang='lat' dir='ltr'>bonum</span> <span class='ocrx_word' id='word_1_274' title='bbox 2258 2406 2533 2477; x_wconf 86' lang='lat' dir='ltr'>Epicurus</span> 
     </span>
     <span class='ocr_line' id='line_1_29' title="bbox 467 2484 2531 2554; baseline 0 -17"><span class='ocrx_word' id='word_1_275' title='bbox 467 2488 670 2554; x_wconf 90' lang='lat' dir='ltr'>ponat,</span> <span class='ocrx_word' id='word_1_276' title='bbox 718 2500 902 2553; x_wconf 89' lang='lat' dir='ltr'>neque</span> <span class='ocrx_word' id='word_1_277' title='bbox 937 2501 1053 2539; x_wconf 88' lang='lat' dir='ltr'>una</span> <span class='ocrx_word' id='word_1_278' title='bbox 1086 2484 1294 2539; x_wconf 88' lang='lat' dir='ltr'>doloris</span> <span class='ocrx_word' id='word_1_279' title='bbox 1327 2486 1610 2541; x_wconf 78' lang='lat' dir='ltr'>vacuitate</span> <span class='ocrx_word' id='word_1_280' title='bbox 1647 2490 1747 2541; x_wconf 87' lang='lat' dir='ltr'>aut</span> <span class='ocrx_word' id='word_1_281' title='bbox 1782 2484 2027 2540; x_wconf 86' lang='lat' dir='ltr'>adsidua</span> <span class='ocrx_word' id='word_1_282' title='bbox 2069 2484 2361 2541; x_wconf 86' lang='lat' dir='ltr'>felicitatis</span> <span class='ocrx_word' id='word_1_283' title='bbox 2396 2500 2531 2538; x_wconf 88' lang='grc'>31133</span> 
     </span>
     <span class='ocr_line' id='line_1_30' title="bbox 469 2560 2533 2633; baseline 0 -18"><span class='ocrx_word' id='word_1_284' title='bbox 469 2560 818 2633; x_wconf 86' lang='lat' dir='ltr'>cogitatione</span> <span class='ocrx_word' id='word_1_285' title='bbox 835 2562 1033 2615; x_wconf 85' lang='lat' dir='ltr'>beatos</span> <span class='ocrx_word' id='word_1_286' title='bbox 1052 2560 1202 2616; x_wconf 86' lang='lat' dir='ltr'>effici</span> <span class='ocrx_word' id='word_1_287' title='bbox 1217 2579 1400 2633; x_wconf 89' lang='lat' dir='ltr'>posse,</span> <span class='ocrx_word' id='word_1_288' title='bbox 1443 2568 1502 2617; x_wconf 91' lang='lat' dir='ltr'>et</span> <span class='ocrx_word' id='word_1_289' title='bbox 1519 2579 1646 2617; x_wconf 91' lang='lat' dir='ltr'>cum</span> <span class='ocrx_word' id='word_1_290' title='bbox 1666 2580 1884 2632; x_wconf 88' lang='lat' dir='ltr'>semper</span> <span class='ocrx_word' id='word_1_291' title='bbox 1902 2562 2194 2632; x_wconf 84' lang='lat' dir='ltr'>pulsentur</span> <span class='ocrx_word' id='word_1_292' title='bbox 2219 2562 2533 2615; x_wconf 88' lang='lat' dir='ltr'>incursione</span> 
     </span>
     <span class='ocr_line' id='line_1_31' title="bbox 472 2638 2532 2711; baseline -0 -19"><span class='ocrx_word' id='word_1_293' title='bbox 472 2644 784 2692; x_wconf 86' lang='lat' dir='ltr'>atomorum</span> <span class='ocrx_word' id='word_1_294' title='bbox 811 2645 869 2692; x_wconf 93' lang='lat' dir='ltr'>et</span> <span class='ocrx_word' id='word_1_295' title='bbox 894 2638 1170 2711; x_wconf 84' lang='lat' dir='ltr'>imagines</span> <span class='ocrx_word' id='word_1_296' title='bbox 1190 2656 1258 2694; x_wconf 86' lang='lat' dir='ltr'>ex</span> <span class='ocrx_word' id='word_1_297' title='bbox 1282 2640 1418 2709; x_wconf 89' lang='lat' dir='ltr'>ipsis</span> <span class='ocrx_word' id='word_1_298' title='bbox 1446 2656 1667 2709; x_wconf 87' lang='lat' dir='ltr'>semper</span> <span class='ocrx_word' id='word_1_299' title='bbox 1694 2639 1946 2706; x_wconf 87' lang='lat' dir='ltr'>effluant,</span> <span class='ocrx_word' id='word_1_300' title='bbox 1984 2656 2100 2693; x_wconf 90' lang='lat' dir='ltr'>non</span> <span class='ocrx_word' id='word_1_301' title='bbox 2128 2654 2292 2708; x_wconf 88' lang='lat' dir='ltr'>posse</span> <span class='ocrx_word' id='word_1_302' title='bbox 2310 2654 2423 2691; x_wconf 91' lang='lat' dir='ltr'>non</span> <span class='ocrx_word' id='word_1_303' title='bbox 2450 2638 2532 2691; x_wconf 89' lang='lat' dir='ltr'>in—</span> 
     </span>
     <span class='ocr_line' id='line_1_32' title="bbox 468 2715 2533 2787; baseline -0 -18"><span class='ocrx_word' id='word_1_304' title='bbox 468 2715 700 2769; x_wconf 85' lang='lat' dir='ltr'>teritum</span> <span class='ocrx_word' id='word_1_305' title='bbox 715 2715 929 2785; x_wconf 81' lang='lat' dir='ltr'>timere,</span> <span class='ocrx_word' id='word_1_306' title='bbox 966 2716 1026 2770; x_wconf 91' lang='lat' dir='ltr'>id</span> <span class='ocrx_word' id='word_1_307' title='bbox 1047 2716 1196 2786; x_wconf 88' lang='lat' dir='ltr'>quod</span> <span class='ocrx_word' id='word_1_308' title='bbox 1221 2716 1562 2772; x_wconf 89' lang='lat' dir='ltr'>beatitudini</span> <span class='ocrx_word' id='word_1_309' title='bbox 1584 2734 1811 2787; x_wconf 88' lang='lat' dir='ltr'>prorsus</span> <span class='ocrx_word' id='word_1_310' title='bbox 1840 2717 2179 2771; x_wconf 88' lang='lat' dir='ltr'>contrarium</span> <span class='ocrx_word' id='word_1_311' title='bbox 2196 2732 2319 2773; x_wconf 85' lang='grc'>3333</span> <span class='ocrx_word' id='word_1_312' title='bbox 2344 2716 2533 2769; x_wconf 85' lang='lat' dir='ltr'>videa-</span> 
     </span>
     <span class='ocr_line' id='line_1_33' title="bbox 470 2788 2529 2865; baseline -0.002 -18"><span class='ocrx_word' id='word_1_313' title='bbox 470 2799 565 2847; x_wconf 82' lang='lat' dir='ltr'>tur</span> <span class='ocrx_word' id='word_1_314' title='bbox 580 2793 730 2864; x_wconf 85' lang='lat' dir='ltr'>(cap.</span> <span class='ocrx_word' id='word_1_315' title='bbox 747 2792 1012 2865; x_wconf 76' lang='lat'>37—41).</span> <span class='ocrx_word' id='word_1_316' title='bbox 1051 2792 1328 2856; x_wconf 83' lang='lat' dir='ltr'>Quoniam</span> <span class='ocrx_word' id='word_1_317' title='bbox 1345 2810 1475 2848; x_wconf 82' lang='lat' dir='ltr'>vero</span> <span class='ocrx_word' id='word_1_318' title='bbox 1494 2793 1703 2847; x_wconf 88' lang='lat' dir='ltr'>otiosos</span> <span class='ocrx_word' id='word_1_319' title='bbox 1722 2793 1857 2848; x_wconf 90' lang='lat' dir='ltr'>deos</span> <span class='ocrx_word' id='word_1_320' title='bbox 1873 2792 2235 2847; x_wconf 87' lang='lat' dir='ltr'>introducant</span> <span class='ocrx_word' id='word_1_321' title='bbox 2250 2788 2529 2861; x_wconf 89' lang='lat' dir='ltr'>Epicurei,</span> 
     </span>
     <span class='ocr_line' id='line_1_34' title="bbox 471 2867 2528 2939; baseline -0.001 -18"><span class='ocrx_word' id='word_1_322' title='bbox 471 2868 686 2923; x_wconf 81' lang='lat' dir='ltr'>nullam</span> <span class='ocrx_word' id='word_1_323' title='bbox 701 2886 888 2925; x_wconf 87' lang='lat' dir='ltr'>rerum</span> <span class='ocrx_word' id='word_1_324' title='bbox 905 2870 1274 2925; x_wconf 87' lang='lat' dir='ltr'>humanarum</span> <span class='ocrx_word' id='word_1_325' title='bbox 1294 2886 1486 2925; x_wconf 83' lang='lat' dir='ltr'>curam</span> <span class='ocrx_word' id='word_1_326' title='bbox 1501 2869 1795 2939; x_wconf 89' lang='lat' dir='ltr'>habentes,</span> <span class='ocrx_word' id='word_1_327' title='bbox 1825 2869 1967 2927; x_wconf 90' lang='lat' dir='ltr'>nihil</span> <span class='ocrx_word' id='word_1_328' title='bbox 1982 2869 2241 2925; x_wconf 80' lang='lat' dir='ltr'>iuvantes</span> <span class='ocrx_word' id='word_1_329' title='bbox 2257 2867 2528 2935; x_wconf 88' lang='lat' dir='ltr'>homines,</span> 
     </span>
     <span class='ocr_line' id='line_1_35' title="bbox 475 2945 2530 3015; baseline 0 -18"><span class='ocrx_word' id='word_1_330' title='bbox 475 2960 696 3000; x_wconf 90' lang='lat' dir='ltr'>omnem</span> <span class='ocrx_word' id='word_1_331' title='bbox 733 2945 1092 2999; x_wconf 88' lang='lat' dir='ltr'>sanctitatem</span> <span class='ocrx_word' id='word_1_332' title='bbox 1129 2947 1359 3000; x_wconf 90' lang='lat' dir='ltr'>deorum</span> <span class='ocrx_word' id='word_1_333' title='bbox 1397 2952 1456 3001; x_wconf 90' lang='lat' dir='ltr'>et</span> <span class='ocrx_word' id='word_1_334' title='bbox 1487 2946 1776 3001; x_wconf 88' lang='lat' dir='ltr'>hominum</span> <span class='ocrx_word' id='word_1_335' title='bbox 1812 2946 2076 3001; x_wconf 81' lang='lat' dir='ltr'>adversus</span> <span class='ocrx_word' id='word_1_336' title='bbox 2112 2962 2209 3001; x_wconf 91' lang='lat' dir='ltr'>eos</span> <span class='ocrx_word' id='word_1_337' title='bbox 2241 2945 2530 3015; x_wconf 81' lang='lat' dir='ltr'>pietatem,</span> 
     </span>
     <span class='ocr_line' id='line_1_36' title="bbox 474 3021 2343 3096; baseline 0.001 -22"><span class='ocrx_word' id='word_1_338' title='bbox 474 3036 814 3090; x_wconf 82' lang='lat' dir='ltr'>quamquam</span> <span class='ocrx_word' id='word_1_339' title='bbox 831 3021 1014 3075; x_wconf 87' lang='lat' dir='ltr'>verbis</span> <span class='ocrx_word' id='word_1_340' title='bbox 1034 3022 1117 3075; x_wconf 91' lang='lat' dir='ltr'>illi</span> <span class='ocrx_word' id='word_1_341' title='bbox 1133 3028 1366 3093; x_wconf 88' lang='lat' dir='ltr'>ponant,</span> <span class='ocrx_word' id='word_1_342' title='bbox 1403 3040 1465 3077; x_wconf 88' lang='lat' dir='ltr'>re</span> <span class='ocrx_word' id='word_1_343' title='bbox 1485 3027 1675 3077; x_wconf 89' lang='lat' dir='ltr'>tamen</span> <span class='ocrx_word' id='word_1_344' title='bbox 1693 3022 1890 3078; x_wconf 86' lang='lat' dir='ltr'>tollere</span> <span class='ocrx_word' id='word_1_345' title='bbox 1910 3025 2057 3096; x_wconf 82' lang='lat' dir='ltr'>(cap.</span> <span class='ocrx_word' id='word_1_346' title='bbox 2078 3022 2343 3094; x_wconf 82' lang='lat'>41—44).</span> 
     </span>
    </p>
   </div>
   <div class='ocr_carea' id='block_1_3' title="bbox 1297 3208 1721 3219">
    <p class='ocr_par' dir='ltr' id='par_1_6' title="bbox 1297 3208 1721 3219">
     <span class='ocr_line' id='line_1_37' title="bbox 1297 3208 1721 3219; baseline 0 0"><span class='ocrx_word' id='word_1_347' title='bbox 1297 3208 1721 3219; x_wconf 95' lang='lat' dir='ltr'> </span> 
     </span>
    </p>
   </div>
   <div class='ocr_carea' id='block_1_4' title="bbox 475 3329 2596 4079">
    <p class='ocr_par' dir='ltr' id='par_1_7' title="bbox 475 3329 2596 4079">
     <span class='ocr_line' id='line_1_38' title="bbox 609 3329 2596 3420; baseline 0.001 -24"><span class='ocrx_word' id='word_1_348' title='bbox 609 3329 782 3397; x_wconf 83' lang='lat' dir='ltr'>Cum</span> <span class='ocrx_word' id='word_1_349' title='bbox 816 3334 1054 3398; x_wconf 85' lang='lat' dir='ltr'>multae</span> <span class='ocrx_word' id='word_1_350' title='bbox 1088 3356 1192 3398; x_wconf 89' lang='lat' dir='ltr'>res</span> <span class='ocrx_word' id='word_1_351' title='bbox 1235 3332 1302 3397; x_wconf 92' lang='lat' dir='ltr'>in</span> <span class='ocrx_word' id='word_1_352' title='bbox 1345 3332 1748 3420; x_wconf 88' lang='lat' dir='ltr'>philosophia</span> <span class='ocrx_word' id='word_1_353' title='bbox 1780 3354 2191 3417; x_wconf 85' lang='lat' dir='ltr'>nequaquam</span> <span class='ocrx_word' id='word_1_354' title='bbox 2226 3334 2381 3398; x_wconf 87' lang='lat' dir='ltr'>satis</span> <span class='ocrx_word' id='word_1_355' title='bbox 2416 3334 2596 3397; x_wconf 84' lang='lat' dir='ltr'>ad-1</span> 
     </span>
     <span class='ocr_line' id='line_1_39' title="bbox 477 3426 2533 3514; baseline 0 -24"><span class='ocrx_word' id='word_1_356' title='bbox 477 3427 608 3499; x_wconf 85' lang='lat' dir='ltr'>huc</span> <span class='ocrx_word' id='word_1_357' title='bbox 643 3426 995 3511; x_wconf 84' lang='lat' dir='ltr'>explicatae</span> <span class='ocrx_word' id='word_1_358' title='bbox 1029 3427 1175 3503; x_wconf 87' lang='lat' dir='ltr'>sint,</span> <span class='ocrx_word' id='word_1_359' title='bbox 1211 3439 1350 3493; x_wconf 89' lang='lat' dir='ltr'>tum</span> <span class='ocrx_word' id='word_1_360' title='bbox 1383 3428 1797 3514; x_wconf 86' lang='lat' dir='ltr'>perdifficilis,</span> <span class='ocrx_word' id='word_1_361' title='bbox 1831 3427 2063 3503; x_wconf 84' lang='lat' dir='ltr'>Brute,</span> <span class='ocrx_word' id='word_1_362' title='bbox 2100 3428 2275 3512; x_wconf 86' lang='lat' dir='ltr'>quod</span> <span class='ocrx_word' id='word_1_363' title='bbox 2306 3440 2379 3491; x_wconf 87' lang='lat' dir='ltr'>tu</span> <span class='ocrx_word' id='word_1_364' title='bbox 2412 3426 2533 3491; x_wconf 86' lang='lat' dir='ltr'>mi·-</span> 
     </span>
     <span class='ocr_line' id='line_1_40' title="bbox 475 3519 2531 3630; baseline -0.004 -41"><span class='ocrx_word' id='word_1_365' title='bbox 475 3520 651 3589; x_wconf 88' lang='lat' dir='ltr'>nime</span> <span class='ocrx_word' id='word_1_366' title='bbox 677 3520 956 3605; x_wconf 89' lang='lat' dir='ltr'>ignoras,</span> <span class='ocrx_word' id='word_1_367' title='bbox 977 3532 1044 3586; x_wconf 84' lang='lat' dir='ltr'>et</span> <span class='ocrx_word' id='word_1_368' title='bbox 1059 3522 1448 3630; x_wconf 79' lang='lat' dir='ltr'>perobscura</span> <span class='ocrx_word' id='word_1_369' title='bbox 1465 3521 1754 3605; x_wconf 83' lang='lat' dir='ltr'>quaestio</span> <span class='ocrx_word' id='word_1_370' title='bbox 1774 3532 1871 3585; x_wconf 86' lang='lat' dir='ltr'>est</span> <span class='ocrx_word' id='word_1_371' title='bbox 1890 3520 1971 3587; x_wconf 91' lang='lat' dir='ltr'>de</span> <span class='ocrx_word' id='word_1_372' title='bbox 1998 3532 2226 3585; x_wconf 87' lang='lat' dir='ltr'>natura</span> <span class='ocrx_word' id='word_1_373' title='bbox 2244 3519 2531 3595; x_wconf 85' lang='lat' dir='ltr'>deorum,</span> 
     </span>
     <span class='ocr_line' id='line_1_41' title="bbox 477 3612 2536 3725; baseline -0.002 -46"><span class='ocrx_word' id='word_1_374' title='bbox 477 3636 648 3701; x_wconf 87' lang='lat' dir='ltr'>quae</span> <span class='ocrx_word' id='word_1_375' title='bbox 683 3625 749 3678; x_wconf 87' lang='lat' dir='ltr'>et</span> <span class='ocrx_word' id='word_1_376' title='bbox 769 3614 866 3678; x_wconf 88' lang='lat' dir='ltr'>ad</span> <span class='ocrx_word' id='word_1_377' title='bbox 901 3614 1291 3701; x_wconf 86' lang='lat' dir='ltr'>agnitionem</span> <span class='ocrx_word' id='word_1_378' title='bbox 1327 3615 1522 3681; x_wconf 87' lang='lat' dir='ltr'>animi</span> <span class='ocrx_word' id='word_1_379' title='bbox 1563 3614 1991 3725; x_wconf 83' lang='lat' dir='ltr'>pulcherrima</span> <span class='ocrx_word' id='word_1_380' title='bbox 2024 3625 2121 3679; x_wconf 88' lang='grc'>331</span> <span class='ocrx_word' id='word_1_381' title='bbox 2163 3624 2229 3677; x_wconf 84' lang='grc'>31</span> <span class='ocrx_word' id='word_1_382' title='bbox 2271 3612 2355 3676; x_wconf 88' lang='lat' dir='ltr'>ad</span> <span class='ocrx_word' id='word_1_383' title='bbox 2394 3634 2536 3676; x_wconf 87' lang='lat' dir='ltr'>mo·-</span> 
     </span>
     <span class='ocr_line' id='line_1_42' title="bbox 477 3704 2535 3795; baseline -0.004 -19"><span class='ocrx_word' id='word_1_384' title='bbox 477 3708 832 3776; x_wconf 81' lang='lat' dir='ltr'>derandam</span> <span class='ocrx_word' id='word_1_385' title='bbox 865 3708 1239 3795; x_wconf 86' lang='lat' dir='ltr'>religionem</span> <span class='ocrx_word' id='word_1_386' title='bbox 1271 3709 1659 3787; x_wconf 82' lang='lat' dir='ltr'>necessaria3</span> <span class='ocrx_word' id='word_1_387' title='bbox 1706 3709 1786 3774; x_wconf 86' lang='lat' dir='ltr'>de</span> <span class='ocrx_word' id='word_1_388' title='bbox 1821 3730 1951 3793; x_wconf 88' lang='lat' dir='ltr'>qua</span> <span class='ocrx_word' id='word_1_389' title='bbox 1984 3732 2119 3772; x_wconf 84' lang='lat' dir='ltr'>cum</span> <span class='ocrx_word' id='word_1_390' title='bbox 2154 3716 2286 3771; x_wconf 89' lang='lat' dir='ltr'>tam</span> <span class='ocrx_word' id='word_1_391' title='bbox 2320 3704 2535 3770; x_wconf 86' lang='lat' dir='ltr'>variae</span> 
     </span>
     <span class='ocr_line' id='line_1_43' title="bbox 475 3802 2537 3886; baseline -0.002 -18"><span class='ocrx_word' id='word_1_392' title='bbox 475 3802 609 3868; x_wconf 79' lang='lat' dir='ltr'>sint</span> <span class='ocrx_word' id='word_1_393' title='bbox 657 3802 1162 3869; x_wconf 86' lang='lat' dir='ltr'>doctissimorum</span> <span class='ocrx_word' id='word_1_394' title='bbox 1213 3804 1542 3871; x_wconf 89' lang='lat' dir='ltr'>hominum</span> <span class='ocrx_word' id='word_1_395' title='bbox 1594 3814 1853 3886; x_wconf 85' lang='lat' dir='ltr'>tamque</span> <span class='ocrx_word' id='word_1_396' title='bbox 1908 3802 2362 3885; x_wconf 84' lang='lat' dir='ltr'>discrepantes.</span> <span class='ocrx_word' id='word_1_397' title='bbox 2388 3819 2537 3864; x_wconf 90' lang='lat' dir='ltr'>sen-</span> 
     </span>
     <span class='ocr_line' id='line_1_44' title="bbox 483 3892 2535 3983; baseline -0.003 -20"><span class='ocrx_word' id='word_1_398' title='bbox 483 3894 738 3973; x_wconf 81' lang='lat' dir='ltr'>tentiae,</span> <span class='ocrx_word' id='word_1_399' title='bbox 773 3918 1010 3981; x_wconf 84' lang='lat' dir='ltr'>magno</span> <span class='ocrx_word' id='word_1_400' title='bbox 1046 3909 1422 3983; x_wconf 85' lang='lat' dir='ltr'>argumento</span> <span class='ocrx_word' id='word_1_401' title='bbox 1449 3920 1590 3965; x_wconf 89' lang='lat' dir='ltr'>esse</span> <span class='ocrx_word' id='word_1_402' title='bbox 1617 3896 1877 3972; x_wconf 71' lang='lat' dir='ltr'>debent,</span> <span class='ocrx_word' id='word_1_403' title='bbox 1909 3893 2291 3980; x_wconf 87' lang='lat' dir='ltr'>principium</span> <span class='ocrx_word' id='word_1_404' title='bbox 2325 3892 2535 3979; x_wconf 84' lang='lat' dir='ltr'>philo-.</span> 
     </span>
     <span class='ocr_line' id='line_1_45' title="bbox 484 3987 2535 4079; baseline -0.001 -24"><span class='ocrx_word' id='word_1_405' title='bbox 484 3988 748 4075; x_wconf 86' lang='lat' dir='ltr'>sophiae</span> <span class='ocrx_word' id='word_1_406' title='bbox 811 4012 950 4057; x_wconf 86' lang='grc'>3333</span> <span class='ocrx_word' id='word_1_407' title='bbox 1010 3990 1409 4057; x_wconf 80' lang='lat' dir='ltr'>inscientiam</span> <span class='ocrx_word' id='word_1_408' title='bbox 1468 3991 1942 4079; x_wconf 84' lang='lat' dir='ltr'>prudenterque</span> <span class='ocrx_word' id='word_1_409' title='bbox 2004 3987 2433 4055; x_wconf 83' lang='lat' dir='ltr'>Academicos</span> <span class='ocrx_word' id='word_1_410' title='bbox 2495 4010 2535 4052; x_wconf 86' lang='lat' dir='ltr'>a</span> 
     </span>
    </p>
   </div>
   <div class='ocr_carea' id='block_1_5' title="bbox 485 4080 2539 4237">
    <p class='ocr_par' dir='ltr' id='par_1_8' title="bbox 485 4080 2539 4237">
     <span class='ocr_line' id='line_1_46' title="bbox 485 4080 2539 4167; baseline -0.002 -15"><span class='ocrx_word' id='word_1_411' title='bbox 485 4084 678 4152; x_wconf 76' lang='lat' dir='ltr'>rebus</span> <span class='ocrx_word' id='word_1_412' title='bbox 729 4084 1000 4153; x_wconf 80' lang='lat' dir='ltr'>incertis·</span> <span class='ocrx_word' id='word_1_413' title='bbox 1035 4086 1480 4153; x_wconf 86' lang='lat' dir='ltr'>adsensionem</span> <span class='ocrx_word' id='word_1_414' title='bbox 1535 4084 1915 4151; x_wconf 87' lang='lat' dir='ltr'>cohibuisse.</span> <span class='ocrx_word' id='word_1_415' title='bbox 2004 4081 2163 4167; x_wconf 84' lang='lat' dir='ltr'>quid</span> <span class='ocrx_word' id='word_1_416' title='bbox 2221 4092 2315 4149; x_wconf 87' lang='lat' dir='ltr'>est</span> <span class='ocrx_word' id='word_1_417' title='bbox 2362 4080 2539 4149; x_wconf 87' lang='lat' dir='ltr'>enim.</span> 
     </span>
     <span class='ocr_line' id='line_1_47' title="bbox 2114 4184 2195 4237; baseline 0 -24"><span class='ocrx_word' id='word_1_418' title='bbox 2114 4184 2147 4237; x_wconf 75' lang='lat'>1</span> <span class='ocrx_word' id='word_1_419' title='bbox 2168 4185 2195 4213; x_wconf 63' lang='grc' dir='ltr'>ι</span> 
     </span>
    </p>
   </div>
   <div class='ocr_carea' id='block_1_6' title="bbox 2575 3404 2597 3445">
    <p class='ocr_par' dir='ltr' id='par_1_9' title="bbox 2575 3404 2597 3445">
     <span class='ocr_line' id='line_1_48' title="bbox 2575 3404 2597 3445; baseline 0 -3"><span class='ocrx_word' id='word_1_420' title='bbox 2575 3404 2597 3445; x_wconf 92' lang='lat'>1</span> 
     </span>
    </p>
   </div>
  </div>
 </body>
</html>
