3292 4559
1061 199 1145 263 32
1682 204 1759 268 M,
1798 203 2071 260 TULLII
2105 200 2507 259 CICERONIS

1061 335 1216 419 quid
1260 349 1809 419 supervacaneum
1853 328 1935 392 sit
1977 337 2089 391 aut
2121 349 2311 392 usum
2356 347 2487 391 non
2520 324 2787 404 habeat,
2843 328 3136 396 obstare.

1061 455 1145 515 qu
1153 451 1255 495 am
1298 426 1633 491 molestum
1678 434 1803 501 est,
1856 443 1986 487 uno
2032 421 2233 507 digito
2277 421 2423 530 plus
2467 420 2735 487 haberel
2789 422 2948 505 quid
2990 424 3138 490 ita?

1061 523 1211 607 quia
1242 543 1364 587 nec
1398 519 1609 606 specie
1643 540 1765 585 nec
1798 539 1925 581 usu
1960 516 2157 581 alium
2192 515 2474 599 quinque
2510 514 2893 582 desiderant.
2967 529 3129 585 tuus

1061 628 1271 683 autem
1314 616 1472 681 deus
1515 633 1647 678 non
1682 611 1881 697 digito
1916 632 2047 675 uno
2082 609 2431 687 redundat,
2485 610 2601 676 sed
2636 610 2876 696 capite,
2930 614 3129 692 collo,

1061 710 1440 787 cervicibus,
1491 706 1793 773 lateribus
1807 753 1827 783 ,
1871 705 2046 783 alvo,
2099 715 2334 791 tergo,
2366 704 2746 792 poplitibus,
2796 707 3125 785 manibus,

1058 803 1359 891 pedibus,
1404 801 1749 869 feminibus
1762 848 1781 878 ,
1818 800 2129 865 cruribus.
2219 799 2274 863 si
2306 809 2381 863 ut
2412 799 2766 866 inmortalis
2804 802 2916 880 sit,
2960 804 3125 886 quid

1057 831 1214 967 111160
1249 898 1332 963 ad
1366 897 1564 964 vitam
1599 896 1888 962 membra
1921 894 2279 980 pertinent?
2331 893 2541 979 quid
2521 917 2665 981 1psa
2696 895 2934 962 facies?
2977 920 3123 963 ma-

1054 995 1153 1079 gis
1189 994 1327 1071 illa,
1366 992 1730 1068 cerebrum,
1766 1012 1896 1066 cor,
1932 988 2342 1075 pulmones,
2322 1011 2527 1067 iecur3
2563 988 2724 1057 haec
2759 992 2932 1057 enim
2966 1006 3122 1057 sunt

1057 1088 1376 1155 domicilia
1407 1088 1609 1153 vitae.
1657 1086 1784 1150 oris
1830 1084 2090 1169 quidem
2124 1082 2381 1149 habitus
2417 1084 2501 1149 ad
2545 1084 2714 1151 vitae
2748 1084 3116 1154 firmitatem

949 1183 1017 1288 32⁸3*
1053 1185 1210 1249 nihil
1244 1184 1538 1271 pertinet.
1594 1192 1659 1247 et
1685 1203 1795 1246 eos
1822 1179 2254 1264 vituperabas,
2290 1178 2404 1264 qui
2431 1202 2512 1245 ex
2540 1179 2841 1267 operibus
2865 1182 3119 1267 magni-—

1053 1279 1190 1343 ficis
1243 1288 1435 1361 atque
1487 1275 1861 1362 praeclaris,
1913 1295 2060 1339 cum
2110 1274 2324 1359 ipsum
2376 1274 2719 1351 mundum,
2775 1297 2923 1346 cum
2976 1276 3118 1342 eius

1057 1372 1372 1450 membra,
1409 1372 1691 1446 caelum,
1728 1381 1947 1448 terras,
1982 1369 2204 1446 maria,
2241 1390 2517 1454 cumque
2551 1368 2781 1435 horum
2814 1370 3117 1457 insignia,

1057 1467 1256 1531 sulem
1267 1514 1287 1544 ,
1345 1468 1566 1531 lunam
1630 1465 1970 1548 stellasque
2025 1463 2360 1540 vidissent,
2427 1485 2702 1548 cumque
2753 1475 3114 1550 temporum

1053 1561 1482 1637 maturitates,
1553 1558 1935 1624 mutationes
1998 1556 2592 1641 vicissitudinesque
2646 1558 3114 1645 cognovissent,

1057 1654 1360 1740 suspicati
1397 1665 1607 1719 essent
1635 1652 1914 1737 aliquam
1943 1652 2358 1718 excellentem
2383 1674 2523 1719 esse
2558 1663 3113 1739 praestantemque

1057 1759 1377 1825 naturam,
1414 1769 1580 1832 quae
1614 1746 1776 1812 haec
1810 1746 2153 1822 effecisset,
2198 1757 2510 1824 moveret,
2552 1757 2830 1832 regeret,
2874 1747 3114 1833 guber-

1053 1853 1260 1919 naret3
1325 1842 1435 1927 qui
1491 1842 1683 1907 etiam
1737 1840 1790 1906 si
1844 1841 2141 1907 aberrant
2194 1841 2589 1917 coniectura,
2652 1840 2840 1906 video
2896 1851 3111 1907 tamen

1053 1938 1208 2023 quid
1242 1948 1618 2023 sequantur:
1669 1948 1743 2001 tu
1778 1937 1952 2022 quod
1985 1957 2147 2023 opus
2189 1936 2451 2002 tandem
2485 1957 2794 2021 magnum
2829 1947 2893 2002 et
2929 1958 3111 2025 egre-

1049 2035 1230 2119 gium
1280 2032 1510 2109 habes,
1564 2033 1742 2116 quod
1788 2025 2088 2097 effectum
2133 2030 2350 2095 divina
2392 2042 2607 2095 mente
2651 2030 2974 2108 videatur,
3028 2054 3108 2096 ex

1050 2151 1178 2211 qun
1233 2150 1372 2192 esse
1427 2127 1578 2193 deos
1633 2128 1996 2212 suspicere?
2050 2126 2430 2191 ‘habebam'
2482 2126 2695 2211 inquis
2748 2126 2843 2190 ‘in
2895 2127 3107 2191 animo

1049 2219 1306 2286 insitam
1341 2219 1855 2285 informationem
1892 2222 2216 2305 quandam
2250 2219 2394 2285 dei-⁹
2463 2231 2528 2285 et
2563 2219 2813 2285 barbati
2848 2220 3108 2304 quidem

1053 2313 1262 2391 Iovis,
1312 2314 1604 2399 galeatae
1647 2313 2012 2381 Minervae:
2066 2338 2224 2378 num
2266 2314 2463 2400 igitur
2508 2336 2649 2381 esse
2694 2314 2837 2379 talis
2881 2316 3110 2400 putas?

949 2433 1025 2471 1111
1054 2418 1295 2491 quanto
1332 2408 1556 2472 melius
1592 2408 1751 2472 haec
1786 2409 2013 2497 volgus
2048 2408 2483 2493 inperitorum,
2519 2408 2631 2492 qui
2655 2430 2785 2473 non
2819 2410 3108 2476 membra

1053 2503 1261 2567 sulum
1286 2500 1559 2567 hominis
1589 2502 1710 2567 deo
1737 2502 2037 2579 tribuant,
2074 2502 2188 2568 sed
2213 2526 2403 2567 usum
2431 2503 2622 2568 etiam
2648 2503 3103 2581 membrorum;

1053 2599 1206 2661 dant
1240 2597 1408 2662 enim
1445 2619 1700 2672 arcum,
1754 2596 2048 2682 sagittae,
2080 2597 2361 2674 hastam,
2407 2597 2710 2683 clipeum,
2764 2598 3103 2675 fuscinam,

1049 2695 1321 2770 fulmen,
1374 2701 1438 2757 et
1491 2692 1574 2769 si,
1629 2690 1911 2757 actiones
1958 2711 2121 2774 quae
2166 2691 2292 2757 sint
2337 2691 2632 2769 deorum,
2684 2713 2813 2757 non
2865 2692 3104 2770 vident,

1049 2786 1204 2851 nihil
1256 2795 1557 2871 agentem
1609 2796 1826 2851 tamen
1874 2785 2064 2850 deum
2105 2808 2235 2851 non
2287 2797 2531 2870 queunt
2575 2786 2872 2872 cogitare.
2959 2786 3105 2873 ipsi,

1053 2883 1161 2963 qui
1211 2878 1596 2955 inridentur,
1651 2880 1995 2966 Aegyptii,
2058 2881 2300 2946 nullam
2361 2880 2619 2946 beluam
2679 2880 2802 2945 nisi
2853 2881 2938 2945 ob
2991 2881 3106 2945 ali-

1053 2995 1244 3055 quam
1279 2973 1652 3051 utilitatem,
1708 2997 1902 3061 quam
1939 2998 2019 3040 ex
2055 2998 2131 3040 ea
2166 2985 2495 3062 caperent,
2544 2986 3073 3041 consecraverunt
3083 3000 3103 3053 ;

1049 3067 1224 3131 velut
1284 3066 1421 3132 ibes
1477 3069 1826 3135 maximam
1887 3070 2017 3134 vim
2079 3070 2469 3156 serpentium
2522 3067 2893 3147 conficiunt,
2957 3091 3103 3134 cum

1053 3163 1177 3223 sint
1229 3183 1379 3227 aves
1434 3165 1754 3241 excelsae,
1809 3165 2097 3234 cruribus
2140 3164 2385 3251 rigidis,
2434 3185 2665 3229 corneo
2711 3185 3104 3249 proceroque

1045 3268 1277 3323 metro:
1333 3269 1627 3324 avertunt
1670 3270 1916 3347 pestem
1962 3260 2045 3324 ab
2079 3260 2385 3347 Aegypto
2398 3300 2417 3335 ,
2473 3281 2620 3324 cum
2665 3258 2942 3323 volucris
2990 3282 3104 3323 an-

1045 3355 1187 3435 guis
1233 3373 1314 3419 ex
1358 3355 1654 3422 vastitate
1706 3352 1960 3441 Libyae
2008 3365 2199 3421 vento
2244 3354 2470 3418 Africo
2522 3354 2808 3419 invectas
2860 3352 3100 3418 interfi-

1045 3447 1220 3511 ciunt
1265 3458 1458 3534 atque
1504 3462 1912 3528 consumunt,
1968 3473 2048 3516 ex
2084 3470 2212 3533 quo
2258 3449 2358 3525 fit,
2410 3458 2485 3513 ut
2526 3448 2673 3513 illae
2719 3469 2839 3513 nec
2882 3469 3099 3513 morsu

1042 3543 1227 3608 vivae
1271 3555 1547 3609 noceant
1596 3567 1715 3610 nec
1760 3545 1954 3610 odore
2006 3554 2318 3608 mortuae.
2405 3536 2667 3630 possum
2722 3542 2803 3607 de
2836 3541 3100 3608 ichneu-

1041 3659 1303 3703 monum
1365 3638 1668 3717 utilitate,
1723 3640 1802 3705 de
1860 3638 2351 3712 crocodilorum,
2418 3636 2497 3703 de
2549 3636 2814 3703 faelium
2866 3636 3095 3712 dicere,

1041 3731 1157 3795 sed
1209 3731 1358 3796 nolo
1414 3756 1552 3799 esse
1612 3735 1865 3821 longus.
1971 3734 2063 3798 ita
2124 3731 2532 3809 concludam,
2603 3742 2818 3801 tamen
2871 3731 3092 3798 beluas

1041 3847 1081 3887 11
1133 3825 1420 3891 barbaris
1472 3838 1729 3914 propter
1781 3825 2167 3892 beneficium
2231 3839 2661 3904 consecratas,
2732 3835 3089 3891 vestrorum

1045 3919 1307 3983 duorum
1357 3943 1485 3985 non
1534 3922 1728 3987 modo
1782 3920 2164 3987 beneficium
2216 3923 2464 3987 nullum
2513 3932 2790 3999 exstare,
2844 3919 2957 3986 sed
3007 3940 3089 3984 ne

941 4027 1013 4067 102
1045 4011 1284 4078 1110111111
1330 4015 1590 4101 quidem
1635 4013 1913 4081 omnino.
2012 4015 2197 4083 ‘nihil
2240 4015 2463 4082 habet’
2517 4016 2726 4101 inquit
2779 4013 3091 4101 ‘negotii.’
