3292 4559
1169 205 1278 262 DE
1313 205 1642 268 ormcns
1675 205 1751 260 11.
1790 207 2028 262 55-59.
2326 201 2333 228 ¹
2484 193 2571 261 ‘67
2622 263 2627 268 ,

513 330 750 410 derint,
785 330 1042 398 veniam
1070 332 1436 400 ‚necessitati
1471 331 1646 408 dare,
1680 331 1747 396 in
1782 330 1883 396 his
1914 330 2277 397 inmanibus
2312 330 2581 398 iacturis

517 427 910 511 infinitisque
973 425 1332 511 sumptibus
1394 425 1556 490 nihil
1613 445 1736 490 nos
1794 447 2031 511 magno
2092 445 2285 512 opere
2334 425 2576 504 mirari,

519 543 671 588 cum
705 519 1082 608 praesertim
1113 539 1324 604 neque
1357 518 1723 584 necessitati
1760 518 2175 584 subveniatur
2204 541 2327 586 nee
2362 519 2571 606 digni-

519 627 620 682 tas
653 623 968 702 augeatur
996 614 1268 700 ipsaque
1303 613 1414 678 illa
1449 613 1787 680 delectatio
1814 613 2237 679 multitudinis
2264 613 2349 678 ad
2377 614 2573 680 breve

519 711 956 797 exiguumque
1006 719 1258 795 tempus
1295 708 1361 785 *,
1414 731 1618 793 eaque
1670 733 1712 774 a
1762 709 2109 776 levissumo
2164 725 2453 795 quoque,
2504 709 2575 774 in

519 827 650 890 quo
694 815 910 870 tamen
954 803 1096 889 ipso
1129 825 1260 868 una
1295 824 1443 868 cum
1478 803 1769 870 satietate
1804 804 2112 870 memoria
2144 823 2401 888 quoque
2437 824 2579 868 mo-
2650 875 2659 888 Χ

517 901 721 966 riatur
783 897 1147 984 voluptatis.
1246 896 1412 962 bene
1463 896 1660 962 etiam
1712 897 1979 984 conligit
2029 897 2191 962 haec
2240 897 2457 982 pueris
2493 908 2575 963 ·et
2609 916 2661 958 ⁵⁶1

519 990 910 1059 mulierculis
954 1001 1019 1057 et
1061 988 1262 1055 servis
1305 1001 1370 1055 et
1413 1011 1744 1056 servorum
1788 990 2123 1056 simillimis
2174 989 2392 1056 liberis
2436 1002 2589 1056 esse‘

521 1096 738 1172 grata,
773 1084 958 1170 gravi
992 1105 1146 1148 vero
1180 1082 1422 1148 homini
1456 1093 1522 1148 et
1557 1105 1634 1149 ea
1645 1130 1666 1161 ,
1711 1104 1879 1167 quae
1912 1084 2095 1160 fiunt,
2130 1083 2367 1150 iudicio
2403 1093 2577 1148 certo

521 1177 902 1266 ponderanti
943 1177 1204 1263 probari
1246 1199 1434 1264 posse
1477 1177 1657 1242 nullo
1690 1177 1913 1242 modo:
1966 1199 2359 1262 quamquam
2390 1177 2581 1242 intel*

521 1276 669 1361 lego
704 1273 772 1337 in
805 1282 1024 1337 nostra
1057 1271 1313 1338 civitate
1351 1272 1746 1338 inveterasse
1780 1272 1909 1337 iam
1944 1271 2127 1338 bonis
2163 1272 2579 1357 temporibus,

523 1378 596 1434 ut
647 1366 952 1452 splendor
1011 1365 1408 1432 aedilitatum
1459 1366 1546 1432 ab
1596 1366 1859 1452 optimis
1912 1366 2065 1432 viris
2116 1367 2577 1454 postularetur;

521 1462 739 1545 itaque
785 1469 850 1526 et
880 1459 962 1525 P.
999 1456 1306 1538 Crassus,
1352 1481 1500 1526 eum
1545 1460 1925 1547 cognomine
1969 1460 2149 1528 dives
2184 1471 2324 1526 tum
2356 1458 2579 1546 copiis,
2656 1531 2663 1538 ,

522 1554 782 1620 functus
835 1565 932 1618 est
983 1553 1274 1620 aedilicio
1323 1554 1608 1620 maximo
1652 1577 1918 1622 munere
1963 1566 2027 1622 et
2068 1555 2263 1640 paulo
2306 1566 2453 1641 post
2493 1553 2577 1618 L.

521 1645 801 1714 Crassus
837 1669 985 1714 eum
1019 1648 1308 1713 omnium
1341 1649 1675 1714 hominum
1708 1649 2219 1716 moderatissimo
2246 1646 2332 1729 Q.
2352 1647 2579 1714 Mucio

521 1740 1152 1826 magnificentissima
1185 1741 1510 1808 aedilitate
1543 1742 1807 1808 functus
1842 1755 1959 1819 est,
1996 1740 2227 1808 deinde
2263 1738 2343 1806 O.
2380 1738 2582 1806 Clau-

522 1835 668 1900 dius
719 1834 854 1919 Ap.
900 1833 946 1898 f.
961 1881 982 1912 ,
1033 1835 1218 1899 multi
1253 1846 1428 1920 post,
1482 1836 1774 1914 Luculli,
1825 1836 2241 1913 Hortensius,
2298 1835 2578 1902 Silanus.
2680 1881 2685 1886 ·

521 1928 730 1995 omnis
783 1938 999 1994 autem
1042 1928 1121 1993 P.
1168 1928 1492 1995 Lentulus
1533 1953 1638 1996 me
1685 1932 1947 1996 consule
1990 1931 2145 1998 vicit
2190 1929 2577 2016 superiores3

524 2026 694 2090 bunc
729 2033 826 2090 est
862 2022 1146 2090 Scaurus
1179 2023 1494 2103 imitatus3
1529 2025 2160 2112 magnificentissima
2190 2045 2345 2093 vero
2380 2024 2579 2088 nostri

523 2117 818 2204 Pompeii
861 2139 1128 2182 munera
1177 2117 1458 2184 secundo
1493 2121 1857 2185 consulatu:
1909 2120 1978 2184 in
2012 2119 2247 2205 quibus
2282 2118 2577 2184 omnibus

524 2212 682 2297 quid
733 2211 892 2276 mihi
943 2211 1227 2296 placeat,
1278 2212 1483 2279 vides.
1577 2213 1841 2280 vitanda
1892 2225 2109 2280 tamen
2158 2212 2429 2300 suspitio
2482 2224 2583 2278 est

525 2305 848 2372 avaritiae.
933 2305 1298 2384 MamercO,
1351 2306 1595 2372 homini
1648 2306 2057 2386 divitissimo,
2111 2305 2583 2395 praetermissio

519 2399 864 2466 aedilitatis
917 2401 1288 2466 consulatus
1337 2403 1665 2488 repulsam
1718 2403 1951 2468 attulit.
2055 2423 2185 2487 qua
2234 2424 2307 2468 re
2370 2411 2465 2478 et,
2527 2399 2583 2464 si

523 2495 881 2580 postulatur
915 2517 956 2560 a
987 2495 1253 2582 populo,
1286 2496 1474 2562 bonis
1508 2497 1663 2563 viris
1698 2498 1755 2563 si
1790 2519 1921 2564 non
1950 2495 2478 2575 desiderantibus,
2517 2507 2583 2562 at

524 2601 740 2654 tamen
781 2589 1316 2676 adprobantibus,
1353 2590 1733 2660 faciundum
1768 2605 1894 2672 est,
1930 2594 2123 2659 modo
2156 2614 2275 2679 pro
2309 2592 2580 2658 faculta-

523 2683 716 2759 tibus,
750 2705 869 2748 nos
903 2684 1027 2770 ipsi
1061 2697 1136 2750 ut
1169 2685 1466 2763 fecimus,
1501 2698 1586 2766 et,
1623 2688 1681 2754 si
1716 2689 1980 2772 quando
2016 2689 2230 2772 aliqua
2252 2709 2357 2753 res
2380 2686 2585 2752 maior

523 2788 718 2860 atque
770 2777 986 2841 utilior
1034 2779 1332 2864 populari
1382 2780 1723 2866 largitione
1786 2782 2173 2866 adquiritur,
2236 2791 2311 2846 ut
2362 2778 2585 2846 Oresti

526 2892 732 2954 nuper
764 2869 1036 2954 prandia
1067 2871 1136 2934 in
1171 2872 1414 2938 semitis
1449 2873 1761 2940 decumae
1796 2876 2053 2942 nomine
2086 2895 2322 2960 magno
2350 2872 2584 2940 'honori

528 2965 805 3028 fuerunt.
891 2985 974 3029 ne
1007 2964 1237 3030 Marco
1283 2967 1546 3051 quidem
1582 2967 1735 3035 Seio
1780 2970 1935 3034 vitio
1982 2969 2203 3034 datum
2238 2978 2364 3046 est,
2408 2969 2585 3053 quod

526 3057 596 3121 in
629 3055 893 3122 caritate
927 3079 1071 3123 asse
1105 3059 1392 3125 modium
1426 3063 1665 3150 populo
1700 3063 1907 3142 dedit;
1941 3085 2179 3150 magna
2214 3063 2383 3130 enim
2418 3087 2488 3130 se
2520 3075 2585 3129 et

527 3152 880 3217 inveterata
913 3150 1154 3217 invidia
1187 3176 1308 3219 nee
1343 3156 1514 3241 turpi
1548 3156 1825 3236 iactura,
1869 3156 2125 3242 quando
2171 3168 2307 3223 erat
2340 3157 2820 3254 aedilisVs

525 3267 646 3312 nec
689 3245 970 3313 maxima
1012 3245 1326 3313 liberavit.
1413 3250 1530 3315 sed
1573 3250 1801 3318 honori
1844 3273 2095 3318 summo
2129 3273 2335 3338 nuper
2367 3262 2588 3317 nostro

527 3339 762 3404 Miloni
804 3340 955 3417 fuit,
1000 3341 1114 3424 qui
1147 3341 1610 3428 gladiatoribus
1645 3346 1876 3432 emptis
1910 3347 2002 3411 rei
2038 3345 2333 3431 publicae
2368 3367 2583 3423 causa,

525 3455 694 3518 quae
731 3435 936 3500 salute
969 3447 1188 3502 nostra
1222 3437 1688 3517 continebatur,
1726 3440 1933 3504 omnis
1957 3439 2038 3505 P.
2066 3437 2283 3505 Clodii
2318 3450 2583 3505 conatus

527 3529 902 3613 furoresque
957 3533 1332 3616 conpressit.
1439 3555 1636 3601 causa
1686 3535 1885 3620 igitur
1934 3533 2289 3620 largitionis
2343 3543 2469 3610 est,
2532 3533 2585 3596 si

525 3634 642 3688 aut
680 3642 940 3691 necesse
985 3637 1084 3692 est
1117 3637 1232 3692 aut
1265 3626 1453 3706 utile3
1505 3629 1574 3694 in
1607 3629 1710 3694 his
1744 3639 1959 3694 autem
1995 3628 2152 3714 ipsis
2183 3626 2586 3694 mediocrita-
2620 3653 2673 3692 59

529 3717 610 3782 tis
677 3720 906 3806 regula
972 3719 1216 3806 optima
1278 3732 1396 3788 est.
1501 3723 1588 3788 L.
1650 3723 1913 3808 quidem
1970 3721 2313 3807 Philippus
2367 3719 2452 3802 Q.
2514 3700 2655 3808 12,ss

531 3833 764 3896 magno
809 3812 909 3886 vir
951 3814 1211 3901 ingenio
1245 3815 1315 3880 in
1357 3815 1711 3902 primisque
1753 3818 1993 3894 clarus,
2037 3815 2297 3902 gloriari
2341 3809 2600 3895 solebas.

531 3926 602 3968 se
636 3907 771 3972 sine
805 3908 936 3972 ullo
971 3931 1236 3976 munere
1272 3909 1578 3995 adeptum
1614 3933 1755 3976 esse
1790 3911 2034 3989 omnia,
2070 3931 2237 3994 quae
2273 3908 2586 3974 haberen—

527 4011 637 4066 tur
669 4002 1075 4086 amplissima.
1164 4005 1417 4070 dicebat
1451 4004 1623 4071 idem
1662 4003 1879 4082 Cotta,
1913 4002 2148 4082 Curio;
2186 4002 2379 4069 'nobis
2424 4023 2587 4088 quo·

2154 4104 2225 4160 5²·

2616 2191 2683 2244 1⁷
2719 2259 2725 2266 .

2623 2265 2677 2306 58
