3292 4559
1021 262 1128 317 DE
1161 260 1264 316 RE
1298 260 1642 319 PUBLICA
1673 259 1721 313 1.
1759 256 1842 314 το.
1884 258 1967 315 71.
2395 238 2517 310 17¹⁷

446 388 528 450 (le
585 406 653 450 re
693 386 952 473 publica
1005 386 1313 460 scriberet,
1371 395 1598 470 quanto
1652 405 1765 447 nos
1820 382 2124 447 causatius
2177 382 2255 447 ab
2311 384 2518 469 aliquo

446 482 660 544 iudice
693 476 1107 545 detmzdimus?
1175 476 1456 561 (Plinius
1491 488 1621 542 nat.
1658 478 1800 541 hist.
1836 475 2055 543 Praef.
2094 477 2145 560 ξ.
2186 475 2223 540 7
2261 477 2390 563 sq.)

587 572 652 637 2.
731 572 934 639 Cicero
969 576 1042 637 de
1074 595 1140 637 re
1163 572 1345 658 publ.
1374 574 1426 636 I
1423 596 1446 635 .-
1481 568 1614 650 Sic,
1651 569 1957 655 quoniam
1990 572 2175 656 plura
2209 570 2521 637 beneficia

445 666 742 733 continet
775 666 984 754 patria
1018 677 1084 732 et
1119 676 1216 731 est
1251 665 1570 750 antiquior
1601 689 1835 753 parens
1872 688 2068 752 quam
2100 665 2156 730 is
2192 666 2305 750 qui
2340 688 2518 732 crea-

443 761 568 839 vit,
603 760 809 826 maior
841 760 903 827 ei
937 760 1227 846 profecto
1261 782 1459 845 quam
1492 760 1744 847 parenti
1778 760 2049 825 debetur
2082 760 2308 845 gratia.
2354 759 2519 843 (No-

441 855 603 920 nius
641 877 704 920 v.
742 856 1032 941 antiquus
1065 875 1130 939 p.
1167 854 1348 937 426.)

586 949 650 1014 3.
728 948 936 1015 Cicero
989 951 1063 1013 de
1113 970 1180 1012 re
1212 949 1391 1035 publ.
1441 948 1546 1013 lib.
1592 950 1664 1012 I.-
1715 969 1837 1015 nec
1888 958 2135 1013 tantum
2178 946 2519 1033 Karthago

342 1094 345 1097 .
445 1042 794 1107 habuisset
856 1064 1054 1127 opum
1117 1052 1438 1107 sescentos
1491 1042 1626 1109 fere
1681 1063 1883 1107 annos
1938 1040 2073 1107 sine
2126 1040 2402 1106 consiliis
2456 1052 2521 1105 et

449 1136 823 1221 disciplina.
912 1135 1190 1218 (Nonius
1226 1136 1336 1200 lib.
1373 1134 1540 1213 XII,
1575 1158 1725 1223 pag.
1763 1134 1943 1222 526.)

587 1231 651 1294 4.
722 1230 815 1297 Μ.
861 1231 1100 1295 Tullius
1136 1233 1212 1295 de
1244 1252 1310 1295 re
1332 1230 1511 1315 publ.
1553 1232 1660 1295 lib.
1698 1232 1769 1295 I.-
1814 1252 2199 1316 cognoscere
2234 1252 2339 1294 me
2373 1229 2521 1295 her-

450 1325 623 1402 cule,
657 1323 888 1406 inquit,
923 1324 1448 1390 consuetudinem
1481 1324 1673 1389 istam
1710 1335 1775 1390 et
1809 1325 2093 1390 studium
2128 1345 2525 1390 sermonem-

449 1440 585 1503 que
599 1454 632 1467 -
648 1454 680 1467 -
747 1416 1028 1500 (Nonius
1063 1441 1129 1482 v.
1163 1440 1513 1504 coquo-scere
1545 1440 1698 1505 pag.
1735 1418 1916 1503 276.)

584 1511 648 1577 5.
720 1512 872 1577 Non
915 1534 1058 1599 erqo
1101 1514 1424 1578 utilitatem
1457 1535 1534 1578 ex
1554 1514 1985 1600 philosophia,
2032 1517 2141 1579 sed
2172 1514 2523 1579 oblectatio-

450 1629 594 1671 nem
634 1618 886 1691 petunt,
941 1610 1108 1692 quod
1149 1610 1392 1693 quidem
1444 1606 1650 1673 Cicero
1706 1620 1951 1674 testatus
2006 1620 2123 1673 est.-
2190 1606 2517 1680 Profecto,
2645 1670 2651 1678 ,

449 1703 686 1787 inquit,
733 1698 942 1764 omnis
983 1700 1254 1766 istorum
1297 1700 1675 1787 disputatiO,
1724 1722 2117 1786 quamquam
2159 1700 2516 1765 uberrimos

450 1792 652 1859 fontis
699 1794 950 1859 virtutis
995 1805 1059 1859 et
1107 1793 1409 1862 scientiae
1456 1795 1769 1873 continet,
1818 1807 2031 1860 tamen
2079 1795 2333 1859 conlata
2368 1814 2515 1859 cum

454 1911 679 1956 eorum
731 1889 891 1955 actis
943 1888 1372 1974 perfectisque
1424 1890 1617 1955 rebus
1672 1912 1896 1957 vereor
1948 1913 2029 1957 ne
2080 1912 2212 1955 non
2265 1899 2516 1955 tantum

451 1982 754 2047 videatur
795 1981 1088 2047 attulisse
1121 1982 1366 2069 negotii
1398 1984 1765 2049 hominibus
1798 1996 2109 2069 quantam
2144 1981 2516 2049 oblectatio·-

453 2100 624 2142 nem.
713 2074 1128 2159 (Lactantius
1163 2078 1372 2142 Instit.
1411 2081 1532 2142 div.
1569 2078 1698 2155 III,
1739 2078 1873 2163 16.)

585 2170 647 2235 6.
723 2176 978 2235 ‘Avocat
1013 2170 1091 2235 ab
1127 2172 1242 2235 illa
1275 2174 1383 2236 re?
1465 2170 1586 2238 Cic.
1627 2176 1701 2237 de
1734 2195 1800 2237 re
1830 2173 2005 2259 publ.
2046 2174 2151 2237 lib.
2188 2174 2259 2236 I.-
2311 2194 2351 2236 a
2385 2192 2515 2255 qua

454 2266 561 2330 isti
597 2264 975 2331 avocabant.
1064 2265 1458 2347 (Arusianus
1495 2266 1782 2333 Messius
1815 2290 1880 2353 p.
1918 2266 2045 2333 216
2084 2264 2309 2351 Lind.)

561 4147 777 4195 &neronis
789 4146 869 4190 vol.
890 4145 1001 4189 Vm.
1658 4110 1664 4115 ¹
2082 4152 2145 4205 12
