3292 4559
310 3935 315 3972 Ι

1051 261 1158 316 DE
1194 257 1521 317 OFFIOHS
1555 257 1665 314 ΠΙ.
1702 257 2009 314 108-113.
2434 245 2556 312 111

501 413 675 466 esse,
717 409 848 452 non
891 383 1058 461 fieri3
1111 392 1210 448 est
1243 380 1412 446 enim
1443 379 1604 446 nihil
1637 379 1821 456 utile,
1867 380 2041 464 quod
2074 381 2247 448 idem
2281 404 2411 448 non
2445 383 2563 450 ho-

503 497 759 552 nestum
773 531 791 560 ,
829 503 977 556 nec,
1015 477 1168 563 quia
1200 475 1388 552 utile,
1423 474 1765 555 honestum
1777 522 1800 554 ,.
1834 476 1976 555 sed,
2012 477 2165 562 quia
2197 478 2558 556 honestum,

501 581 680 647 utile.
751 599 882 661 qua
915 596 984 640 re
1020 595 1102 640 ex
1138 569 1356 638 multis
1389 569 1787 638 mirabilibus
1822 571 2131 657 exemplis
2162 572 2337 638 haud
2370 573 2559 640 facile

501 675 650 759 quis
695 670 925 740 dixerit
967 667 1090 732 hoc
1137 664 1432 750 exemplo
1477 673 1595 727 aut
1637 663 2029 730 laudabilius
2075 676 2187 730 aut
2229 679 2559 752 praestan-

501 770 651 834 tius.
739 765 855 832 sed
897 785 980 830 ex
1023 771 1160 825 tota
1201 759 1324 824 hac
1367 757 1566 836 laude
1591 755 1830 842 Reguli
1874 779 2075 824 unum
2120 758 2280 824 illud
2314 773 2409 828 est
2444 761 2559 828 ad·
2586 743 2661 858 ¹31}

502 861 846 930 miratione
901 858 1204 943 dignum,
1271 852 1447 938 quod
1509 851 1803 938 captivos
1858 851 2224 920 retinendos
2287 855 2558 934 censuit3

499 979 656 1026 nam
702 953 879 1040 quod
919 951 1108 1020 rediit
1149 948 1336 1015 nobis
1379 969 1556 1016 nunc
1594 946 1888 1014 mirabile
1928 946 2211 1023 videtur,
2250 947 2375 1014 illis
2420 949 2562 1034 qui-

501 1053 658 1118 dem
705 1046 1108 1134 temporibus
1153 1043 1336 1110 aliter
1389 1042 1608 1110 facere
1655 1063 1785 1106 non
1835 1040 2066 1127 potuit.
2160 1041 2382 1128 itaque
2440 1043 2563 1108 ista

501 1147 652 1212 laus
681 1165 812 1212 non
847 1152 950 1210 est
979 1137 1289 1214 hominis,
1332 1136 1446 1204 sed
1490 1146 1883 1222 temporum3
1934 1135 2182 1203 nullum
2218 1136 2389 1204 enim
2424 1137 2562 1204 vin-

502 1241 730 1306 culum
791 1235 878 1301 ad
945 1230 1424 1318 astringendam
1491 1229 1685 1298 fidem
1747 1229 1887 1297 iure
1958 1230 2229 1298 iurando
2290 1231 2559 1300 maiores

505 1335 704 1400 artius
740 1353 880 1400 esse
915 1328 1274 1396 voluerunt.
1359 1324 1428 1390 id
1460 1323 1747 1392 indicant
1779 1324 1957 1410 leges
1989 1326 2057 1392 in
2092 1326 2430 1394 duodecim
2465 1337 2563 1394 ta-

505 1428 705 1505 buEs,
748 1425 1034 1492 indicant
1077 1432 1392 1498 sacratae,
1437 1419 1725 1486 indicant
1766 1417 2055 1498 foedera,
2097 1421 2330 1504 quibus
2366 1422 2560 1492 etiam

503 1545 658 1590 cum
707 1520 892 1590 hoste
945 1516 1302 1584 devincitur
1351 1515 1545 1592 fides,
1594 1513 1884 1580 iudicant
1932 1514 2220 1582 notiones
2272 1518 2560 1586 animad-

506 1616 962 1700 versionesque
998 1633 1357 1687 censorum,
1395 1608 1513 1694 qui
1541 1608 1720 1676 nulla
1754 1607 1836 1674 de
1870 1630 1941 1674 re
1977 1607 2344 1694 diligentius
2367 1633 2561 1696 quam

505 1711 588 1776 de
641 1709 779 1774 iure
825 1705 1096 1774 iurando
1139 1703 1530 1772 iudicabant.
1619 1701 1704 1768 L.
1740 1700 2021 1780 Manli0,
2056 1703 2143 1768 A.
2179 1703 2254 1780 ἢ,
2287 1725 2435 1773 cum
2468 1705 2563 1772 di·
2589 1722 2665 1762 11²

508 1814 713 1872 ctator
763 1801 1020 1876 fuisset,
1071 1799 1170 1864 M.
1223 1797 1622 1883 Pomponius
1678 1796 1973 1862 tribunus
2024 1797 2113 1884 pl.
2160 1797 2331 1864 diem
2382 1799 2561 1878 dixit,

507 1896 685 1982 quod
725 1896 783 1962 is
824 1915 1068 1981 paucos
1111 1893 1234 1958 sibi
1277 1891 1412 1956 dies
1457 1891 1541 1956 ad
1588 1891 1969 1956 dictaturam
2002 1891 2353 1978 gerendam
2387 1894 2565 1960 addi-

507 1992 708 2060 disset
714 2015 734 2069 ;
771 1986 1230 2056 criminabatur
1253 1986 1470 2062 etiam,
1505 1985 1679 2070 quod
1697 1985 1921 2051 Titum
1946 1984 2173 2064 filium,
2207 1987 2323 2072 qui
2342 1999 2566 2074 postea

507 2097 608 2152 est
623 2085 992 2170 Torquatus
1027 2081 1410 2167 appellatus,
1441 2079 1528 2145 ab
1559 2079 1928 2146 hominibus
1963 2081 2311 2167 relegasset
2345 2094 2409 2150 et
2433 2084 2569 2150 ruri

507 2178 800 2244 habitare
831 2175 1139 2242 iussisset.
1210 2173 1385 2258 quod
1421 2195 1567 2240 cum
1605 2173 1954 2240 audivisset
1988 2175 2365 2244 adulescens
2396 2177 2564 2244 filius

506 2273 836 2360 negotium
872 2269 1162 2340 exhiberi
1192 2269 1381 2355 patri,
1418 2268 1768 2334 ecem-risse
1786 2268 2061 2336 Romam
2097 2280 2159 2338 et
2188 2291 2337 2338 cum
2362 2271 2567 2358 prima

460 2407 475 2426 .
505 2369 652 2436 luce
693 2365 1036 2452 Pomponii
1091 2364 1356 2432 domum
1407 2363 1659 2432 venisse
1712 2363 1963 2430 dicitur.
2052 2365 2161 2434 cui
2210 2387 2357 2433 cum
2402 2377 2567 2436 esset

505 2460 898 2537 nuntiatum,
959 2459 1073 2548 qui
1131 2459 1312 2526 illum
1363 2457 1598 2526 iratum
1650 2458 2014 2526 adlaturum
2066 2459 2151 2524 ad
2202 2481 2275 2526 sc
2326 2459 2568 2545 aliquid

505 2567 729 2624 contra
762 2565 1011 2642 patrem
1047 2553 1488 2631 arbitraretur,
1527 2552 1804 2618 surrexit
1838 2576 1877 2620 e
1907 2553 2143 2621 lectulo
2178 2553 2595 2638 remotisque.

507 2650 761 2716 arbitris
817 2648 902 2714 ad
953 2671 1024 2714 se
1077 2647 1548 2714 adulescentem
1601 2647 1788 2712 iussit
1840 2647 2079 2714 venire.
2176 2659 2245 2716 at
2292 2647 2431 2726 ille,
2494 2659 2567 2712 ut

505 2745 830 2830 ingressus
867 2753 964 2808 est
978 2789 997 2817 ‚
1035 2741 1371 2806 confestim
1405 2741 1697 2826 gladium
1733 2740 2067 2806 destrinxit
2099 2741 2464 2826 iuravitque
2498 2763 2566 2808 se

505 2838 684 2901 illum
721 2835 932 2900 statim
967 2834 1482 2906 interfecturum,
1525 2834 1648 2900 nisi
1683 2833 1785 2898 ius
1818 2834 2163 2900 iurandum
2196 2835 2320 2902 sibi
2356 2834 2567 2904 dedis-

507 2943 606 2994 set
640 2952 709 2993 se
743 2939 991 3013 patrem
1024 2928 1292 2992 missum
1326 2949 1470 2994 esse
1501 2927 1854 2994 facturum:
1898 2928 2135 2994 iuravit
2167 2929 2291 2994 hoc
2324 2941 2563 3000 terrore

511 3034 766 3090 coactus
800 3021 1199 3107 Pomponius
1211 3046 1230 3100 3
1274 3044 1414 3088 rem
1447 3020 1532 3088 ad
1566 3024 1877 3109 populum
1915 3023 2163 3102 detulit,
2198 3025 2417 3092 docuit
2450 3048 2567 3090 cur

505 3118 630 3186 sibi
673 3139 870 3186 causa
914 3116 1218 3183 desistere
1263 3138 1525 3184 neeesse
1569 3128 1769 3193 esset,
1812 3117 2136 3184 Manlium
2169 3119 2435 3186 missum
2468 3119 2566 3188 fe-

507 3214 623 3280 citz
669 3220 922 3278 tantum
953 3210 1348 3296 temporibus
1382 3210 1508 3276 illis
1549 3211 1653 3278 ius
1696 3211 2039 3280 iurandum
2082 3213 2359 3282 valebat.
2438 3212 2565 3302 [at-

505 3331 634 3392 que
667 3308 772 3374 hic
806 3307 888 3372 T.
923 3305 1210 3374 Manlius
1243 3306 1299 3374 is
1337 3316 1466 3386 est,
1506 3306 1620 3392 qui
1654 3307 1739 3372 ad
1772 3307 2094 3375 Anienem
2132 3306 2336 3386 Galli,
2371 3330 2566 3394 quem

508 3405 598 3470 ab
634 3425 717 3470 eo
764 3413 1146 3490 provocatus
1200 3400 1551 3478 occiderat,
1604 3411 1833 3486 torque
1880 3401 2164 3469 detracto
2210 3425 2566 3489 cognomen

491 3495 780 3576 invenit,
825 3495 1007 3564 cuius
1043 3491 1228 3562 tertio
1265 3495 1604 3562 consulatu
1636 3494 1860 3562 Latini
1894 3495 1978 3564 ad
2012 3496 2307 3562 Veserim
2337 3495 2468 3562 fusi
2502 3507 2567 3562 et

505 3590 744 3678 fugati,
805 3612 1084 3678 magnus
1142 3589 1242 3656 vir
1299 3590 1370 3658 in
1427 3589 1651 3676 primis
1712 3601 1777 3658 et
1828 3589 1941 3676 qui
1992 3589 2447 3676 perindulgens
2498 3590 2567 3656 in

506 3696 774 3774 patrem,
808 3684 980 3752 idem
1015 3685 1246 3750 acerbe
1281 3705 1542 3750 severus
1575 3682 1646 3750 in
1679 3681 1935 3770 filium.]

640 3777 802 3855 Sed,
845 3790 920 3846 ut
959 3778 1320 3846 laudandus
1354 3778 1651 3868 Regulus
1690 3779 1761 3848 in
1805 3778 2240 3848 conservando
2283 3777 2423 3848 iure
2466 3777 2568 3842 iu·
2592 3757 2669 3870 131}

510 3873 740 3949 rand0‚
775 3873 866 3940 sic
900 3873 1122 3941 decem
1155 3875 1282 3952 illi,
1324 3895 1486 3960 quos
1519 3885 1672 3960 post
1704 3871 2113 3944 Cannensem
2145 3895 2436 3961 pugnam
2465 3873 2567 3940 iu-

510 3976 684 4032 ratos
727 3966 810 4030 ad
851 3979 1144 4036 senatum
1187 3967 1360 4034 misit
1395 3968 1755 4047 Hannibal,
1802 3989 1871 4036 se
1904 3968 1974 4036 in
2009 3978 2218 4036 castra
2250 3967 2563 4033 redituros

511 4047 610 4138 ea‘,
648 4081 924 4145 quorum
955 4073 1135 4129 erant
1168 4063 1354 4148 potiti
1386 4062 1624 4142 Poeni,
1668 4063 1791 4132 nisi
1827 4063 1907 4132 de
1942 4062 2329 4136 redimendis
2364 4061 2565 4148 capti-
