3292 4559
942 311 1049 366 DE
1082 310 1604 368 DIVINATIONE
1634 311 1686 366 I.
1723 312 1903 366 106—
1913 312 2032 366 112
2387 297 2512 364 159
2611 294 2616 297 ’

590 437 723 506 Sed
754 446 858 514 ut,
903 434 1075 501 unde
1109 435 1237 499 huc
1274 434 1560 521 digressa
1595 445 1721 511 est,
1759 433 1988 500 eodem
2021 421 2242 500 redeat
2275 435 2509 500 oratio.
2545 433 2616 487 49

461 536 512 600 si
546 533 701 598 nihil
736 553 969 615 queam
1014 529 1340 615 disputare
1384 550 1579 614 quam
1614 528 1701 594 ob
1743 551 1880 594 rem
1923 528 2208 613 quidque
2252 528 2394 606 fiat,
2449 505 2614 594 ιιι109

460 639 705 694 tantum
738 624 931 690 modo
964 623 1105 690 fieri
1139 645 1246 701 ea,
1292 645 1458 708 quae
1496 623 2018 700 commemoravi,
2066 624 2361 702 doceam,
2397 647 2514 710 pa-

460 743 681 787 rumne
714 718 998 805 Epicuro
1037 715 1437 783 Carneadive
1472 716 1934 804 respondeam?
1978 717 2174 802 quid?
2228 717 2284 782 si
2319 717 2514 783 etiam

460 815 617 881 ratio
631 883 639 888 ,
653 823 860 880 exstat
903 811 1279 878 artificiosae
1322 811 1790 898 praesensionis
1825 812 2061 891 facilis,
2108 813 2362 880 divinae
2399 835 2514 878 au-

458 923 586 974 tem
618 907 815 995 paulo
850 905 1218 972 obscurior?
1274 927 1441 989 quae
1486 907 1658 972 enim
1695 905 1890 983 extis,
1926 927 2092 990 quae
2128 905 2511 993 fulgoribuS,

456 1025 624 1088 quae
671 1000 981 1087 portentis
998 1047 1016 1076 ,
1072 1022 1239 1083 quae
1274 1000 1459 1066 astris
1502 1001 2047 1086 praesentiuntur,
2101 1000 2262 1066 haec
2295 1009 2515 1064 notata

460 1106 610 1160 sunt
644 1093 1091 1160 observatione
1127 1094 1458 1172 diuturna3
1496 1094 1706 1160 adfert
1739 1105 1958 1161 autem
1991 1104 2278 1160 vetustas
2313 1093 2516 1158 omni-

460 1189 583 1253 bus
615 1188 683 1253 in
727 1186 921 1252 rebus
961 1186 1315 1273 longinqua
1348 1187 1792 1254 observatione
1839 1187 2277 1254 incredibilem
2311 1186 2518 1252 scien-

460 1285 641 1360 tiam3
693 1304 862 1368 quae
913 1293 1125 1369 potest
1177 1305 1317 1349 esse
1372 1283 1567 1349 etiam
1612 1285 1750 1349 sine
1796 1295 1976 1350 motu
2021 1295 2214 1368 atque
2257 1283 2516 1369 inpulsu

464 1380 758 1456 deorum,
794 1399 941 1442 cum
954 1426 972 1455 ,
1018 1377 1174 1463 quid
1212 1400 1292 1442 ex
1328 1399 1585 1463 quoque
1620 1379 1874 1446 eveniat
1908 1390 1974 1445 et
2006 1379 2162 1464 quid
2196 1398 2518 1462 quamque

460 1495 597 1537 rem
646 1471 988 1558 significet,
1052 1473 1277 1538 crebra
1328 1472 1879 1540 animadversione
1939 1483 2347 1559 perspectum
2399 1483 2514 1538 est.

462 1567 659 1631 altera
692 1565 995 1630 divinatio
1032 1577 1131 1631 est
1163 1567 1472 1631 naturalis
1486 1611 1504 1644 ,
1539 1577 1614 1631 nt
1648 1576 1797 1631 ante
1833 1566 1964 1630 dixi
1976 1590 1994 1643 3
2039 1587 2202 1650 quae
2248 1564 2518 1651 physica
2543 1583 2621 1624 ιιο

460 1659 837 1746 disputandi·
874 1660 1221 1726 subtilitate
1255 1659 1594 1725 referenda
1628 1670 1726 1724 est
1771 1660 1855 1724 ad
1898 1670 2195 1724 naturam
2227 1659 2515 1734 deorum,

461 1777 503 1818 a
537 1774 693 1838 qua,
739 1763 813 1818 ut
858 1753 1243 1818 doctissimis
1288 1752 1900 1837 sapientissimisque
1936 1752 2208 1836 placuit,
2251 1751 2517 1816 haustos

462 1847 709 1911 animos
752 1856 817 1910 et
858 1845 1091 1909 libatos
1136 1845 1479 1921 habemus,
1531 1865 1806 1928 cumque
1855 1843 2070 1908 omnia
2114 1845 2408 1928 conpleta
2453 1854 2520 1909 et

462 1939 697 2006 referta
749 1938 875 2002 sint
918 1949 1197 2002 aeterno
1222 1959 1415 2001 sensu
1451 1946 1513 2001 et
1556 1946 1772 2001 mente
1817 1937 2060 2012 diviua,
2115 1957 2378 2001 necesse
2423 1945 2520 2000 est

462 2031 842 2118 contagione
880 2029 1237 2095 divinorum
1274 2029 1522 2095 animos
1557 2029 1876 2094 humanos
1911 2029 2315 2094 commoveri.
2405 2029 2520 2094 sed

462 2127 799 2213 vigilantes
844 2123 1043 2189 animi
1084 2123 1257 2189 vitae
1292 2122 1780 2189 necessitatibus
1813 2123 2100 2189 serviunt
2145 2122 2520 2208 diiungunt-

462 2245 588 2308 que
624 2245 694 2289 se
728 2245 770 2286 a
804 2218 1103 2286 societate
1140 2216 1356 2283 divina
1390 2217 1615 2284 vinclis
1655 2217 1934 2304 corporis
1969 2217 2264 2304 inpediti:
2300 2237 2518 2282 rarum
2543 2237 2622 2276 ιιι

462 2327 561 2382 est
596 2314 919 2408 quoddam
964 2334 1169 2400 genus
1208 2335 1459 2390 eorum,
1514 2313 1625 2398 qui
1671 2335 1740 2377 se
1776 2335 1816 2376 a
1851 2333 2116 2398 corpore
2151 2321 2424 2376 avocent
2458 2321 2522 2376 et

462 2412 548 2478 ad
592 2403 953 2476 divinarum
1005 2431 1221 2475 rerum
1275 2409 1708 2493 cognitionem
1753 2429 1908 2473 cura
1951 2407 2126 2472 omni
2177 2406 2520 2491 studioque

461 2505 809 2592 rapiantur.
897 2504 1126 2568 horum
1160 2513 1313 2568 sunt
1360 2503 1631 2588 auguria
1665 2523 1795 2566 non
1831 2501 2030 2566 divini
2061 2502 2369 2588 impetus,
2406 2500 2521 2566 sed

462 2600 723 2664 rationis
758 2599 1107 2668 humanae:
1144 2621 1295 2662 nam
1333 2607 1398 2661 et
1429 2609 1663 2662 natura
1698 2597 1919 2661 futura
1951 2595 2412 2682 praesentiunt,
2445 2605 2521 2658 ut

462 2714 776 2778 aquarum
812 2693 1140 2758 eluviones
1176 2700 1241 2756 et
1284 2690 1809 2776 deflagrationem
1854 2691 2140 2755 futuram
2175 2689 2520 2773 aliquando

464 2788 627 2854 caeli
662 2797 853 2869 atque
888 2797 1231 2857 terrarumz
1278 2785 1385 2848 alii
1420 2796 1635 2850 autem
1671 2785 1739 2848 in
1772 2809 1842 2851 re
1878 2785 2136 2870 publica
2171 2782 2519 2859 exercitati,

466 2892 542 2946 ut
586 2881 665 2944 de
710 2879 1092 2944 Atheniensi
1138 2879 1375 2945 Solone
1428 2879 1822 2966 accepimus,
1877 2880 2186 2945 orientem
2236 2877 2521 2964 tyranni-

466 2973 618 3038 dem
660 2972 861 3035 multo
908 2985 1053 3036 ante
1098 2972 1525 3057 prospiciunt,
1578 2993 1742 3056 quos
1795 2973 2126 3058 prudentis
2179 2993 2520 3058 possumus

466 3067 702 3142 dicere,
738 3065 806 3128 id
841 3075 939 3129 est
972 3064 1397 3150 providentis,
1434 3065 1682 3130 divinos
1719 3068 1896 3131 nullo
1931 3067 2124 3132 modo
2159 3089 2520 3153 possumus,

467 3183 603 3226 non
644 3160 790 3246 plus
826 3180 1021 3242 quam
1055 3159 1385 3224 Milesium
1420 3158 1724 3236 Thalem,
1778 3160 1890 3245 qui
1903 3208 1922 3237 ,
1973 3171 2046 3225 ut
2081 3160 2522 3248 obiurgatores

464 3277 622 3322 suos
658 3253 1065 3320 convinceret
1099 3254 1587 3338 ostenderetque
1631 3254 1824 3320 etiam
1857 3254 2336 3341 philosophum,
2371 3254 2427 3319 si
2448 3245 2523 3318 'ei

466 3348 880 3415 commodum
916 3357 1102 3426 esset,
1137 3348 1476 3433 pecuniam
1510 3347 1724 3414 facere
1759 3371 1968 3435 posse,
2005 3371 2260 3414 omnem
2294 3348 2522 3422 oleam,

468 3453 621 3509 ante
673 3463 866 3528 quam
917 3441 1141 3508 florere
1195 3441 1535 3528 coepisset,
1586 3443 1656 3507 in
1709 3465 1864 3529 agro
1911 3442 2170 3508 Milesio
2219 3439 2523 3506 coemisse
2589 3479 2594 3486 -

467 3537 723 3603 dicitur.
810 3533 1343 3600 animadverterat
1393 3533 1664 3602 fortasse
1718 3536 2026 3644 quadam·
2046 3527 2321 3600 scientia
2353 3533 2524 3598 olea·
2551 3549 2628 3588 11²

466 3655 616 3696 rum
646 3631 1009 3696 ubertatem
1052 3629 1224 3695 fore.
1298 3640 1363 3695 et
1407 3630 1669 3714 quidem
1711 3630 1885 3696 idem
1930 3629 2173 3716 primus
2219 3626 2524 3692 defectio-

466 3747 623 3790 nem
658 3725 836 3800 solis,
882 3736 1057 3808 quae
1082 3724 1375 3810 Astyage
1408 3735 1719 3810 regnante
1754 3724 1926 3789 facta
1961 3732 2086 3798 est,
2133 3719 2523 3808 praedixisse

468 3819 695 3884 fertur.
790 3818 1003 3883 ‘multa
1053 3819 1317 3895 medici,
1383 3819 1586 3883 multa
1648 3818 2110 3905 gubernatores
2124 3863 2143 3892 ,
2207 3813 2522 3900 agricolae
2557 3825 2630 3880 50

467 3912 670 3977 etiam
711 3913 915 3978 multa
954 3914 1421 3998 praesentiunt,
1474 3912 1590 3978 sed
1634 3912 1877 3977 nullam
1921 3932 2143 3976 eorum
2187 3907 2525 3972 divinatio-

472 4027 629 4071 nem
654 4027 835 4084 voco,
870 4029 951 4072 ne
975 4009 1149 4074 illam
1174 4009 1454 4092 quidem,
1484 4029 1615 4093 qua
1642 4007 1725 4072 ab
1742 4003 2230 4078 Anaximandro
2258 4001 2526 4089 physico

472 4100 704 4166 moniti
736 4101 1232 4170 Lacedaemonii
1276 4113 1425 4169 sunt
1466 4113 1539 4168 ut
1581 4101 1810 4167 urbem
1845 4110 1911 4168 et
1951 4109 2122 4166 tecta
2163 4097 2543 4183 linquerent-
