3292 4559
968 223 1076 279 DE
1108 223 1211 287 RE
1244 207 1589 279 PUBLIOA
1623 220 1724 315 vl.
1762 222 1970 283 9,-15,
2368 206 2510 275 241-

450 344 781 413 Graeciam
794 394 813 423 ,
887 347 1167 433 deligere
1235 346 1468 411 iterum
1538 344 1761 409 consul
1831 345 2063 413 absens
2127 345 2496 431 bellumque

448 439 789 505 maximum
827 440 1146 517 conficies,
1180 438 1601 505 Numantiam
1636 438 2000 516 exscindes3
2034 440 2150 505 sed
2185 462 2332 505 eum
2369 440 2493 507 eris

450 554 631 597 curru
680 533 750 598 in
806 530 1203 620 Capitolium
1252 534 1575 609 invectus,
1638 530 1928 597 offendes
1982 556 2119 599 rem
2167 534 2495 621 publicam

448 625 717 691 consiliis
777 628 1219 713 perturbatam
1278 626 1527 713 nepotis
1596 626 1744 692 mei.
1757 720 1772 735 .
1848 626 1953 692 hic
2003 638 2102 704 tu,
2163 628 2495 706 Africane,
2530 620 2600 731 {ff

352 720 357 723 ’
450 721 735 785 ostendas
780 722 1101 808 oportebit
1134 721 1381 807 patriae
1414 720 1635 786 lumen
1671 720 1866 786 ammi
1877 767 1896 798 ,
1941 721 2185 807 ingenii
2219 724 2494 787 consilii-

449 832 565 895 que
608 814 724 880 tui.
814 816 935 882 sed
977 816 1115 883 eius
1158 814 1465 901 temporis
1510 814 1853 901 ancipitem
1888 814 2078 880 video
2113 817 2297 899 quasi
2330 817 2498 881 fato-

448 926 583 971 rum
634 908 841 974 viam.
914 932 1070 975 nam
1122 930 1271 974 cum
1322 919 1499 975 aetas
1553 920 1670 973 tua
1711 919 2010 994 septenos
2055 910 2298 975 octiens
2343 910 2530 975 solis¹

450 1000 765 1068 anfractus
800 1004 1173 1088 reditusque
1208 1002 1613 1081 converterit,
1651 1002 1908 1087 duoque
1942 1004 1990 1068 ii
2019 1004 2303 1081 nume-ri,
2338 1025 2500 1088 quo-

447 1114 583 1159 rum
622 1107 897 1183 uterque
940 1100 1169 1188 plenus
1216 1100 1377 1163 alter
1419 1098 1620 1163 altera
1664 1097 1746 1163 de
1789 1120 1986 1164 causa
2028 1098 2331 1176 habetur,
2377 1098 2500 1163 eir-

339 1204 341 1219 ²
450 1188 618 1255 cuitu
667 1194 950 1259 naturali
1003 1214 1319 1259 summam
1372 1191 1492 1257 tibi
1540 1192 1806 1258 fatalem
1847 1192 2266 1271 confecerint,
2321 1193 2390 1257 in
2433 1202 2501 1257 te

339 1318 341 1323 ·
447 1304 641 1349 unum
672 1297 873 1373 atque
906 1288 975 1355 in
1010 1298 1195 1353 taum
1226 1308 1463 1353 nomen
1496 1308 1567 1352 se
1600 1296 1738 1353 tota
1771 1298 2098 1352 convertet
2134 1286 2387 1353 civitesz
2431 1297 2500 1353 te

449 1390 725 1458 senatus,
772 1394 838 1449 te
875 1404 1096 1448 omnes
1130 1382 1317 1457 boni,
1362 1392 1425 1447 te
1460 1380 1646 1459 socii,
1697 1392 1762 1447 te
1797 1381 2018 1447 Latini
2050 1382 2496 1459 intuebuntur-3

444 1480 511 1535 tu
544 1474 667 1540 eris
702 1500 896 1556 unus,
929 1477 999 1543 in
1029 1498 1161 1561 quo
1194 1477 1435 1542 nitatur
1468 1475 1746 1541 civitatis
1779 1476 1974 1554 salus,
2018 1498 2114 1552 ac,
2157 1500 2240 1543 ne
2273 1477 2497 1553 multa,

445 1564 707 1634 dictator
748 1594 895 1639 rem
937 1570 1265 1657 publicam
1309 1569 1660 1635 constituas
1693 1580 1974 1654 oportet,
2022 1570 2078 1634 si
2109 1570 2317 1655 inpias
2351 1592 2500 1656 pro-

444 1658 831 1745 pinquorum
892 1686 1123 1730 manus
1178 1664 1502 1750 effugeris.
1517 1664 1533 1692 '
1584 1698 1676 1713 --
1722 1663 1830 1729 hic
1881 1686 2030 1729 cum
2081 1665 2500 1729 exclamasset

444 1750 699 1823 Laelius
734 1760 1333 1847 ingemuissentque
1361 1758 1801 1825 vehementius
1827 1758 2043 1835 ceteri,
2077 1758 2304 1825 leniter
2333 1756 2500 1822 adri—

446 1844 595 1914 dens
632 1850 859 1941 Seipio
912 1852 1029 1919 ‘sti
1066 1852 1348 1937 quaese,’
1383 1852 1597 1935 inquit
1638 1858 1750 1917 ‘ne
1785 1874 1890 1917 me
1927 1874 1964 1917 e
1997 1872 2225 1917 somno
2261 1852 2498 1917 excite·

444 1939 539 2018 tis,
576 1956 639 2009 et
672 1969 1024 2033 parumper
1052 1946 1273 2011 audite
1310 1946 1559 2011 cetera?
1590 1982 1679 1995 --
1705 1953 1804 2024 (3.)
1838 1946 1980 2011 ‘sed
2014 1967 2144 2029 quo
2178 1946 2285 2023 sie,
2319 1945 2500 2011 Afri-
2533 1927 2602 2038 ἓξ

450 2054 629 2115 cane,
674 2042 949 2109 alacrior
992 2042 1076 2105 ad
1130 2042 1464 2105 uitandam
1506 2063 1645 2106 rem
1689 2040 2044 2126 publicam,
2099 2040 2192 2104 sic
2234 2038 2495 2105 habeto:

448 2134 735 2202 omnibus
748 2186 767 2215 ,
818 2136 933 2221 qui
974 2135 1248 2221 patriam
1282 2135 1828 2212 conservaverint,
1873 2134 2259 2211 adiuverint,
2303 2154 2500 2198 auxe-

446 2222 594 2304 rint,
646 2243 895 2297 certum
948 2252 1087 2295 esse
1136 2229 1207 2294 in
1258 2230 1435 2295 caelo
1491 2228 1823 2296 definitum
1873 2229 2116 2305 locum,
2169 2228 2283 2294 ubi
2330 2227 2500 2293 beati

339 2340 342 2375 1
448 2338 601 2385 aevo
662 2326 1055 2411 sempiterno
1106 2324 1431 2401 fruantur3
1500 2322 1660 2390 nihil
1713 2334 1811 2389 eet
1863 2323 2034 2389 enim
2084 2322 2178 2387 illi
2228 2321 2500 2408 principi

450 2408 593 2492 deo,
636 2422 751 2503 qui
798 2442 1056 2486 omnem
1097 2420 1411 2487 mundum
1457 2419 1653 2505 regit,
1699 2418 1874 2503 quod
1917 2418 2179 2503 quidem
2213 2418 2281 2481 in
2315 2418 2506 2483 terris

448 2502 553 2572 fiat
565 2555 584 2586 ,
638 2514 967 2600 acceptius
1018 2535 1216 2598 quam
1269 2514 1537 2579 concilia
1588 2523 1940 2596 coetusque
1983 2512 2314 2577 hominum
2360 2511 2500 2577 iure

451 2602 688 2685 sociati,
752 2631 921 2692 quae
988 2608 1277 2673 civitates
1331 2608 1759 2694 appellantur:
1824 2606 2055 2671 harum
2107 2617 2382 2672 rectores
2435 2616 2508 2669 et·

452 2712 925 2765 conservatores
958 2700 1109 2765 hinc
1143 2700 1414 2785 profecti
1446 2701 1576 2765 huc
1608 2699 2054 2765 revertuntur).
2574 2772 2578 2777 q

573 2793 709 2857 Hic
756 2814 879 2878 ego
890 2840 909 2869 ,
956 2794 1076 2857 etsi
1120 2816 1295 2857 eram
1327 2793 1702 2878 perterritus
1735 2814 1868 2857 non
1902 2802 2036 2855 tam
2069 2790 2290 2853 mortis
2325 2798 2502 2852 metu
2535 2760 2606 2873 ᾖ

450 2902 643 2966 quam
688 2882 1063 2952 insidi-erum
1098 2908 1139 2951 a
1172 2886 1360 2962 meis,
1406 2887 1696 2968 quaesivi
1739 2896 1956 2950 tamen
1997 2884 2320 2948 viveretne
2363 2882 2502 2983 ipse

339 3022 342 3029 «
451 2988 513 3041 et
542 2978 793 3048 Paulus
836 2992 1019 3068 pater
1054 2990 1119 3046 et
1152 2979 1288 3057 alii,
1334 3001 1497 3064 quos
1528 3000 1650 3043 noe
1685 2978 2028 3044 exstinctos
2063 2983 2202 3042 esse
2238 2975 2504 3042 arbit-ra·-

450 3091 682 3141 remur.
773 3078 997 3143 ‘immo
1042 3097 1193 3141 vero
1208 3075 1223 3103 '
1268 3074 1479 3161 inquit
1522 3075 1597 3139 ‘ii
1642 3074 1898 3152 vivunt,
1944 3072 2054 3157 qui
2087 3094 2124 3137 e
2167 3093 2504 3157 corporum

451 3164 721 3237 vinculis
782 3182 1145 3255 tamquam.
1166 3192 1203 3234 e
1258 3188 1513 3234 carcere
1572 3168 2020 3243 evolaverunt,
2086 3176 2298 3232 vestra
2349 3184 2502 3230 vero

452 3278 615 3343 quae
650 3266 883 3332 dicitur
916 3264 1050 3329 vita
1083 3286 1255 3329 mors
1291 3271 1407 3329 est.
1471 3262 1627 3346 quin
1661 3272 1734 3326 tu
1770 3260 2000 3347 aspicis
2037 3260 2118 3325 ad
2151 3270 2216 3325 te
2246 3259 2505 3324 venien·
2617 3253 2624 3261 ’

453 3363 582 3422 tem
614 3358 899 3425 Paulum
932 3359 1248 3445 patrem?
1296 3376 1489 3443 quem
1523 3369 1597 3423 ut
1630 3356 1786 3434 vidi,
1824 3354 2119 3439 equidem
2153 3354 2285 3419 vim
2318 3352 2505 3417 lacri-

451 3470 702 3519 marum
735 3454 1021 3541 profudi,
1065 3454 1173 3519 ille
1208 3466 1423 3519 autem
1456 3476 1563 3518 me
1598 3451 1946 3537 conplexus
1983 3460 2173 3534 atque
2209 3446 2512 3557 osculans
2540 3510 2608 3563 15

340 3626 342 3629 Α
395 3638 399 3645 .
452 3541 601 3611 flere
654 3548 1055 3634 prohibebat.
1144 3558 1339 3631 atque
1393 3568 1515 3633 ego
1567 3557 1639 3611 ut
1691 3545 1972 3631 primum
2011 3543 2168 3608 fletu
2213 3561 2502 3627 represso
2548 3581 2598 3621 15

452 3634 629 3723 loqui
677 3665 866 3729 posse
918 3642 1131 3727 coepi,
1185 3642 1505 3727 ‘quaesm’
1558 3641 1822 3724 inquam
1857 3645 2069 3724 ‘pater
2113 3635 2509 3728 sanctissime

456 3741 647 3817 atque
682 3738 949 3824 optime,
991 3736 1299 3821 quoniam
1333 3735 1493 3801 haec
1528 3745 1625 3801 est
1659 3734 1820 3811 vita,
1867 3746 1939 3797 ut
1971 3731 2356 3795 Africanum
2391 3751 2507 3792 au·-

339 3870 342 3897 ;
456 3822 559 3891 dio
596 3828 827 3911 dicere,
864 3830 1021 3915 quid
1049 3850 1267 3895 moror
1299 3831 1368 3895 in
1401 3828 1623 3895 terris?
1670 3828 1825 3911 quin
1859 3826 1988 3891 huc
2022 3824 2107 3891 ad
2127 3845 2259 3888 -vos
2290 3822 2508 3887 venire

339 3986 344 4029 l

339 4044 342 4095 g

339 4098 342 4105 ι

339 4272 342 4279 .

339 4280 342 4297 ἶ

339 3922 344 3967 ἱ
455 3926 791 4009 properoP’
862 3933 1024 3991 ‘non
1066 3936 1167 3991 est
1210 3925 1359 3991 ita:’
1407 3923 1616 4009 inquit
1655 3921 1765 3987 ille
1811 3921 1966 3985 ‘nisi
2007 3920 2182 3985 enirn
2225 3916 2384 3982 deus
2427 3915 2504 3991 ie,

458 4015 637 4083 euius
688 4020 811 4085 hoc
862 4021 1172 4106 templum
1206 4030 1305 4086 est
1355 4039 1571 4095 omne,
1626 4016 1802 4101 quod
1853 4014 2166 4101 conspicis
2180 4061 2198 4090 ,
2251 4010 2388 4082 istis
2441 4018 2508 4073 te

563 4116 780 4165 Ciceronis
798 4123 881 4165 vol.
902 4120 1008 4165 VIII.
2101 4113 2170 4169 16
