<?xml version="1.0" encoding="UTF-8"?>
<!DOCTYPE html PUBLIC "-//W3C//DTD XHTML 1.0 Transitional//EN"
    "http://www.w3.org/TR/xhtml1/DTD/xhtml1-transitional.dtd">
<html xmlns="http://www.w3.org/1999/xhtml" xml:lang="en" lang="en">
 <head>
  <title>
</title>
<meta http-equiv="Content-Type" content="text/html;charset=utf-8" />
  <meta name='ocr-system' content='tesseract 3.04.00' />
  <meta name='ocr-capabilities' content='ocr_page ocr_carea ocr_par ocr_line ocrx_word'/>
</head>
<body>
  <div class='ocr_page' id='page_1' title='image "./mtulliiciceroni03unkngoog_0539.png"; bbox 0 0 3292 4559; ppageno 0'>
   <div class='ocr_carea' id='block_1_1' title="bbox 1013 214 2537 285">
    <p class='ocr_par' dir='ltr' id='par_1_1' title="bbox 1013 214 2537 285">
     <span class='ocr_line' id='line_1_1' title="bbox 1013 214 2537 285; baseline 0 -4"><span class='ocrx_word' id='word_1_1' title='bbox 1013 228 1125 281; x_wconf 12' lang='lat' dir='ltr'><strong>DE,</strong></span> <span class='ocrx_word' id='word_1_2' title='bbox 1155 226 1256 281; x_wconf 78' lang='lat' dir='ltr'><strong>RE</strong></span> <span class='ocrx_word' id='word_1_3' title='bbox 1291 226 1634 285; x_wconf 76' lang='lat' dir='ltr'><strong>PUBLIGA</strong></span> <span class='ocrx_word' id='word_1_4' title='bbox 1668 226 1743 283; x_wconf 91' lang='lat'><strong>11.</strong></span> <span class='ocrx_word' id='word_1_5' title='bbox 1781 228 1990 283; x_wconf 83' lang='lat'>5—11.</span> <span class='ocrx_word' id='word_1_6' title='bbox 2406 214 2537 281; x_wconf 80' lang='lat'>181·</span> 
     </span>
    </p>
   </div>
   <div class='ocr_carea' id='block_1_2' title="bbox 423 346 2535 4101">
    <p class='ocr_par' dir='ltr' id='par_1_2' title="bbox 423 346 2535 4101">
     <span class='ocr_line' id='line_1_2' title="bbox 423 346 2535 434; baseline -0.002 -13"><span class='ocrx_word' id='word_1_7' title='bbox 423 366 510 421; x_wconf 84' lang='lat' dir='ltr'><strong>et</strong></span> <span class='ocrx_word' id='word_1_8' title='bbox 563 346 904 419; x_wconf 86' lang='lat' dir='ltr'><strong>armorum</strong></span> <span class='ocrx_word' id='word_1_9' title='bbox 949 347 1194 414; x_wconf 83' lang='lat' dir='ltr'><strong>cultum</strong></span> <span class='ocrx_word' id='word_1_10' title='bbox 1238 351 1646 434; x_wconf 74' lang='lat' dir='ltr'><strong>reliquerant.</strong></span> <span class='ocrx_word' id='word_1_11' title='bbox 1733 352 1933 415; x_wconf 87' lang='lat' dir='ltr'><strong>multa</strong></span> <span class='ocrx_word' id='word_1_12' title='bbox 1980 350 2173 419; x_wconf 89' lang='lat' dir='ltr'><strong>etiam</strong></span> <span class='ocrx_word' id='word_1_13' title='bbox 2218 351 2303 417; x_wconf 88' lang='lat' dir='ltr'><strong>ad</strong></span> <span class='ocrx_word' id='word_1_14' title='bbox 2344 352 2535 420; x_wconf 75' lang='lat' dir='ltr'><strong>luxu-</strong></span> 
     </span>
     <span class='ocr_line' id='line_1_3' title="bbox 427 443 2535 530; baseline -0.002 -17"><span class='ocrx_word' id='word_1_15' title='bbox 427 450 628 513; x_wconf 85' lang='lat' dir='ltr'><strong>riam</strong></span> <span class='ocrx_word' id='word_1_16' title='bbox 701 445 1118 511; x_wconf 77' lang='lat' dir='ltr'><strong>invitamenta</strong></span> <span class='ocrx_word' id='word_1_17' title='bbox 1187 444 1547 530; x_wconf 80' lang='lat' dir='ltr'><strong>perniciosa</strong></span> <span class='ocrx_word' id='word_1_18' title='bbox 1617 443 1982 509; x_wconf 79' lang='lat' dir='ltr'><strong>civitatibus</strong></span> <span class='ocrx_word' id='word_1_19' title='bbox 2044 444 2535 530; x_wconf 77' lang='lat' dir='ltr'><strong>subpeditantur</strong></span> 
     </span>
     <span class='ocr_line' id='line_1_4' title="bbox 431 538 2534 625; baseline -0.002 -18"><span class='ocrx_word' id='word_1_20' title='bbox 431 542 658 619; x_wconf 88' lang='lat' dir='ltr'><strong>mari,</strong></span> <span class='ocrx_word' id='word_1_21' title='bbox 713 562 882 625; x_wconf 86' lang='lat' dir='ltr'><strong>quae</strong></span> <span class='ocrx_word' id='word_1_22' title='bbox 926 540 1050 605; x_wconf 85' lang='lat' dir='ltr'><strong>vel·</strong></span> <span class='ocrx_word' id='word_1_23' title='bbox 1077 538 1418 623; x_wconf 86' lang='lat' dir='ltr'><strong>capiuntur</strong></span> <span class='ocrx_word' id='word_1_24' title='bbox 1460 538 1565 603; x_wconf 88' lang='lat' dir='ltr'><strong>vel</strong></span> <span class='ocrx_word' id='word_1_25' title='bbox 1605 538 2038 624; x_wconf 75' lang='lat' dir='ltr'><strong>inportantur,</strong></span> <span class='ocrx_word' id='word_1_26' title='bbox 2090 549 2287 622; x_wconf 83' lang='lat' dir='ltr'><strong>atque</strong></span> <span class='ocrx_word' id='word_1_27' title='bbox 2339 538 2534 614; x_wconf 85' lang='lat' dir='ltr'><strong>habet</strong></span> 
     </span>
     <span class='ocr_line' id='line_1_5' title="bbox 431 631 2533 719; baseline -0 -19"><span class='ocrx_word' id='word_1_28' title='bbox 431 638 588 700; x_wconf 88' lang='lat' dir='ltr'><strong>iam</strong></span> <span class='ocrx_word' id='word_1_29' title='bbox 627 634 982 699; x_wconf 81' lang='lat' dir='ltr'><strong>amoenitas</strong></span> <span class='ocrx_word' id='word_1_30' title='bbox 1015 632 1158 719; x_wconf 87' lang='lat' dir='ltr'><strong>ipsa</strong></span> <span class='ocrx_word' id='word_1_31' title='bbox 1191 632 1298 697; x_wconf 83' lang='lat' dir='ltr'><strong>vel</strong></span> <span class='ocrx_word' id='word_1_32' title='bbox 1331 642 1739 718; x_wconf 87' lang='lat' dir='ltr'><strong>sumptuosas</strong></span> <span class='ocrx_word' id='word_1_33' title='bbox 1773 633 1879 697; x_wconf 84' lang='lat' dir='ltr'><strong>vel</strong></span> <span class='ocrx_word' id='word_1_34' title='bbox 1914 631 2264 699; x_wconf 83' lang='lat' dir='ltr'><strong>desidiosas</strong></span> <span class='ocrx_word' id='word_1_35' title='bbox 2298 633 2533 699; x_wconf 87' lang='lat' dir='ltr'><strong>inlece-</strong></span> 
     </span>
     <span class='ocr_line' id='line_1_6' title="bbox 431 723 2531 811; baseline -0.001 -18"><span class='ocrx_word' id='word_1_36' title='bbox 431 730 608 794; x_wconf 85' lang='lat' dir='ltr'><strong>bras</strong></span> <span class='ocrx_word' id='word_1_37' title='bbox 658 729 898 793; x_wconf 88' lang='lat' dir='ltr'><strong>multas</strong></span> <span class='ocrx_word' id='word_1_38' title='bbox 943 725 1384 811; x_wconf 80' lang='lat' dir='ltr'><strong>cupiditatum.</strong></span> <span class='ocrx_word' id='word_1_39' title='bbox 1475 736 1541 791; x_wconf 92' lang='lat' dir='ltr'><strong>et</strong></span> <span class='ocrx_word' id='word_1_40' title='bbox 1574 726 1751 809; x_wconf 90' lang='lat' dir='ltr'><strong>quod</strong></span> <span class='ocrx_word' id='word_1_41' title='bbox 1786 725 1865 791; x_wconf 89' lang='lat' dir='ltr'><strong>de</strong></span> <span class='ocrx_word' id='word_1_42' title='bbox 1904 723 2217 791; x_wconf 83' lang='lat' dir='ltr'><strong>Corintho</strong></span> <span class='ocrx_word' id='word_1_43' title='bbox 2255 726 2419 803; x_wconf 83' lang='lat' dir='ltr'><strong>dixi,</strong></span> <span class='ocrx_word' id='word_1_44' title='bbox 2462 726 2531 791; x_wconf 86' lang='lat' dir='ltr'><strong>id</strong></span> 
     </span>
     <span class='ocr_line' id='line_1_7' title="bbox 433 817 2528 897; baseline -0.001 -10"><span class='ocrx_word' id='word_1_45' title='bbox 433 823 638 887; x_wconf 86' lang='lat' dir='ltr'><strong>haud</strong></span> <span class='ocrx_word' id='word_1_46' title='bbox 668 823 818 886; x_wconf 89' lang='lat' dir='ltr'><strong>-scio</strong></span> <span class='ocrx_word' id='word_1_47' title='bbox 866 844 949 885; x_wconf 87' lang='lat' dir='ltr'><strong>an</strong></span> <span class='ocrx_word' id='word_1_48' title='bbox 993 819 1183 885; x_wconf 86' lang='lat' dir='ltr'><strong>liceat</strong></span> <span class='ocrx_word' id='word_1_49' title='bbox 1217 819 1300 885; x_wconf 85' lang='lat' dir='ltr'><strong>de</strong></span> <span class='ocrx_word' id='word_1_50' title='bbox 1336 832 1568 885; x_wconf 88' lang='lat' dir='ltr'><strong>cuncta</strong></span> <span class='ocrx_word' id='word_1_51' title='bbox 1603 817 1888 885; x_wconf 80' lang='lat' dir='ltr'><strong>Graecia</strong></span> <span class='ocrx_word' id='word_1_52' title='bbox 1922 819 2252 886; x_wconf 86' lang='lat' dir='ltr'><strong>verissime</strong></span> <span class='ocrx_word' id='word_1_53' title='bbox 2287 820 2497 885; x_wconf 77' lang='lat' dir='ltr'><strong>dicere</strong></span> <span class='ocrx_word' id='word_1_54' title='bbox 2510 845 2528 897; x_wconf 87' lang='lat'><em>3</em></span> 
     </span>
     <span class='ocr_line' id='line_1_8' title="bbox 433 910 2525 1000; baseline -0.002 -19"><span class='ocrx_word' id='word_1_55' title='bbox 433 940 612 981; x_wconf 85' lang='lat' dir='ltr'><strong>nam</strong></span> <span class='ocrx_word' id='word_1_56' title='bbox 651 925 718 981; x_wconf 90' lang='lat' dir='ltr'><strong>et</strong></span> <span class='ocrx_word' id='word_1_57' title='bbox 749 915 894 1000; x_wconf 86' lang='lat' dir='ltr'><strong>ipsa</strong></span> <span class='ocrx_word' id='word_1_58' title='bbox 925 912 1410 997; x_wconf 76' lang='lat' dir='ltr'><strong>Peloponnesus</strong></span> <span class='ocrx_word' id='word_1_59' title='bbox 1445 912 1580 977; x_wconf 86' lang='lat' dir='ltr'><strong>fere</strong></span> <span class='ocrx_word' id='word_1_60' title='bbox 1617 923 1752 977; x_wconf 88' lang='lat' dir='ltr'><strong>tota</strong></span> <span class='ocrx_word' id='word_1_61' title='bbox 1784 913 1853 976; x_wconf 89' lang='lat' dir='ltr'><strong>in</strong></span> <span class='ocrx_word' id='word_1_62' title='bbox 1887 912 2049 977; x_wconf 87' lang='lat' dir='ltr'><strong>mari</strong></span> <span class='ocrx_word' id='word_1_63' title='bbox 2076 913 2223 997; x_wconf 75' lang='lat' dir='ltr'><strong>est,l</strong></span> <span class='ocrx_word' id='word_1_64' title='bbox 2266 910 2359 999; x_wconf 90' lang='lat' dir='ltr'><strong>[p.</strong></span> <span class='ocrx_word' id='word_1_65' title='bbox 2378 913 2525 977; x_wconf 86' lang='grc'><strong>228.</strong></span> 
     </span>
     <span class='ocr_line' id='line_1_9' title="bbox 437 1006 2531 1094; baseline -0.003 -19"><span class='ocrx_word' id='word_1_66' title='bbox 437 1032 578 1075; x_wconf 85' lang='lat' dir='ltr'><strong>nec</strong></span> <span class='ocrx_word' id='word_1_67' title='bbox 625 1020 885 1094; x_wconf 85' lang='lat' dir='ltr'><strong>praeter</strong></span> <span class='ocrx_word' id='word_1_68' title='bbox 917 1006 1282 1071; x_wconf 82' lang='lat' dir='ltr'><strong>Phliuntios</strong></span> <span class='ocrx_word' id='word_1_69' title='bbox 1325 1006 1444 1071; x_wconf 87' lang='lat' dir='ltr'><strong>ulli</strong></span> <span class='ocrx_word' id='word_1_70' title='bbox 1479 1016 1657 1084; x_wconf 87' lang='lat' dir='ltr'><strong>sunt,</strong></span> <span class='ocrx_word' id='word_1_71' title='bbox 1703 1027 1976 1091; x_wconf 86' lang='lat' dir='ltr'><strong>quorum</strong></span> <span class='ocrx_word' id='word_1_72' title='bbox 2020 1007 2159 1093; x_wconf 88' lang='lat' dir='ltr'><strong>agri</strong></span> <span class='ocrx_word' id='word_1_73' title='bbox 2202 1018 2333 1071; x_wconf 87' lang='lat' dir='ltr'><strong>no&#39;n</strong></span> <span class='ocrx_word' id='word_1_74' title='bbox 2375 1027 2531 1071; x_wconf 85' lang='lat' dir='ltr'><strong>con·</strong></span> 
     </span>
     <span class='ocr_line' id='line_1_10' title="bbox 441 1098 2527 1188; baseline -0.001 -20"><span class='ocrx_word' id='word_1_75' title='bbox 441 1105 721 1188; x_wconf 86' lang='lat' dir='ltr'><strong>tingant</strong></span> <span class='ocrx_word' id='word_1_76' title='bbox 755 1122 958 1178; x_wconf 90' lang='lat' dir='ltr'><strong>mare,</strong></span> <span class='ocrx_word' id='word_1_77' title='bbox 997 1110 1060 1165; x_wconf 91' lang='lat' dir='ltr'><strong>et</strong></span> <span class='ocrx_word' id='word_1_78' title='bbox 1095 1112 1276 1165; x_wconf 84' lang='lat' dir='ltr'><strong>extra</strong></span> <span class='ocrx_word' id='word_1_79' title='bbox 1307 1098 1833 1185; x_wconf 86' lang='lat' dir='ltr'><strong>Peloponnesum</strong></span> <span class='ocrx_word' id='word_1_80' title='bbox 1866 1099 2195 1166; x_wconf 83' lang='lat' dir='ltr'><strong>Aenianes</strong></span> <span class='ocrx_word' id='word_1_81' title='bbox 2230 1110 2295 1167; x_wconf 91' lang='lat' dir='ltr'><strong>et</strong></span> <span class='ocrx_word' id='word_1_82' title='bbox 2329 1098 2527 1165; x_wconf 87' lang='lat' dir='ltr'><strong>Doris</strong></span> 
     </span>
     <span class='ocr_line' id='line_1_11' title="bbox 441 1192 2526 1281; baseline -0.002 -20"><span class='ocrx_word' id='word_1_83' title='bbox 441 1208 518 1261; x_wconf 87' lang='lat' dir='ltr'><strong>et</strong></span> <span class='ocrx_word' id='word_1_84' title='bbox 571 1195 873 1281; x_wconf 85' lang='lat' dir='ltr'><strong>Dolopes</strong></span> <span class='ocrx_word' id='word_1_85' title='bbox 935 1194 1056 1259; x_wconf 85' lang='lat' dir='ltr'><strong>soli</strong></span> <span class='ocrx_word' id='word_1_86' title='bbox 1117 1194 1353 1258; x_wconf 88' lang='lat' dir='ltr'><strong>absunt</strong></span> <span class='ocrx_word' id='word_1_87' title='bbox 1413 1217 1453 1258; x_wconf 88' lang='lat' dir='ltr'><strong>a</strong></span> <span class='ocrx_word' id='word_1_88' title='bbox 1505 1194 1689 1259; x_wconf 85' lang='lat' dir='ltr'><strong>mari.</strong></span> <span class='ocrx_word' id='word_1_89' title='bbox 1794 1194 1951 1277; x_wconf 89' lang='lat' dir='ltr'><strong>quid</strong></span> <span class='ocrx_word' id='word_1_90' title='bbox 2013 1193 2224 1260; x_wconf 89' lang='lat' dir='ltr'><strong>dicam</strong></span> <span class='ocrx_word' id='word_1_91' title='bbox 2283 1192 2526 1259; x_wconf 88' lang='lat' dir='ltr'><strong>insulas</strong></span> 
     </span>
     <span class='ocr_line' id='line_1_12' title="bbox 449 1286 2529 1375; baseline -0.001 -20"><span class='ocrx_word' id='word_1_92' title='bbox 449 1288 825 1355; x_wconf 82' lang='lat' dir='ltr'><strong>Graeciae?</strong></span> <span class='ocrx_word' id='word_1_93' title='bbox 895 1310 1064 1373; x_wconf 86' lang='lat' dir='ltr'><strong>quae</strong></span> <span class='ocrx_word' id='word_1_94' title='bbox 1105 1287 1406 1353; x_wconf 87' lang='lat' dir='ltr'><strong>fluctibus</strong></span> <span class='ocrx_word' id='word_1_95' title='bbox 1453 1286 1699 1353; x_wconf 87' lang='lat' dir='ltr'><strong>cinctae</strong></span> <span class='ocrx_word' id='word_1_96' title='bbox 1734 1298 1959 1353; x_wconf 86' lang='lat' dir='ltr'><strong>natant</strong></span> <span class='ocrx_word' id='word_1_97' title='bbox 1990 1311 2195 1375; x_wconf 88' lang='lat' dir='ltr'><strong>paene</strong></span> <span class='ocrx_word' id='word_1_98' title='bbox 2228 1286 2409 1374; x_wconf 89' lang='lat' dir='ltr'><strong>ipsae</strong></span> <span class='ocrx_word' id='word_1_99' title='bbox 2444 1288 2529 1355; x_wconf 86' lang='lat' dir='ltr'><strong>si-</strong></span> 
     </span>
     <span class='ocr_line' id='line_1_13' title="bbox 446 1380 2523 1467; baseline 0 -20"><span class='ocrx_word' id='word_1_100' title='bbox 446 1384 596 1449; x_wconf 88' lang='lat' dir='ltr'><strong>mul</strong></span> <span class='ocrx_word' id='word_1_101' title='bbox 651 1406 803 1449; x_wconf 86' lang='lat' dir='ltr'><strong>cum</strong></span> <span class='ocrx_word' id='word_1_102' title='bbox 857 1382 1185 1448; x_wconf 85' lang='lat' dir='ltr'><strong>civitatum</strong></span> <span class='ocrx_word' id='word_1_103' title='bbox 1236 1382 1542 1447; x_wconf 85' lang='lat' dir='ltr'><strong>institutis</strong></span> <span class='ocrx_word' id='word_1_104' title='bbox 1595 1392 1661 1447; x_wconf 87' lang='lat' dir='ltr'><strong>et</strong></span> <span class='ocrx_word' id='word_1_105' title='bbox 1712 1383 2017 1448; x_wconf 88' lang='lat' dir='ltr'><strong>moribus.</strong></span> <span class='ocrx_word' id='word_1_106' title='bbox 2117 1394 2312 1467; x_wconf 84' lang='lat' dir='ltr'><strong>atque.</strong></span> <span class='ocrx_word' id='word_1_107' title='bbox 2361 1380 2523 1447; x_wconf 82' lang='lat' dir='ltr'><strong>haec</strong></span> 
     </span>
     <span class='ocr_line' id='line_1_14' title="bbox 443 1475 2524 1563; baseline -0.002 -20"><span class='ocrx_word' id='word_1_108' title='bbox 443 1478 748 1561; x_wconf 88' lang='lat' dir='ltr'><strong>quidem,</strong></span> <span class='ocrx_word' id='word_1_109' title='bbox 781 1488 858 1542; x_wconf 89' lang='lat' dir='ltr'><strong>-ut</strong></span> <span class='ocrx_word' id='word_1_110' title='bbox 891 1498 1086 1563; x_wconf 85' lang='lat' dir='ltr'><strong>supra</strong></span> <span class='ocrx_word' id='word_1_111' title='bbox 1122 1475 1275 1552; x_wconf 86' lang='lat' dir='ltr'><strong>dixi,</strong></span> <span class='ocrx_word' id='word_1_112' title='bbox 1313 1477 1544 1542; x_wconf 85' lang='lat' dir='ltr'><strong>veteris</strong></span> <span class='ocrx_word' id='word_1_113' title='bbox 1572 1487 1723 1541; x_wconf 89' lang='lat' dir='ltr'><strong>sunt</strong></span> <span class='ocrx_word' id='word_1_114' title='bbox 1750 1475 2095 1553; x_wconf 82' lang='lat' dir='ltr'><strong>Graeciae3</strong></span> <span class='ocrx_word' id='word_1_115' title='bbox 2130 1477 2524 1543; x_wconf 88' lang='lat' dir='ltr'><strong>coloniarum</strong></span> 
     </span>
     <span class='ocr_line' id='line_1_15' title="bbox 449 1567 2524 1655; baseline 0 -20"><span class='ocrx_word' id='word_1_116' title='bbox 449 1592 614 1636; x_wconf 84' lang='lat' dir='ltr'><strong>vero</strong></span> <span class='ocrx_word' id='word_1_117' title='bbox 651 1593 822 1655; x_wconf 85' lang='lat' dir='ltr'><strong>quae</strong></span> <span class='ocrx_word' id='word_1_118' title='bbox 857 1581 954 1635; x_wconf 88' lang='lat' dir='ltr'><strong>est</strong></span> <span class='ocrx_word' id='word_1_119' title='bbox 986 1570 1264 1635; x_wconf 84' lang='lat' dir='ltr'><strong>deducta</strong></span> <span class='ocrx_word' id='word_1_120' title='bbox 1297 1592 1338 1633; x_wconf 90' lang='lat' dir='ltr'><strong>a</strong></span> <span class='ocrx_word' id='word_1_121' title='bbox 1375 1567 1592 1635; x_wconf 81' lang='lat' dir='ltr'><strong>Graiis</strong></span> <span class='ocrx_word' id='word_1_122' title='bbox 1626 1569 1697 1634; x_wconf 89' lang='lat' dir='ltr'><strong>in</strong></span> <span class='ocrx_word' id='word_1_123' title='bbox 1722 1569 1974 1647; x_wconf 85' lang='lat' dir='ltr'><strong>Asiam,</strong></span> <span class='ocrx_word' id='word_1_124' title='bbox 2011 1570 2355 1647; x_wconf 87' lang='lat' dir='ltr'><strong>Thracam,</strong></span> <span class='ocrx_word' id='word_1_125' title='bbox 2390 1569 2524 1635; x_wconf 85' lang='lat' dir='ltr'><strong>Ita-</strong></span> 
     </span>
     <span class='ocr_line' id='line_1_16' title="bbox 451 1663 2520 1749; baseline -0.001 -20"><span class='ocrx_word' id='word_1_126' title='bbox 451 1666 643 1742; x_wconf 84' lang='lat' dir='ltr'><strong>liam,</strong></span> <span class='ocrx_word' id='word_1_127' title='bbox 727 1663 1042 1739; x_wconf 84' lang='lat' dir='ltr'><strong>Siciliam,</strong></span> <span class='ocrx_word' id='word_1_128' title='bbox 1120 1663 1417 1729; x_wconf 81' lang='lat' dir='ltr'><strong>Africam</strong></span> <span class='ocrx_word' id='word_1_129' title='bbox 1493 1674 1749 1749; x_wconf 81' lang='lat' dir='ltr'><strong>praeter</strong></span> <span class='ocrx_word' id='word_1_130' title='bbox 1828 1686 2027 1729; x_wconf 89' lang='lat' dir='ltr'><strong>unam</strong></span> <span class='ocrx_word' id='word_1_131' title='bbox 2092 1664 2520 1749; x_wconf 84' lang='lat' dir='ltr'><strong>Magnesiam,</strong></span> 
     </span>
     <span class='ocr_line' id='line_1_17' title="bbox 453 1756 2523 1843; baseline -0.001 -21"><span class='ocrx_word' id='word_1_132' title='bbox 453 1778 660 1842; x_wconf 87' lang='lat' dir='ltr'><strong>quam</strong></span> <span class='ocrx_word' id='word_1_133' title='bbox 721 1758 898 1823; x_wconf 84' lang='lat' dir='ltr'><strong>unda</strong></span> <span class='ocrx_word' id='word_1_134' title='bbox 955 1779 1088 1822; x_wconf 88' lang='lat' dir='ltr'><strong>non</strong></span> <span class='ocrx_word' id='word_1_135' title='bbox 1148 1757 1406 1831; x_wconf 83' lang='lat' dir='ltr'><strong>adluat?</strong></span> <span class='ocrx_word' id='word_1_136' title='bbox 1473 1758 1567 1822; x_wconf 89' lang='lat' dir='ltr'><strong>ita</strong></span> <span class='ocrx_word' id='word_1_137' title='bbox 1628 1757 2049 1823; x_wconf 85' lang='lat' dir='ltr'><strong>barbarorum</strong></span> <span class='ocrx_word' id='word_1_138' title='bbox 2112 1758 2285 1843; x_wconf 86' lang='lat' dir='ltr'><strong>agris</strong></span> <span class='ocrx_word' id='word_1_139' title='bbox 2338 1756 2523 1840; x_wconf 87' lang='lat' dir='ltr'><strong>quasi</strong></span> 
     </span>
     <span class='ocr_line' id='line_1_18' title="bbox 450 1848 2521 1937; baseline -0 -21"><span class='ocrx_word' id='word_1_140' title='bbox 450 1861 710 1917; x_wconf 83' lang='lat' dir='ltr'><strong>attexta</strong></span> <span class='ocrx_word' id='word_1_141' title='bbox 752 1848 764 1937; x_wconf 88' lang='grc' dir='ltr'>Ι</span> <span class='ocrx_word' id='word_1_142' title='bbox 818 1852 1136 1935; x_wconf 83' lang='lat' dir='ltr'><strong>quaedam</strong></span> <span class='ocrx_word' id='word_1_143' title='bbox 1189 1851 1445 1917; x_wconf 88' lang='lat' dir='ltr'><strong>videtur</strong></span> <span class='ocrx_word' id='word_1_144' title='bbox 1496 1874 1610 1916; x_wconf 90' lang='lat' dir='ltr'><strong>ora</strong></span> <span class='ocrx_word' id='word_1_145' title='bbox 1665 1874 1805 1917; x_wconf 86' lang='lat' dir='ltr'><strong>esse</strong></span> <span class='ocrx_word' id='word_1_146' title='bbox 1860 1849 2193 1917; x_wconf 84' lang='lat' dir='ltr'><strong>Graeciae.</strong></span> <span class='ocrx_word' id='word_1_147' title='bbox 2242 1848 2339 1937; x_wconf 70' lang='lat' dir='ltr'><strong>[p,</strong></span> <span class='ocrx_word' id='word_1_148' title='bbox 2373 1850 2521 1915; x_wconf 82' lang='lat'><strong>229.</strong></span> 
     </span>
     <span class='ocr_line' id='line_1_19' title="bbox 451 1944 2524 2031; baseline -0.001 -20"><span class='ocrx_word' id='word_1_149' title='bbox 451 1968 613 2011; x_wconf 83' lang='lat' dir='ltr'><strong>nam</strong></span> <span class='ocrx_word' id='word_1_150' title='bbox 657 1968 696 2012; x_wconf 86' lang='lat' dir='ltr'><strong>e</strong></span> <span class='ocrx_word' id='word_1_151' title='bbox 741 1945 1033 2011; x_wconf 85' lang='lat' dir='ltr'><strong>barbaris</strong></span> <span class='ocrx_word' id='word_1_152' title='bbox 1071 1944 1338 2029; x_wconf 87' lang='lat' dir='ltr'><strong>quidem</strong></span> <span class='ocrx_word' id='word_1_153' title='bbox 1374 1946 1530 2031; x_wconf 88' lang='lat' dir='ltr'><strong>ipsis</strong></span> <span class='ocrx_word' id='word_1_154' title='bbox 1565 1947 1729 2011; x_wconf 89' lang='lat' dir='ltr'><strong>nulli</strong></span> <span class='ocrx_word' id='word_1_155' title='bbox 1762 1957 1942 2012; x_wconf 73' lang='lat' dir='ltr'><strong>erant</strong></span> <span class='ocrx_word' id='word_1_156' title='bbox 1976 1956 2166 2013; x_wconf 88' lang='lat' dir='ltr'><strong>antea</strong></span> <span class='ocrx_word' id='word_1_157' title='bbox 2198 1944 2524 2010; x_wconf 85' lang='lat' dir='ltr'><strong>maritumi</strong></span> 
     </span>
     <span class='ocr_line' id='line_1_20' title="bbox 456 2038 2519 2125; baseline -0 -22"><span class='ocrx_word' id='word_1_158' title='bbox 456 2051 715 2125; x_wconf 86' lang='lat' dir='ltr'><strong>praeter</strong></span> <span class='ocrx_word' id='word_1_159' title='bbox 746 2038 1056 2103; x_wconf 85' lang='lat' dir='ltr'><strong>Etruscos</strong></span> <span class='ocrx_word' id='word_1_160' title='bbox 1093 2050 1158 2104; x_wconf 89' lang='lat' dir='ltr'><strong>et</strong></span> <span class='ocrx_word' id='word_1_161' title='bbox 1175 2038 1458 2117; x_wconf 89' lang='lat' dir='ltr'><strong>Poenos,</strong></span> <span class='ocrx_word' id='word_1_162' title='bbox 1495 2040 1679 2106; x_wconf 89' lang='lat' dir='ltr'><strong>alteri</strong></span> <span class='ocrx_word' id='word_1_163' title='bbox 1712 2041 2041 2107; x_wconf 87' lang='lat' dir='ltr'><strong>mercandi</strong></span> <span class='ocrx_word' id='word_1_164' title='bbox 2076 2062 2291 2117; x_wconf 87' lang='lat' dir='ltr'><strong>causa,</strong></span> <span class='ocrx_word' id='word_1_165' title='bbox 2326 2040 2519 2103; x_wconf 82' lang='lat' dir='ltr'><strong>latro-</strong></span> 
     </span>
     <span class='ocr_line' id='line_1_21' title="bbox 455 2133 2521 2220; baseline -0.001 -21"><span class='ocrx_word' id='word_1_166' title='bbox 455 2133 717 2199; x_wconf 87' lang='lat' dir='ltr'><strong>cinandi</strong></span> <span class='ocrx_word' id='word_1_167' title='bbox 761 2133 940 2197; x_wconf 86' lang='lat' dir='ltr'><strong>alteri</strong></span> <span class='ocrx_word' id='word_1_168' title='bbox 951 2157 970 2210; x_wconf 84' lang='lat'><em>3</em></span> <span class='ocrx_word' id='word_1_169' title='bbox 1024 2154 1192 2217; x_wconf 87' lang='lat' dir='ltr'><strong>quae</strong></span> <span class='ocrx_word' id='word_1_170' title='bbox 1237 2155 1432 2199; x_wconf 88' lang='lat' dir='ltr'><strong>causa</strong></span> <span class='ocrx_word' id='word_1_171' title='bbox 1475 2134 1817 2220; x_wconf 86' lang='lat' dir='ltr'><strong>perspicua</strong></span> <span class='ocrx_word' id='word_1_172' title='bbox 1863 2146 1961 2200; x_wconf 87' lang='lat' dir='ltr'><strong>est</strong></span> <span class='ocrx_word' id='word_1_173' title='bbox 1996 2134 2311 2199; x_wconf 90' lang='lat' dir='ltr'><strong>malorum</strong></span> <span class='ocrx_word' id='word_1_174' title='bbox 2348 2154 2521 2197; x_wconf 87' lang='lat' dir='ltr'><strong>com-</strong></span> 
     </span>
     <span class='ocr_line' id='line_1_22' title="bbox 457 2224 2517 2313; baseline 0 -22"><span class='ocrx_word' id='word_1_175' title='bbox 457 2226 1015 2311; x_wconf 87' lang='lat' dir='ltr'><strong>mutationumque</strong></span> <span class='ocrx_word' id='word_1_176' title='bbox 1065 2224 1381 2293; x_wconf 83' lang='lat' dir='ltr'><strong>Graeciae</strong></span> <span class='ocrx_word' id='word_1_177' title='bbox 1433 2240 1695 2313; x_wconf 74' lang='lat' dir='ltr'><strong>propter</strong></span> <span class='ocrx_word' id='word_1_178' title='bbox 1739 2252 1815 2293; x_wconf 87' lang='lat' dir='ltr'><strong>ea</strong></span> <span class='ocrx_word' id='word_1_179' title='bbox 1859 2229 2015 2295; x_wconf 84' lang='lat' dir='ltr'><strong>vitia</strong></span> <span class='ocrx_word' id='word_1_180' title='bbox 2058 2228 2517 2295; x_wconf 86' lang='lat' dir='ltr'><strong>maritimarum</strong></span> 
     </span>
     <span class='ocr_line' id='line_1_23' title="bbox 459 2320 2517 2409; baseline -0 -24"><span class='ocrx_word' id='word_1_181' title='bbox 459 2320 745 2399; x_wconf 86' lang='lat' dir='ltr'><strong>urbium,</strong></span> <span class='ocrx_word' id='word_1_182' title='bbox 791 2343 956 2405; x_wconf 90' lang='lat' dir='ltr'><strong>quae</strong></span> <span class='ocrx_word' id='word_1_183' title='bbox 999 2332 1147 2387; x_wconf 86' lang='lat' dir='ltr'><strong>ante</strong></span> <span class='ocrx_word' id='word_1_184' title='bbox 1188 2322 1383 2407; x_wconf 85' lang='lat' dir='ltr'><strong>paulo</strong></span> <span class='ocrx_word' id='word_1_185' title='bbox 1429 2322 1824 2407; x_wconf 87' lang='lat' dir='ltr'><strong>perbreviter</strong></span> <span class='ocrx_word' id='word_1_186' title='bbox 1860 2322 2064 2409; x_wconf 84' lang='lat' dir='ltr'><strong>attigi.</strong></span> <span class='ocrx_word' id='word_1_187' title='bbox 2154 2322 2269 2387; x_wconf 90' lang='lat' dir='ltr'><strong>sed</strong></span> <span class='ocrx_word' id='word_1_188' title='bbox 2302 2332 2517 2385; x_wconf 86' lang='lat' dir='ltr'><strong>tamen</strong></span> 
     </span>
     <span class='ocr_line' id='line_1_24' title="bbox 459 2414 2519 2503; baseline -0 -24"><span class='ocrx_word' id='word_1_189' title='bbox 459 2416 528 2479; x_wconf 93' lang='lat' dir='ltr'><strong>in</strong></span> <span class='ocrx_word' id='word_1_190' title='bbox 571 2416 670 2482; x_wconf 84' lang='lat' dir='ltr'><strong>his</strong></span> <span class='ocrx_word' id='word_1_191' title='bbox 713 2414 884 2479; x_wconf 86' lang='lat' dir='ltr'><strong>vitiis</strong></span> <span class='ocrx_word' id='word_1_192' title='bbox 927 2414 1094 2481; x_wconf 85' lang='lat' dir='ltr'><strong>inest</strong></span> <span class='ocrx_word' id='word_1_193' title='bbox 1135 2416 1246 2481; x_wconf 82' lang='lat' dir='ltr'><strong>illa</strong></span> <span class='ocrx_word' id='word_1_194' title='bbox 1289 2439 1526 2503; x_wconf 83' lang='lat' dir='ltr'><strong>magna</strong></span> <span class='ocrx_word' id='word_1_195' title='bbox 1575 2417 2023 2494; x_wconf 87' lang='lat' dir='ltr'><strong>commoditas,</strong></span> <span class='ocrx_word' id='word_1_196' title='bbox 2068 2427 2133 2481; x_wconf 92' lang='lat' dir='ltr'><strong>et</strong></span> <span class='ocrx_word' id='word_1_197' title='bbox 2167 2416 2343 2500; x_wconf 89' lang='lat' dir='ltr'><strong>quod</strong></span> <span class='ocrx_word' id='word_1_198' title='bbox 2375 2414 2519 2479; x_wconf 87' lang='lat' dir='ltr'><strong>ubi-</strong></span> 
     </span>
     <span class='ocr_line' id='line_1_25' title="bbox 457 2506 2513 2596; baseline 0 -23"><span class='ocrx_word' id='word_1_199' title='bbox 457 2531 586 2593; x_wconf 87' lang='lat' dir='ltr'><strong>que</strong></span> <span class='ocrx_word' id='word_1_200' title='bbox 629 2510 918 2595; x_wconf 87' lang='lat' dir='ltr'><strong>gentium</strong></span> <span class='ocrx_word' id='word_1_201' title='bbox 953 2506 964 2594; x_wconf 78' lang='lat' dir='ltr'><strong>l</strong></span> <span class='ocrx_word' id='word_1_202' title='bbox 1003 2520 1100 2574; x_wconf 86' lang='lat' dir='ltr'><strong>est</strong></span> <span class='ocrx_word' id='word_1_203' title='bbox 1143 2520 1217 2575; x_wconf 88' lang='lat' dir='ltr'><strong>ut</strong></span> <span class='ocrx_word' id='word_1_204' title='bbox 1261 2511 1346 2575; x_wconf 86' lang='lat' dir='ltr'><strong>ad</strong></span> <span class='ocrx_word' id='word_1_205' title='bbox 1389 2533 1534 2576; x_wconf 90' lang='lat' dir='ltr'><strong>eam</strong></span> <span class='ocrx_word' id='word_1_206' title='bbox 1567 2512 1816 2588; x_wconf 90' lang='lat' dir='ltr'><strong>urbem,</strong></span> <span class='ocrx_word' id='word_1_207' title='bbox 1853 2534 2051 2596; x_wconf 89' lang='lat' dir='ltr'><strong>quam</strong></span> <span class='ocrx_word' id='word_1_208' title='bbox 2083 2510 2181 2575; x_wconf 89' lang='lat' dir='ltr'><strong>in·</strong></span> <span class='ocrx_word' id='word_1_209' title='bbox 2238 2506 2329 2595; x_wconf 89' lang='lat' dir='ltr'><strong>[p.</strong></span> <span class='ocrx_word' id='word_1_210' title='bbox 2366 2509 2513 2573; x_wconf 85' lang='grc'><strong>230.</strong></span> 
     </span>
     <span class='ocr_line' id='line_1_26' title="bbox 461 2603 2517 2690; baseline -0.001 -21"><span class='ocrx_word' id='word_1_211' title='bbox 461 2605 631 2669; x_wconf 82' lang='lat' dir='ltr'><strong>colas</strong></span> <span class='ocrx_word' id='word_1_212' title='bbox 642 2651 661 2681; x_wconf 96' lang='lat'><strong>,</strong></span> <span class='ocrx_word' id='word_1_213' title='bbox 702 2603 906 2689; x_wconf 86' lang='lat' dir='ltr'><strong>possit</strong></span> <span class='ocrx_word' id='word_1_214' title='bbox 939 2603 1210 2680; x_wconf 85' lang='lat' dir='ltr'><strong>adnare,</strong></span> <span class='ocrx_word' id='word_1_215' title='bbox 1259 2617 1324 2669; x_wconf 86' lang='lat' dir='ltr'><strong>et</strong></span> <span class='ocrx_word' id='word_1_216' title='bbox 1357 2628 1578 2670; x_wconf 89' lang='lat' dir='ltr'><strong>rursus</strong></span> <span class='ocrx_word' id='word_1_217' title='bbox 1615 2615 1689 2669; x_wconf 91' lang='lat' dir='ltr'><strong>ut</strong></span> <span class='ocrx_word' id='word_1_218' title='bbox 1720 2605 1818 2682; x_wconf 92' lang='lat' dir='ltr'><strong>id,</strong></span> <span class='ocrx_word' id='word_1_219' title='bbox 1865 2605 2039 2690; x_wconf 88' lang='lat' dir='ltr'><strong>quod</strong></span> <span class='ocrx_word' id='word_1_220' title='bbox 2074 2604 2214 2690; x_wconf 84' lang='lat' dir='ltr'><strong>agri</strong></span> <span class='ocrx_word' id='word_1_221' title='bbox 2248 2604 2517 2679; x_wconf 84' lang='lat' dir='ltr'><strong>efferant</strong></span> 
     </span>
     <span class='ocr_line' id='line_1_27' title="bbox 464 2697 2516 2783; baseline -0.001 -22"><span class='ocrx_word' id='word_1_222' title='bbox 464 2698 589 2774; x_wconf 85' lang='lat' dir='ltr'><strong>sui,</strong></span> <span class='ocrx_word' id='word_1_223' title='bbox 633 2718 1070 2779; x_wconf 82' lang='lat' dir='ltr'><strong>quascumque</strong></span> <span class='ocrx_word' id='word_1_224' title='bbox 1116 2698 1316 2763; x_wconf 86' lang='lat' dir='ltr'><strong>velint</strong></span> <span class='ocrx_word' id='word_1_225' title='bbox 1351 2699 1418 2762; x_wconf 91' lang='lat' dir='ltr'><strong>in</strong></span> <span class='ocrx_word' id='word_1_226' title='bbox 1453 2710 1655 2763; x_wconf 87' lang='lat' dir='ltr'><strong>terras</strong></span> <span class='ocrx_word' id='word_1_227' title='bbox 1690 2709 1943 2783; x_wconf 89' lang='lat' dir='ltr'><strong>portare</strong></span> <span class='ocrx_word' id='word_1_228' title='bbox 1979 2699 2223 2783; x_wconf 88' lang='lat' dir='ltr'><strong>possint</strong></span> <span class='ocrx_word' id='word_1_229' title='bbox 2259 2718 2335 2762; x_wconf 88' lang='lat' dir='ltr'><strong>ac</strong></span> <span class='ocrx_word' id='word_1_230' title='bbox 2369 2697 2516 2759; x_wconf 88' lang='lat' dir='ltr'><strong>mit-</strong></span> 
     </span>
     <span class='ocr_line' id='line_1_28' title="bbox 466 2788 2514 2875; baseline -0.002 -20"><span class='ocrx_word' id='word_1_231' title='bbox 466 2803 614 2855; x_wconf 83' lang='lat' dir='ltr'><strong>tere.</strong></span> <span class='ocrx_word' id='word_1_232' title='bbox 717 2790 828 2873; x_wconf 85' lang='lat' dir='ltr'><strong>qui</strong></span> <span class='ocrx_word' id='word_1_233' title='bbox 887 2790 1094 2873; x_wconf 88' lang='lat' dir='ltr'><strong>potuit</strong></span> <span class='ocrx_word' id='word_1_234' title='bbox 1143 2792 1340 2875; x_wconf 87' lang='lat' dir='ltr'><strong>igitur</strong></span> <span class='ocrx_word' id='word_1_235' title='bbox 1394 2791 1671 2857; x_wconf 86' lang='lat' dir='ltr'><strong>divinius</strong></span> <span class='ocrx_word' id='word_1_236' title='bbox 1727 2804 1790 2856; x_wconf 88' lang='lat' dir='ltr'><strong>et</strong></span> <span class='ocrx_word' id='word_1_237' title='bbox 1842 2792 2147 2856; x_wconf 86' lang='lat' dir='ltr'><strong>utilitates</strong></span> <span class='ocrx_word' id='word_1_238' title='bbox 2200 2788 2514 2874; x_wconf 86' lang='lat' dir='ltr'><strong>conplecti</strong></span> 
     </span>
     <span class='ocr_line' id='line_1_29' title="bbox 468 2882 2515 2968; baseline -0.002 -19"><span class='ocrx_word' id='word_1_239' title='bbox 468 2882 806 2949; x_wconf 87' lang='lat' dir='ltr'><strong>maritimas</strong></span> <span class='ocrx_word' id='word_1_240' title='bbox 849 2882 1166 2947; x_wconf 89' lang='lat' dir='ltr'><strong>Romulus</strong></span> <span class='ocrx_word' id='word_1_241' title='bbox 1221 2895 1285 2949; x_wconf 89' lang='lat' dir='ltr'><strong>et</strong></span> <span class='ocrx_word' id='word_1_242' title='bbox 1337 2884 1492 2949; x_wconf 86' lang='lat' dir='ltr'><strong>vitia</strong></span> <span class='ocrx_word' id='word_1_243' title='bbox 1545 2884 1777 2960; x_wconf 84' lang='lat' dir='ltr'><strong>vitare,</strong></span> <span class='ocrx_word' id='word_1_244' title='bbox 1832 2907 2025 2968; x_wconf 87' lang='lat' dir='ltr'><strong>quam</strong></span> <span class='ocrx_word' id='word_1_245' title='bbox 2072 2883 2246 2968; x_wconf 86' lang='lat' dir='ltr'><strong>quod</strong></span> <span class='ocrx_word' id='word_1_246' title='bbox 2289 2882 2515 2947; x_wconf 88' lang='lat' dir='ltr'><strong>urbem</strong></span> 
     </span>
     <span class='ocr_line' id='line_1_30' title="bbox 471 2976 2513 3064; baseline -0.002 -21"><span class='ocrx_word' id='word_1_247' title='bbox 471 2977 754 3064; x_wconf 86' lang='lat' dir='ltr'><strong>perennis</strong></span> <span class='ocrx_word' id='word_1_248' title='bbox 808 2976 1010 3044; x_wconf 87' lang='lat' dir='ltr'><strong>amnis</strong></span> <span class='ocrx_word' id='word_1_249' title='bbox 1063 2988 1127 3041; x_wconf 88' lang='lat' dir='ltr'><strong>et</strong></span> <span class='ocrx_word' id='word_1_250' title='bbox 1180 2976 1530 3062; x_wconf 85' lang='lat' dir='ltr'><strong>aequabilis</strong></span> <span class='ocrx_word' id='word_1_251' title='bbox 1577 2988 1643 3043; x_wconf 89' lang='lat' dir='ltr'><strong>et</strong></span> <span class='ocrx_word' id='word_1_252' title='bbox 1686 2980 1756 3043; x_wconf 89' lang='lat' dir='ltr'><strong>in</strong></span> <span class='ocrx_word' id='word_1_253' title='bbox 1799 3001 1975 3043; x_wconf 87' lang='lat' dir='ltr'><strong>mare</strong></span> <span class='ocrx_word' id='word_1_254' title='bbox 2020 2980 2146 3043; x_wconf 84' lang='lat' dir='ltr'><strong>late</strong></span> <span class='ocrx_word' id='word_1_255' title='bbox 2192 2976 2513 3041; x_wconf 87' lang='lat' dir='ltr'><strong>influentis</strong></span> 
     </span>
     <span class='ocr_line' id='line_1_31' title="bbox 472 3070 2511 3159; baseline -0.001 -22"><span class='ocrx_word' id='word_1_256' title='bbox 472 3071 672 3159; x_wconf 85' lang='lat' dir='ltr'><strong>posuit</strong></span> <span class='ocrx_word' id='word_1_257' title='bbox 713 3071 782 3135; x_wconf 83' lang='lat' dir='ltr'><strong>in</strong></span> <span class='ocrx_word' id='word_1_258' title='bbox 823 3071 992 3155; x_wconf 86' lang='lat' dir='ltr'><strong>ripa,</strong></span> <span class='ocrx_word' id='word_1_259' title='bbox 1037 3092 1165 3154; x_wconf 87' lang='lat' dir='ltr'><strong>quo</strong></span> <span class='ocrx_word' id='word_1_260' title='bbox 1200 3083 1422 3157; x_wconf 84' lang='lat' dir='ltr'><strong>posset</strong></span> <span class='ocrx_word' id='word_1_261' title='bbox 1455 3072 1610 3139; x_wconf 87' lang='lat' dir='ltr'><strong>urbs</strong></span> <span class='ocrx_word' id='word_1_262' title='bbox 1647 3084 1711 3141; x_wconf 85' lang='lat' dir='ltr'><strong>et</strong></span> <span class='ocrx_word' id='word_1_263' title='bbox 1748 3074 2035 3157; x_wconf 87' lang='lat' dir='ltr'><strong>accipere</strong></span> <span class='ocrx_word' id='word_1_264' title='bbox 2072 3096 2153 3139; x_wconf 84' lang='lat' dir='ltr'><strong>ex</strong></span> <span class='ocrx_word' id='word_1_265' title='bbox 2187 3070 2349 3136; x_wconf 88' lang='lat' dir='ltr'><strong>mari</strong></span> <span class='ocrx_word' id='word_1_266' title='bbox 2384 3092 2511 3153; x_wconf 90' lang='lat' dir='ltr'><strong>quo</strong></span> 
     </span>
     <span class='ocr_line' id='line_1_32' title="bbox 474 3165 2511 3255; baseline -0.002 -23"><span class='ocrx_word' id='word_1_267' title='bbox 474 3170 678 3255; x_wconf 79' lang='lat' dir='ltr'><strong>egeret</strong></span> <span class='ocrx_word' id='word_1_268' title='bbox 697 3177 762 3231; x_wconf 87' lang='lat' dir='ltr'><strong>et</strong></span> <span class='ocrx_word' id='word_1_269' title='bbox 785 3166 1052 3230; x_wconf 89' lang='lat' dir='ltr'><strong>reddere</strong></span> <span class='ocrx_word' id='word_1_270' title='bbox 1080 3187 1208 3250; x_wconf 91' lang='lat' dir='ltr'><strong>quo</strong></span> <span class='ocrx_word' id='word_1_271' title='bbox 1235 3166 1642 3245; x_wconf 87' lang='lat' dir='ltr'><strong>redundaret,</strong></span> <span class='ocrx_word' id='word_1_272' title='bbox 1666 3168 1675 3252; x_wconf 84' lang='grc' dir='ltr'>Ι</span> <span class='ocrx_word' id='word_1_273' title='bbox 1696 3168 2047 3252; x_wconf 87' lang='lat' dir='ltr'><strong>eodemque</strong></span> <span class='ocrx_word' id='word_1_274' title='bbox 2080 3165 2209 3254; x_wconf 88' lang='lat' dir='ltr'><strong>[ut]</strong></span> <span class='ocrx_word' id='word_1_275' title='bbox 2248 3165 2343 3253; x_wconf 88' lang='lat' dir='ltr'><strong>[p.</strong></span> <span class='ocrx_word' id='word_1_276' title='bbox 2364 3165 2511 3229; x_wconf 86' lang='grc'><strong>231.</strong></span> 
     </span>
     <span class='ocr_line' id='line_1_33' title="bbox 475 3258 2511 3346; baseline -0.003 -19"><span class='ocrx_word' id='word_1_277' title='bbox 475 3261 718 3327; x_wconf 86' lang='lat' dir='ltr'><strong>flumine</strong></span> <span class='ocrx_word' id='word_1_278' title='bbox 777 3282 880 3323; x_wconf 91' lang='lat' dir='ltr'><strong>res</strong></span> <span class='ocrx_word' id='word_1_279' title='bbox 934 3260 1018 3323; x_wconf 89' lang='lat' dir='ltr'><strong>ad</strong></span> <span class='ocrx_word' id='word_1_280' title='bbox 1069 3260 1312 3325; x_wconf 89' lang='lat' dir='ltr'><strong>victum</strong></span> <span class='ocrx_word' id='word_1_281' title='bbox 1367 3260 1741 3346; x_wconf 88' lang='lat' dir='ltr'><strong>cultumque</strong></span> <span class='ocrx_word' id='word_1_282' title='bbox 1794 3261 2068 3327; x_wconf 87' lang='lat' dir='ltr'><strong>maxime</strong></span> <span class='ocrx_word' id='word_1_283' title='bbox 2122 3258 2511 3326; x_wconf 87' lang='lat' dir='ltr'><strong>necessarias</strong></span> 
     </span>
     <span class='ocr_line' id='line_1_34' title="bbox 476 3354 2512 3439; baseline -0.002 -18"><span class='ocrx_word' id='word_1_284' title='bbox 476 3378 596 3421; x_wconf 88' lang='lat' dir='ltr'><strong>non</strong></span> <span class='ocrx_word' id='word_1_285' title='bbox 629 3356 830 3421; x_wconf 89' lang='lat' dir='ltr'><strong>solum</strong></span> <span class='ocrx_word' id='word_1_286' title='bbox 861 3355 1024 3419; x_wconf 89' lang='lat' dir='ltr'><strong>mari</strong></span> <span class='ocrx_word' id='word_1_287' title='bbox 1057 3355 1458 3434; x_wconf 86' lang='lat' dir='ltr'><strong>absorberet,</strong></span> <span class='ocrx_word' id='word_1_288' title='bbox 1495 3356 1610 3421; x_wconf 86' lang='lat' dir='ltr'><strong>sed</strong></span> <span class='ocrx_word' id='word_1_289' title='bbox 1645 3357 1839 3422; x_wconf 85' lang='lat' dir='ltr'><strong>etiam</strong></span> <span class='ocrx_word' id='word_1_290' title='bbox 1874 3356 2156 3421; x_wconf 87' lang='lat' dir='ltr'><strong>invectas</strong></span> <span class='ocrx_word' id='word_1_291' title='bbox 2193 3354 2512 3439; x_wconf 87' lang='lat' dir='ltr'><strong>acciperet</strong></span> 
     </span>
     <span class='ocr_line' id='line_1_35' title="bbox 475 3442 2513 3519; baseline -0.004 0"><span class='ocrx_word' id='word_1_292' title='bbox 475 3476 554 3519; x_wconf 86' lang='lat' dir='ltr'><strong>ex</strong></span> <span class='ocrx_word' id='word_1_293' title='bbox 577 3451 771 3517; x_wconf 84' lang='lat' dir='ltr'><strong>terra?</strong></span> <span class='ocrx_word' id='word_1_294' title='bbox 806 3460 878 3513; x_wconf 87' lang='lat' dir='ltr'><strong>ut</strong></span> <span class='ocrx_word' id='word_1_295' title='bbox 901 3448 1060 3513; x_wconf 89' lang='lat' dir='ltr'><strong>mihi</strong></span> <span class='ocrx_word' id='word_1_296' title='bbox 1085 3449 1212 3513; x_wconf 88' lang='lat' dir='ltr'><strong>iam</strong></span> <span class='ocrx_word' id='word_1_297' title='bbox 1242 3461 1380 3515; x_wconf 90' lang='lat' dir='ltr'><strong>tum</strong></span> <span class='ocrx_word' id='word_1_298' title='bbox 1405 3450 1727 3517; x_wconf 88' lang='lat' dir='ltr'><strong>divinasse</strong></span> <span class='ocrx_word' id='word_1_299' title='bbox 1752 3450 1858 3515; x_wconf 86' lang='lat' dir='ltr'><strong>ille</strong></span> <span class='ocrx_word' id='word_1_300' title='bbox 1884 3442 2177 3515; x_wconf 86' lang='lat' dir='ltr'><strong>videatur</strong></span> <span class='ocrx_word' id='word_1_301' title='bbox 2211 3447 2377 3512; x_wconf 90' lang='lat' dir='ltr'><strong>hanc</strong></span> <span class='ocrx_word' id='word_1_302' title='bbox 2404 3469 2513 3510; x_wconf 88' lang='lat' dir='ltr'><strong>ur-</strong></span> 
     </span>
     <span class='ocr_line' id='line_1_36' title="bbox 478 3542 2511 3629; baseline -0.003 -18"><span class='ocrx_word' id='word_1_303' title='bbox 478 3548 613 3612; x_wconf 89' lang='lat' dir='ltr'><strong>bem</strong></span> <span class='ocrx_word' id='word_1_304' title='bbox 637 3545 852 3610; x_wconf 89' lang='lat' dir='ltr'><strong>sedem</strong></span> <span class='ocrx_word' id='word_1_305' title='bbox 880 3544 1222 3628; x_wconf 88' lang='lat' dir='ltr'><strong>aliquando</strong></span> <span class='ocrx_word' id='word_1_306' title='bbox 1253 3556 1318 3609; x_wconf 93' lang='lat' dir='ltr'><strong>et</strong></span> <span class='ocrx_word' id='word_1_307' title='bbox 1335 3545 1595 3609; x_wconf 88' lang='lat' dir='ltr'><strong>domum</strong></span> <span class='ocrx_word' id='word_1_308' title='bbox 1615 3567 1865 3609; x_wconf 89' lang='lat' dir='ltr'><strong>summo</strong></span> <span class='ocrx_word' id='word_1_309' title='bbox 1886 3566 2025 3611; x_wconf 89' lang='lat' dir='ltr'><strong>esse</strong></span> <span class='ocrx_word' id='word_1_310' title='bbox 2042 3542 2308 3629; x_wconf 89' lang='lat' dir='ltr'><strong>imperio</strong></span> <span class='ocrx_word' id='word_1_311' title='bbox 2326 3564 2511 3627; x_wconf 89' lang='lat' dir='ltr'><strong>prae-</strong></span> 
     </span>
     <span class='ocr_line' id='line_1_37' title="bbox 480 3637 2509 3726; baseline -0.001 -21"><span class='ocrx_word' id='word_1_312' title='bbox 480 3642 762 3705; x_wconf 82' lang='lat' dir='ltr'><strong>bituram:</strong></span> <span class='ocrx_word' id='word_1_313' title='bbox 816 3662 966 3703; x_wconf 88' lang='lat' dir='ltr'><strong>nam</strong></span> <span class='ocrx_word' id='word_1_314' title='bbox 1013 3638 1180 3703; x_wconf 84' lang='lat' dir='ltr'><strong>hanc</strong></span> <span class='ocrx_word' id='word_1_315' title='bbox 1222 3662 1438 3705; x_wconf 86' lang='lat' dir='ltr'><strong>rerum</strong></span> <span class='ocrx_word' id='word_1_316' title='bbox 1480 3650 1725 3705; x_wconf 87' lang='lat' dir='ltr'><strong>tantam</strong></span> <span class='ocrx_word' id='word_1_317' title='bbox 1758 3639 2109 3726; x_wconf 78' lang='lat' dir='ltr'><strong>potentiam</strong></span> <span class='ocrx_word' id='word_1_318' title='bbox 2143 3660 2273 3703; x_wconf 91' lang='lat' dir='ltr'><strong>non</strong></span> <span class='ocrx_word' id='word_1_319' title='bbox 2308 3637 2509 3703; x_wconf 87' lang='lat' dir='ltr'><strong>ferme</strong></span> 
     </span>
     <span class='ocr_line' id='line_1_38' title="bbox 481 3732 2505 3819; baseline -0 -22"><span class='ocrx_word' id='word_1_320' title='bbox 481 3734 706 3799; x_wconf 82' lang='lat' dir='ltr'><strong>facilius</strong></span> <span class='ocrx_word' id='word_1_321' title='bbox 741 3733 873 3799; x_wconf 90' lang='lat' dir='ltr'><strong>ulla</strong></span> <span class='ocrx_word' id='word_1_322' title='bbox 908 3734 976 3797; x_wconf 90' lang='lat' dir='ltr'><strong>in</strong></span> <span class='ocrx_word' id='word_1_323' title='bbox 1010 3743 1190 3818; x_wconf 85' lang='lat' dir='ltr'><strong>parte</strong></span> <span class='ocrx_word' id='word_1_324' title='bbox 1227 3734 1452 3799; x_wconf 86' lang='lat' dir='ltr'><strong>Italiae</strong></span> <span class='ocrx_word' id='word_1_325' title='bbox 1490 3734 1699 3819; x_wconf 85' lang='lat' dir='ltr'><strong>posita</strong></span> <span class='ocrx_word' id='word_1_326' title='bbox 1734 3734 1889 3799; x_wconf 90' lang='lat' dir='ltr'><strong>urbs</strong></span> <span class='ocrx_word' id='word_1_327' title='bbox 1927 3744 2141 3799; x_wconf 88' lang='lat' dir='ltr'><strong>tenere</strong></span> <span class='ocrx_word' id='word_1_328' title='bbox 2175 3732 2505 3819; x_wconf 83' lang='lat' dir='ltr'><strong>potuisset.</strong></span> 
     </span>
     <span class='ocr_line' id='line_1_39' title="bbox 483 3824 2505 3915; baseline 0 -24"><span class='ocrx_word' id='word_1_329' title='bbox 483 3830 485 3833; x_wconf 48' lang='lat'><em>⁴</em></span> <span class='ocrx_word' id='word_1_330' title='bbox 597 3826 786 3893; x_wconf 86' lang='lat' dir='ltr'><strong>Urbis</strong></span> <span class='ocrx_word' id='word_1_331' title='bbox 823 3839 1039 3893; x_wconf 85' lang='lat' dir='ltr'><strong>autem</strong></span> <span class='ocrx_word' id='word_1_332' title='bbox 1073 3828 1275 3913; x_wconf 89' lang='lat' dir='ltr'><strong>ipsius</strong></span> <span class='ocrx_word' id='word_1_333' title='bbox 1309 3828 1528 3893; x_wconf 88' lang='lat' dir='ltr'><strong>nativa</strong></span> <span class='ocrx_word' id='word_1_334' title='bbox 1562 3828 1880 3915; x_wconf 86' lang='lat' dir='ltr'><strong>praesidia</strong></span> <span class='ocrx_word' id='word_1_335' title='bbox 1913 3827 2057 3913; x_wconf 88' lang='lat' dir='ltr'><strong>quis</strong></span> <span class='ocrx_word' id='word_1_336' title='bbox 2081 3834 2089 3909; x_wconf 88' lang='grc' dir='ltr'>Ι</span> <span class='ocrx_word' id='word_1_337' title='bbox 2111 3837 2208 3893; x_wconf 90' lang='lat' dir='ltr'><strong>est</strong></span> <span class='ocrx_word' id='word_1_338' title='bbox 2244 3824 2338 3913; x_wconf 87' lang='lat' dir='ltr'><strong>[p.</strong></span> <span class='ocrx_word' id='word_1_339' title='bbox 2358 3826 2505 3891; x_wconf 84' lang='grc'><strong>232.</strong></span> 
     </span>
     <span class='ocr_line' id='line_1_40' title="bbox 485 3920 2509 4009; baseline 0.001 -24"><span class='ocrx_word' id='word_1_340' title='bbox 485 3934 601 3985; x_wconf 82' lang='lat' dir='ltr'><strong>tam</strong></span> <span class='ocrx_word' id='word_1_341' title='bbox 645 3923 1017 4009; x_wconf 85' lang='lat' dir='ltr'><strong>neglegens,</strong></span> <span class='ocrx_word' id='word_1_342' title='bbox 1071 3923 1184 4007; x_wconf 87' lang='lat' dir='ltr'><strong>qui</strong></span> <span class='ocrx_word' id='word_1_343' title='bbox 1234 3944 1365 3989; x_wconf 89' lang='lat' dir='ltr'><strong>non</strong></span> <span class='ocrx_word' id='word_1_344' title='bbox 1406 3923 1643 3989; x_wconf 86' lang='lat' dir='ltr'><strong>habeat</strong></span> <span class='ocrx_word' id='word_1_345' title='bbox 1687 3922 1898 3987; x_wconf 87' lang='lat' dir='ltr'><strong>animo</strong></span> <span class='ocrx_word' id='word_1_346' title='bbox 1942 3932 2161 3987; x_wconf 83' lang='lat' dir='ltr'><strong>notata</strong></span> <span class='ocrx_word' id='word_1_347' title='bbox 2204 3944 2275 3986; x_wconf 77' lang='lat' dir='ltr'><strong>ao</strong></span> <span class='ocrx_word' id='word_1_348' title='bbox 2318 3920 2509 4006; x_wconf 82' lang='lat' dir='ltr'><strong>plane</strong></span> 
     </span>
     <span class='ocr_line' id='line_1_41' title="bbox 487 4016 2511 4101; baseline 0.001 -21"><span class='ocrx_word' id='word_1_349' title='bbox 487 4016 750 4101; x_wconf 82' lang='lat' dir='ltr'><strong>cognita?</strong></span> <span class='ocrx_word' id='word_1_350' title='bbox 819 4016 1000 4082; x_wconf 91' lang='lat' dir='ltr'><strong>cuius</strong></span> <span class='ocrx_word' id='word_1_351' title='bbox 1042 4017 1098 4083; x_wconf 88' lang='lat' dir='ltr'><strong>is</strong></span> <span class='ocrx_word' id='word_1_352' title='bbox 1144 4027 1242 4083; x_wconf 87' lang='lat' dir='ltr'><strong>est</strong></span> <span class='ocrx_word' id='word_1_353' title='bbox 1285 4028 1524 4083; x_wconf 82' lang='lat' dir='ltr'><strong>tractus</strong></span> <span class='ocrx_word' id='word_1_354' title='bbox 1574 4018 1929 4101; x_wconf 89' lang='lat' dir='ltr'><strong>ductusque</strong></span> <span class='ocrx_word' id='word_1_355' title='bbox 1974 4016 2141 4083; x_wconf 86' lang='lat' dir='ltr'><strong>muri</strong></span> <span class='ocrx_word' id='word_1_356' title='bbox 2184 4037 2333 4083; x_wconf 89' lang='lat' dir='ltr'><strong>cum</strong></span> <span class='ocrx_word' id='word_1_357' title='bbox 2374 4016 2511 4083; x_wconf 84' lang='lat' dir='ltr'><strong>Ro-</strong></span> 
     </span>
    </p>
   </div>
  </div>
 </body>
</html>
