3292 4559
771 239 905 307 ,164
1401 248 1477 300 M.
1517 248 1789 304 TULLII
1825 244 2234 304 mmmmm&

774 374 980 442 titudo
1032 373 1320 459 dispersa
1362 383 1555 455 atque
1600 392 1772 455 vaga
1814 369 2153 435 concordia
2196 367 2418 433 civitas
2465 367 2646 435 facta
2689 382 2829 436 erat.

774 468 1363 554 (Augustiniepist.
1406 463 1754 550 138,10.)]

906 561 1127 649 [Urbis
1158 563 1501 626 condendae
1530 562 1826 645 originem
1855 571 2035 644 atque
2063 581 2309 622 causam
2327 581 2453 622 non
2471 582 2666 621 unam
2683 561 2841 622 intu-

719 669 726 673 ’
778 660 992 732 lerunt,
1028 659 1137 721 sed
1167 657 1281 720 alii
1314 677 1411 721 eos
1449 655 1739 729 homines,
1777 655 1886 739 qui
1918 655 2066 716 sint
2079 674 2171 716 em
2182 665 2345 718 terra
2357 655 2660 739 primitus
2688 657 2836 723 nati

776 777 911 816 cwm
934 773 1053 838 per
1087 752 1275 815 silvas
1311 762 1368 814 et
1402 771 1658 860 campos
1685 749 2009 813 erraneam
2038 749 2314 828 degerent
2340 750 2534 812 vitam
2573 770 2682 812 nec
2714 749 2844 812 ullo

774 849 934 912 inter
966 867 1029 910 se
1062 847 1355 910 sermonis
1391 856 1499 908 aut
1531 845 1686 908 iuris
1719 843 1959 906 vinculo
1995 841 2400 918 cohaererent,
2447 844 2558 906 sed
2574 841 2844 928 frondes
2949 862 2951 866 ’

774 953 831 1006 et
848 940 1097 1005 herbam
1102 938 1562 1024 monubilibus,
1591 937 1911 1022 speluncas
1931 947 1988 1000 et
2006 947 2190 999 antra
2196 957 2322 1021 pro
2349 935 2629 999 domibus
2657 935 2846 1000 habe-

775 1047 927 1110 rent,
968 1035 1171 1100 bestiis
1195 1045 1255 1098 et
1264 1032 1637 1119 fortioribus
1667 1030 2036 1095 animalibus
2051 1032 2326 1114 praedae
2347 1029 2550 1115 fuisse
2585 1052 2842 1094 comme-

773 1141 1035 1194 morant.
1090 1140 1218 1192 tum
1252 1149 1369 1202 eos,
1407 1129 1516 1212 qui
1550 1138 1660 1190 aut
1697 1126 1918 1189 laniati
1941 1125 2279 1210 effuyerant
2303 1135 2410 1188 aut
2439 1124 2670 1188 laniari
2683 1145 2837 1209 pro-

774 1227 969 1288 oeimos
1012 1224 1316 1295 viderant,
1363 1223 1710 1285 admonitos
1742 1220 2008 1305 periculi
2049 1221 2173 1292 sui,
2230 1221 2318 1282 ad
2366 1219 2523 1282 alios
2567 1217 2835 1282 homines

776 1317 1131 1390 decurrisse,
1170 1316 1557 1400 praesidium
1599 1314 1964 1399 implorasse
2006 1323 2064 1376 et
2095 1314 2307 1397 primo
2343 1312 2591 1376 nutibus
2621 1313 2837 1376 vol-un-

776 1421 959 1474 tatem
1001 1432 1179 1472 suam
1224 1409 1597 1494 siqnificasse
1608 1432 1631 1482 ‚⁰
1683 1409 1898 1472 deinde
1920 1408 2243 1486 ..sermonis
2293 1407 2478 1470 inicia
2520 1417 2843 1491 temptasse

776 1527 847 1567 ac
880 1503 1142 1588 sinqulis
1179 1502 1515 1588 quibusque
1557 1501 1736 1566 rebus
1782 1502 2057 1565 nomina
2075 1500 2481 1586 imprimendo
2523 1499 2839 1584 paulatim

779 1598 1063 1683 loquendi
1085 1595 1768 1682 perfecisserationem.
1842 1617 1980 1658 cum
2015 1605 2217 1658 autem
2250 1615 2358 1657 nec
2390 1593 2842 1657 multitudinem

774 1696 976 1779 ipsam
1010 1695 1278 1757 viderent
1312 1702 1525 1756 contra
1560 1690 1784 1754 bestias
1818 1709 1941 1754 esse
1976 1700 2190 1763 tutam,
2227 1689 2459 1774 oppida
2493 1689 2675 1751 etiam
2710 1710 2845 1753 coe-

765 1790 937 1872 pisse
978 1788 1241 1862 munire,
1286 1785 1382 1849 vel
1421 1795 1489 1848 ut
1534 1785 1792 1869 quietem
1835 1785 2028 1847 noctis
2066 1793 2258 1846 tutam
2291 1781 2413 1846 sibi
2431 1780 2716 1866 facerent
2749 1783 2846 1846 vel

775 1893 845 1945 ut
877 1883 1248 1945 incursiones
1284 1890 1465 1964 atque
1496 1880 1757 1963 impetus
1794 1877 2125 1941 bestiarum
2159 1898 2284 1940 non
2308 1878 2686 1962 puqnando‚
2735 1879 2848 1940 sed

766 1976 1019 2040 obiectis
1072 1973 1395 2060 ayyeribus
1450 1982 1740 2037 arcerent.
1789 2003 1875 2016 -—
1925 2004 2031 2017 -·
2065 1969 2211 2034 haec
2261 1970 2403 2033 aliis
2457 1971 2654 2034 delira
2707 1973 2844 2033 visa

774 2082 935 2145 sunt,
971 2081 1041 2133 ut
1060 2069 1340 2155 fuerunt.
1379 2069 1778 2152 dixeruntque
1810 2086 1936 2128 non
1958 2064 2246 2150 ferarum
2290 2065 2557 2128 laniams
2592 2086 2842 2129 causam

763 2163 964 2249 fuisse
998 2164 1276 2236 coeundi,
1312 2163 1421 2225 sed
1448 2163 1652 2245 ipsam
1677 2161 1890 2244 potius
1926 2158 2392 2234 humanitatem,
2435 2160 2645 2244 itaque
2678 2161 2843 2222 inter

775 2280 839 2322 se
882 2267 1301 2343 conqreyatos‚
1356 2256 1525 2339 quod
1571 2264 1800 2318 natura
1843 2251 2158 2316 hominum
2201 2253 2550 2316 solitudinis
2583 2252 2840 2338 fuqiens

775 2363 833 2414 et
883 2351 1319 2414 communionis
1372 2370 1445 2410 ac
1495 2349 1796 2416 societatis
1840 2349 2130 2432 adpetens
2175 2357 2339 2411 esset.
2427 2343 2840 2426 (Lactantius

774 2442 981 2506 Instit.
1019 2443 1139 2505 div.
1177 2441 1300 2517 VI,
1339 2439 1443 2504 10.
1446 2436 1509 2524 )]

670 2525 741 2582 26
774 2557 839 2620 p.
876 2531 1057 2618 211.]
1120 2534 1156 2568 ¹*
1192 2534 1228 2570 ⁴*
1264 2532 1301 2568 ⁴¹*
1354 2532 1684 2642 quaeidam
1739 2533 1923 2616 quasi
1977 2533 2250 2610 semina,
2299 2553 2511 2616 neque
2563 2533 2844 2617 reliqua·

772 2651 919 2693 rum
953 2628 1262 2692 virtutum
1295 2649 1416 2692 nec
1450 2627 1652 2713 ipsius
1680 2627 1774 2692 rei
1799 2627 2096 2712 publicae
2124 2626 2477 2736 reperiatur
2501 2627 2636 2692 ulla
2660 2628 2843 2693 insti-

775 2723 956 2789 tutio.
1042 2722 1110 2786 hi
1164 2733 1381 2789 coetus
1433 2720 1633 2809 igitur
1681 2723 1838 2798 hae,
1889 2723 1970 2786 de
2015 2743 2145 2806 qua
2180 2721 2476 2806 exposui,
2513 2744 2713 2788 causa.
2746 2724 2847 2787 in-

774 2817 979 2884 stituti
1050 2817 1270 2883 sedem
1332 2817 1611 2903 primum
1673 2827 1846 2882 certo
1911 2816 2053 2881 loco
2119 2815 2584 2881 domiciliorum
2647 2839 2846 2883 causa

774 2911 1256 2988 constituerunt,
1293 2933 1489 2996 quam
1524 2933 1674 2976 oum
1706 2909 1864 2975 locis
1897 2931 2222 2994 manuque
2257 2909 2667 2995 saepsissent,
2703 2915 2843 2978 eius

773 3005 947 3070 modi
984 3006 1495 3072 coniunctionem
1530 3015 1847 3070 tectorum
1881 3005 2191 3092 oppidum
2226 3005 2329 3070 vel
2363 3005 2593 3070 urbem
2620 3010 2844 3094 appel-

773 3099 1095 3176 laverunt,
1167 3100 1450 3164 delubris
1524 3098 1891 3164 disffinotam
1963 3099 2309 3184 spatiisque
2369 3101 2844 3166 communibus.

774 3193 982 3257 omnis
1032 3215 1187 3278 ergo
1239 3194 1544 3279 populna,
1608 3193 1722 3277 qui
1775 3204 1873 3259 est
1922 3193 2065 3258 talis
2119 3203 2338 3259 coetus
2389 3194 2844 3273 multitudinis,

772 3309 837 3374 p.
874 3283 1057 3371 212]
1111 3288 1368 3370 qualem
1406 3286 1417 3373 Ι
1456 3288 1753 3373 exposui,
1799 3287 2004 3352 omnis
2049 3287 2301 3366 civitas,
2348 3309 2518 3370 quae
2555 3301 2655 3354 est
2690 3311 2850 3356 oon·

776 3380 1019 3446 stitutio
1055 3381 1309 3467 populi,
1346 3381 1553 3446 omnis
1589 3404 1690 3448 res
1727 3381 2014 3467 publica,
2051 3403 2244 3465 quae,
2289 3393 2364 3446 ut
2408 3381 2572 3461 dixi,
2620 3384 2844 3470 populi

772 3499 877 3542 res
915 3486 1031 3554 est,
1070 3475 1332 3540 oonsilio
1369 3476 1650 3560 quodam
1685 3476 1970 3562 regenda
2004 3487 2122 3552 est,
2156 3487 2231 3541 ut
2267 3476 2574 3543 diuturna.
2605 3479 2707 3542 sit.
2771 3478 2849 3541 id

775 3582 989 3635 autem
1035 3569 1370 3635 consilium
1416 3571 1697 3655 primum
1742 3593 1995 3656 semper
2040 3570 2125 3636 ad
2169 3593 2312 3636 eam
2367 3592 2632 3637 causam
2673 3572 2854 3651 refe-

687 3689 739 3730 42
772 3663 1044 3729 rendum
1098 3674 1222 3740 est,
1277 3685 1443 3747 quae
1495 3686 1692 3730 causa
1743 3665 1969 3751 genuit
2020 3663 2372 3743 civitatem3
2444 3665 2679 3732 deinde
2732 3677 2851 3731 aut

772 3758 884 3822 uni
920 3756 1331 3822 tribuendum
1366 3769 1463 3822 est
1498 3769 1608 3823 aut
1645 3758 1907 3826 delectis
1933 3759 2321 3842 quibusdam
2347 3770 2461 3825 aut
2486 3761 2850 3846 suscipien-

774 3852 929 3915 dum
972 3863 1069 3917 est
1111 3851 1502 3916 multitudini
1548 3862 1745 3936 atque
1787 3852 1956 3916 omni
1967 3852 2103 3918 bus.
2192 3874 2340 3918 oum
2394 3876 2593 3939 penes
2639 3878 2847 3921 unum

771 3968 837 4030 p.
874 3943 1009 4030 95.]
1067 3956 1165 4010 est
1207 3946 1491 4011 omnium
1534 3969 1790 4010 summa
1821 3969 2066 4022 rerum,
2112 3969 2333 4032 regem
2366 3947 2550 4012 illum
2587 3946 2600 4034 Ι
2638 3972 2846 4014 unum

772 4057 1079 4103 vocamus
1114 4050 1180 4104 et
1211 4063 1483 4125 regnum
1520 4039 1658 4106 eius
1692 4040 1787 4107 rei
1812 4040 2109 4127 publicae
2137 4051 2402 4117 statum3
2441 4063 2592 4106 oum
2621 4054 2845 4108 autem
