3292 4559
1119 250 1227 309 DE
1260 255 1599 313 LEGIBUS
1634 257 1683 310 Ι.
1720 256 1961 311 14-19.
2435 248 2564 314 255

479 384 777 448 humana
833 377 1183 456 contineat,
1239 380 1420 445 cuius
1472 380 1756 446 muneris
1811 380 2062 446 colendi
2113 380 2562 469 efficiendique

478 498 683 542 causa
728 472 873 539 nati
918 483 983 538 et
1027 472 1094 537 in
1141 473 1353 539 lucem
1388 475 1542 539 editi
1578 474 1808 552 simus,
1855 496 2022 559 quae
2068 475 2151 542 sit
2195 480 2559 547 coniunctio

476 569 859 645 hominum,
903 588 1072 651 quae
1115 568 1422 633 naturalis
1472 569 1742 634 societas
1784 570 1952 635 inter
1992 570 2166 656 ipsos
2178 596 2196 649 ;
2241 573 2342 638 his
2388 574 2560 641 enim

478 663 831 751 explicatis
867 660 1013 727 fons
1047 661 1267 748 legum
1304 671 1369 727 et
1399 662 1557 727 iuris
1591 662 1864 729 inveniri
1909 675 2139 749 potest.
2219 669 2352 733 Act.
2405 667 2558 735 Non
2603 690 2651 730 ιτ

478 780 639 846 ergo
680 782 723 823 a
761 755 1077 845 praetoris
1115 755 1354 833 edict0,
1404 768 1477 822 ut
1509 756 1800 844 plerique
1833 779 2033 836 nunc,
2079 781 2288 843 neque
2326 784 2365 826 a
2400 763 2561 828 duo-

477 854 695 920 decim
734 850 975 918 tabulis
990 898 1008 928 ,
1054 862 1128 916 ut
1162 849 1522 937 superiores
1536 899 1555 929 ,
1600 851 1716 917 sed
1749 853 2007 938 penitus
2043 876 2124 919 ex
2156 854 2382 921 intima
2415 856 2562 941 phi-

475 948 786 1035 losophia
832 944 1253 1011 hauriendam
1295 946 1451 1011 iuris
1496 946 1902 1033 disciplinam
1934 958 2144 1033 putas.
2232 950 2326 1014 M.
2406 949 2558 1017 Non

476 1043 655 1111 enim
708 1042 784 1106 id
841 1039 1207 1125 quaerimus
1260 1040 1384 1106 hoc
1434 1063 1757 1119 sermone,
1807 1042 2162 1127 Pomponi,
2227 1064 2421 1128 quem
2473 1046 2557 1110 ad

474 1137 755 1203 modum
795 1156 1140 1200 caveamus
1184 1134 1252 1199 in
1294 1134 1435 1200 iure
1478 1146 1591 1199 aut
1634 1132 1793 1219 quid
1827 1136 1908 1203 de
1943 1157 2200 1221 quaque
2236 1139 2560 1203 consulta-

474 1232 653 1297 tione
689 1228 1223 1316 respondeamus.
1313 1229 1397 1294 sit
1430 1228 1555 1294 ista
1588 1250 1692 1295 res
1728 1253 1986 1317 magna,
2025 1232 2191 1297 sicut
2225 1243 2351 1311 est,
2390 1255 2556 1318 quae

476 1324 820 1413 quondam
856 1346 895 1388 a
930 1323 1147 1390 multis
1193 1324 1381 1388 claris
1430 1324 1613 1403 viris,
1661 1346 1833 1390 nunc
1869 1326 1953 1390 ab
1988 1348 2118 1392 uno
2155 1350 2408 1393 summa
2443 1352 2562 1394 au-

476 1420 782 1486 ctoritate
822 1430 889 1484 et
922 1418 1189 1483 scientia
1222 1418 1588 1495 sustinetur,
1626 1420 1742 1487 sed
1766 1420 1953 1486 nobis
1980 1421 2070 1487 ita
2098 1423 2568 1509 conplectenda·

474 1516 544 1580 in
600 1513 729 1602 hac
780 1512 1214 1599 disputatione
1259 1523 1394 1578 tota
1440 1536 1637 1579 causa
1681 1525 1779 1580 est
1822 1515 2103 1581 universi
2146 1517 2302 1582 iuris
2347 1540 2424 1583 ac
2466 1517 2562 1583 le-

475 1630 669 1696 gum,
708 1619 788 1673 ut
824 1607 948 1672 hoc
986 1606 1172 1672 civile
1210 1608 1385 1691 quod
1420 1607 1692 1674 dicimus
1727 1609 1795 1675 in
1828 1632 2101 1695 parvum
2134 1612 2460 1696 quendam
2495 1622 2560 1677 et

476 1714 843 1790 angustum
895 1702 1110 1767 locum
1163 1703 1610 1768 concludatur:
1665 1715 1896 1769 natura
1941 1704 2110 1770 enim
2153 1706 2310 1771 iuris
2356 1706 2568 1792 expli-

477 1799 691 1863 canda
726 1795 920 1863 nobis
958 1807 1056 1861 est
1091 1818 1295 1881 eaque
1332 1797 1416 1862 ab
1443 1798 1720 1863 hominis
1747 1798 2093 1886 repetenda
2118 1811 2369 1878 natura,
2406 1822 2560 1868 con-

479 1893 871 1959 siderandae
931 1892 1139 1978 leges,
1202 1891 1437 1976 quibus
1498 1893 1789 1960 civitates
1849 1895 1989 1980 regi
2043 1894 2346 1973 debeant3
2419 1888 2568 1960 tum'

477 1988 643 2054 haec
691 1985 1030 2054 tractanda
1072 2006 1245 2071 ‘quae
1292 1988 1622 2073 conposita
1667 1998 1818 2053 sunt
1862 1998 1926 2053 et
1961 1989 2278 2075 descripta
2311 1990 2452 2055 iura
2491 2002 2556 2055 et

475 2082 658 2148 iussa
694 2082 1105 2170 populorum,
1140 2082 1208 2146 in
1241 2082 1477 2166 quibus
1511 2105 1593 2148 ne
1628 2083 1828 2147 nostri
1865 2083 2122 2166 quidem
2151 2084 2374 2170 populi
2398 2084 2556 2149 late-

478 2176 648 2241 bunt
702 2198 873 2261 quae
927 2186 1242 2242 vocantur
1283 2176 1425 2241 iura
1469 2176 1700 2242 civilia.
1797 2176 1869 2257 Q.
1931 2178 2086 2243 Alte
2139 2200 2290 2243 vero
2335 2189 2428 2257 et,
2457 2190 2556 2244 ·ut
2606 2172 2644 2226 6

478 2282 759 2357 oportet,
800 2293 839 2335 a
874 2270 1104 2356 capite,
1143 2271 1363 2349 frater,
1407 2272 1643 2357 repetis
1680 2272 1861 2355 quod
1891 2271 2288 2355 quaerimus3
2344 2285 2408 2340 et
2443 2275 2557 2358 qui

478 2364 669 2431 aliter
704 2366 807 2430 ius
847 2365 1031 2431 civile
1067 2366 1349 2443 tradunt,
1384 2388 1516 2431 non
1550 2376 1684 2430 tam
1717 2366 1997 2432 iustitiae
2034 2388 2230 2451 quam
2264 2366 2557 2454 litigandi

478 2460 753 2525 tradunt
786 2460 945 2525 vias.
1032 2462 1126 2524 M.
1172 2459 1323 2525 Non
1357 2460 1449 2525 ita
1483 2471 1599 2539 est,
1638 2458 1904 2541 Quinte,
1941 2484 2018 2526 ac
2053 2461 2265 2546 potius
2300 2462 2557 2549 ignora-

478 2553 571 2619 tio
615 2554 777 2619 iuris
823 2554 1103 2639 litigiosa
1147 2565 1245 2620 est
1290 2577 1484 2638 quam
1530 2554 1815 2621 scientia.
1905 2555 2020 2621 sed
2054 2556 2176 2622 hoc
2210 2558 2555 2643 posterius=

481 2670 657 2714 nunc
693 2648 851 2712 iuris
886 2648 1201 2734 principia
1235 2649 1589 2713 videamus.

614 2742 831 2826 Igitur
867 2740 1249 2805 doctissimis
1286 2742 1440 2805 viris
1477 2742 1796 2827 proficisci
1831 2743 2074 2827 placuit
2107 2766 2148 2807 a
2180 2744 2345 2826 lege,
2381 2742 2557 2806 haud

481 2836 619 2899 scio
678 2856 765 2897 an
798 2844 999 2909 recte,
1046 2833 1100 2899 si
1144 2836 1367 2910 modo,
1419 2845 1493 2898 ut
1524 2835 1698 2899 idem
1737 2835 2075 2911 definiunt,
2121 2835 2227 2899 lex
2262 2845 2359 2901 est
2392 2836 2559 2900 ratio

482 2950 764 3003 summa,
801 2926 990 2992 insita
1024 2938 1273 3005 natura,
1310 2949 1477 3011 quae
1514 2928 1695 2993 iubet
1729 2952 1826 3007 ea,
1863 2950 2030 3012 quae
2063 2928 2360 2994 facienda
2389 2941 2556 3007 sunt,

481 3021 913 3109 prohibetque
962 3022 1310 3088 contraria:
1367 3022 1597 3113 eadem
1640 3024 1802 3087 ratio
1851 3045 2000 3088 cum
2043 3033 2140 3089 est
2178 3022 2247 3088 in
2280 3023 2556 3089 hominis
2591 3036 2612 3053 ⁶·

482 3127 703 3181 mente
740 3116 1113 3183 confirmata
1151 3128 1215 3183 et
1248 3116 1555 3203 perfecta,
1591 3117 1698 3181 lex
1734 3128 1850 3182 est.
1915 3117 2132 3202 itaque
2167 3118 2556 3184 arbitrantur
2600 3140 2656 3182 is

311 3238 314 3307 2
483 3211 898 3297 prudentiam
941 3234 1082 3278 esse
1116 3213 1358 3299 legem,
1406 3213 1589 3277 cuius
1626 3236 1705 3278 ea
1738 3213 1838 3277 vis
1874 3213 1983 3291 sit,
2030 3225 2104 3278 ut
2137 3225 2308 3281 recte
2344 3215 2556 3281 facere

483 3306 728 3383 iubeat,
765 3317 935 3371 vetet
972 3307 1371 3391 delinquere3
1428 3329 1704 3391 eamque
1740 3330 1875 3373 rem
1911 3308 2004 3372 ini
2042 3307 2295 3375 Graeco
2329 3270 2596 3395 putanti

484 3399 709 3463 nomin
784 3423 823 3463 a
859 3422 1049 3465 suum
1084 3402 1316 3486 cuique
1352 3402 1695 3467 tribuendo
1735 3402 2142 3488 appellatam,
2181 3424 2302 3486 ego
2337 3376 2605 3512 nostro}

486 3516 527 3558 a
571 3495 765 3579 legen
812 3516 879 3558 o:
950 3517 1101 3559 nam
1149 3507 1223 3560 ut
1264 3496 1359 3561 illi
1403 3496 1774 3580 aequitatis,
1822 3497 1914 3561 sic
1947 3518 2064 3561 nos
2103 3496 2388 3561 delectus
2425 3496 2558 3560 vim

311 3608 314 3693 ξ
484 3587 555 3653 in
589 3586 736 3673 lege
770 3589 1100 3675 ponimus,
1145 3601 1211 3656 et
1244 3591 1577 3677 proprium
1612 3601 1828 3656 tamen
1863 3601 2206 3675 utrumque
2241 3589 2403 3677 legis
2441 3601 2562 3657 est.

311 3696 314 3765 ι
487 3682 665 3765 quod
710 3683 765 3748 si
808 3683 901 3748 ita
934 3695 1105 3750 recte
1142 3684 1404 3762 dicitur,
1449 3695 1523 3750 ut
1558 3685 1716 3749 mihi
1751 3683 2012 3769 quidem
2047 3684 2424 3770 plerumque
2459 3684 2558 3749 vi·
2642 3728 2648 3735 -

311 3766 320 3897 ζ
490 3774 626 3840 deri
676 3777 864 3855 solet,
888 3782 891 3785 ’
912 3802 951 3844 a
992 3779 1137 3865 lege
1184 3779 1549 3859 ducendum
1596 3791 1694 3845 est
1737 3779 1893 3845 iuris
1931 3779 2293 3857 exordium3
2349 3800 2426 3844 ea
2460 3789 2557 3844 est

312 2296 314 2304 „
311 2238 318 2285 ητ-
310 2176 318 2226 ,κ-
310 2098 312 2124 -..

490 3868 663 3933 enim
712 3883 980 3938 naturae
1034 3873 1131 3938 vis
1146 3921 1164 3951 ,
1221 3895 1299 3939 ea
1351 3896 1533 3939 mens
1576 3874 1868 3958 ratioque
1913 3874 2226 3959 prudens,
2280 3894 2358 3939 ea
2399 3873 2556 3939 iuris

492 3972 683 4045 atque
726 3965 994 4033 iniuriae
1040 3968 1283 4054 regula.
1376 3969 1491 4033 sed
1540 3970 1848 4052 quoniam
1880 3969 1949 4032 in
1982 3968 2277 4054 populari
2309 3967 2554 4033 ratione

490 4058 697 4122 omnis
731 4071 949 4127 nostra
983 4073 1273 4128 versatur
1308 4063 1539 4141 oratiO,
1582 4064 1979 4149 populariter
2021 4062 2341 4130 interdum
2374 4062 2553 4146 loqui
