3292 4559
964 286 1072 341 DE
1105 284 1435 342 DEORUM
1469 284 1797 343 NATURA
1829 285 1905 341 H.
1943 287 2113 343 1—5.
2484 274 2566 339 41

513 423 612 481 est
647 410 924 477 siccitas:
961 420 1034 475 tu
1069 419 1314 486 autem,
1353 405 1566 485 Cotta,
1601 420 1873 492 utraque
1909 431 1979 473 re
2012 408 2298 475 valuisti:
2336 430 2571 475 corona

511 505 630 570 tibi
667 514 731 577 et
763 504 1004 570 iudices
1042 502 1402 568 defuerunt.
1491 502 1605 567 sed
1641 502 1725 567 ad
1769 502 1895 568 ista
1930 502 2118 581 alias,
2164 524 2337 568 nunc
2372 503 2589 584 Luci-7

512 600 701 675 lium,
757 598 812 663 si
855 596 980 683 ipsi
1025 596 1435 662 commodum
1471 606 1600 674 est,
1628 596 2029 664 audiamus?
2118 608 2259 662 tum
2291 597 2567 663 Balbus:
2610 617 2639 657 s

509 692 822 758 ‘eundem
857 691 1154 775 equidem
1187 692 1449 756 mallem.
1483 690 1705 755 audire
1742 688 2024 767 Cottam,
2064 691 2239 770 dum,
2276 713 2407 776 qua
2440 692 2571 759 elo-„-

507 785 774 869 quentia
789 786 987 850 falsos
1015 784 1168 851 deos
1197 779 1471 862 sustulit,
1502 784 1729 851 eadem
1749 808 1931 850 veros
1950 785 2212 851 inducat
2221 810 2240 862 ;
2278 796 2371 851 est
2400 786 2571 851 enim

511 890 578 945 et
621 878 985 965 philosophi
1027 895 1094 943 et
1135 878 1454 963 pontificis
1491 890 1554 943 et
1591 876 1825 944 Cottae
1870 879 1948 943 de
1986 880 2082 943 dis
2128 879 2571 945 inmortalibus

513 972 752 1037 habere
795 994 925 1035 non
971 982 1288 1038 errantem
1323 982 1388 1038 et
1422 994 1689 1059 vagam,
1736 983 1807 1037 ut
1841 972 2250 1050 Academici,
2304 974 2448 1052 sed,
2499 984 2574 1038 ut

513 1066 744 1143 nostri,
779 1065 1076 1131 stabilem
1111 1076 1479 1150 certamque
1517 1066 1926 1144 sententiam3
1971 1089 2123 1131 nam
2158 1078 2380 1132 contra
2412 1064 2574 1153 Epi-

513 1182 742 1225 curum
787 1159 941 1225 satis
987 1183 1307 1245 superque
1352 1160 1596 1227 dictum
1632 1173 1748 1227 est.
1838 1160 1954 1227 sed
1996 1183 2158 1227 aveo
2194 1161 2448 1240 audire,
2502 1172 2575 1225 tu

511 1255 684 1341 ipse,
724 1251 948 1333 Cotta,
993 1255 1150 1339 quid
1185 1254 1464 1321 sentias.'
1554 1256 1699 1321 ‘an’
1734 1256 1945 1341 inquit
1980 1255 2245 1321 ‘oblitus
2281 1278 2383 1332 es,
2419 1254 2577 1340 quid

513 1348 692 1413 initio
729 1348 1026 1427 dixerim,
1087 1348 1340 1415 facilius
1373 1372 1508 1425 me,
1561 1350 1795 1415 talibus
1840 1349 2213 1435 praesertim
2248 1349 2328 1416 de
2362 1349 2575 1426 rebus,

513 1442 672 1527 quid
721 1465 852 1507 non
903 1442 1208 1509 sentirem
1271 1465 1469 1528 quam
1521 1444 1676 1528 quid
1738 1444 2037 1511 sentirem
2086 1466 2276 1530 posse
2329 1444 2577 1510 dicere?

513 1537 690 1622 quod
725 1538 781 1603 si
815 1538 1118 1604 haberem
1153 1538 1424 1624 aliquid,
1478 1538 1652 1623 quod
1686 1538 1987 1623 liqueret,
2040 1549 2257 1604 tamen
2292 1550 2354 1605 te
2388 1538 2578 1603 vicis-
2619 1554 2644 1595 3

513 1631 638 1695 sim
673 1632 895 1698 audire
929 1632 1193 1710 vellem,
1239 1655 1387 1698 cum
1419 1633 1558 1717 ipse
1595 1643 1730 1697 tam
1764 1632 1971 1698 multa
2006 1632 2349 1699 dixissem-⁹
2436 1642 2576 1697 tum

512 1724 790 1792 Balbus:
845 1734 1100 1813 ‘geram
1142 1726 1260 1791 tibi
1303 1749 1548 1792 morem
1594 1738 1661 1793 et
1707 1750 1923 1813 agam„
1944 1750 2136 1812 quam
2180 1725 2576 1793 brevissume

513 1829 769 1904 poter03
815 1820 1050 1885 etenim
1087 1820 1394 1885 convictis
1431 1818 1700 1904 Epicuri
1734 1820 2054 1885 erroribus
2086 1822 2283 1905 longa
2319 1822 2399 1887 de
2432 1844 2579 1887 mea
2614 1833 2625 1844 '

517 1912 952 1996 disputatione
990 1912 1276 1977 detracta
1310 1912 1513 1976 oratio
1551 1924 1668 1977 est.
1758 1913 2016 1977 omnino
2054 1912 2347 1977 dividunt
2379 1913 2578 1978 nostri

515 2015 716 2069 totam
765 2003 954 2069 istam
999 2004 1082 2070 de
1128 2004 1226 2069 dis
1269 2004 1713 2070 inmortalibus
1766 2004 2207 2089 quaestionem
2260 2005 2327 2068 in
2378 2006 2583 2091 partis

515 2108 847 2183 quattuor:
894 2098 1173 2185 primum
1216 2098 1450 2163 docent
1485 2121 1623 2163 esse
1672 2100 1856 2176 deoS,
1904 2098 2131 2165 deinde
2166 2100 2390 2183 quales
2426 2099 2575 2177 sint,

515 2205 657 2257 tum
689 2190 1000 2257 mundum
1029 2192 1113 2257 ab
1146 2191 1224 2257 iis
1253 2191 1707 2269 administrari,
1742 2205 2067 2279 postremo
2104 2192 2433 2259 consulere
2468 2215 2577 2257 eos

516 2288 710 2353 rebus
743 2284 1086 2351 humanis,
1129 2306 1247 2349 nos
1274 2296 1489 2350 autem
1523 2284 1646 2351 hoc
1683 2309 1975 2353 sermone
2005 2309 2169 2372 quae
2202 2286 2417 2373 priora
2451 2286 2579 2353 duo

514 2391 670 2449 sunt
711 2402 1068 2457 sumamus3
1121 2380 1378 2445 tertium
1423 2389 1488 2445 et
1535 2391 1865 2463 quartum,
1918 2381 2071 2465 quia
2122 2381 2367 2445 maiora
2410 2392 2579 2457 sunt,

515 2486 674 2561 puto
718 2495 859 2540 esse
899 2474 969 2537 in
1014 2472 1189 2538 aliud
1237 2483 1492 2559 tempus
1538 2474 1913 2541 differenda.
1917 2475 1933 2503 '
2032 2474 2323 2541 ‘minime
2368 2496 2521 2541 vero
2530 2475 2579 2553 3’

517 2568 726 2652 inquit
742 2564 991 2633 Cotta‘
993 2589 1152 2633 nam
1186 2577 1254 2633 et
1289 2566 1476 2631 otiosi
1509 2589 1734 2632 sumus
1766 2579 1830 2633 et
1865 2568 1943 2633 iis
1970 2568 2051 2635 de
2077 2568 2270 2633 rebus
2308 2570 2580 2654 agimus,

519 2683 687 2747 quae
722 2671 872 2726 sunt
907 2660 1100 2727 etiam
1133 2659 1407 2747 negotiis
1444 2662 1969 2747 anteponendae?

650 2755 821 2821 Tum
849 2755 1142 2822 Lucilius
1178 2762 1288 2822 ‘ne
1323 2777 1515 2841 egere
1541 2755 1816 2865 ‘quidem
1851 2754 2129 2821 videtur’
2167 2754 2375 2839 inquit
2410 2762 2579 2819 ‘ora-
2613 2744 2649 2855 Ξ

521 2850 694 2917 tione
736 2850 944 2937 prima
986 2872 1155 2959 pars.
1253 2849 1411 2932 quid
1456 2850 1627 2914 enim
1671 2860 1884 2935 potest
1927 2873 2067 2916 esse
2111 2861 2245 2915 tam
2285 2858 2581 2934 apertum

521 2957 782 3028 tamque
808 2944 1236 3029 perspicuum,
1273 2964 1420 3007 cum
1447 2944 1698 3007 caelum
1729 2946 2131 3029 suspeximus
2161 2943 2582 3027 caelestiaque

522 3037 934 3122 contemplati
967 3058 1217 3115 sumus,
1263 3056 1458 3119 quam
1496 3059 1636 3101 esse
1680 3038 1941 3122 aliquod
1981 3051 2221 3105 numen
2254 3048 2583 3123 praestan-

523 3130 806 3197 tissimae
847 3130 1108 3207 mentis,
1159 3149 1290 3213 quo
1333 3129 1493 3195 haec
1536 3132 1880 3216 regantur?
1933 3132 2107 3215 quod
2150 3131 2217 3196 ni
2260 3129 2355 3197 ita
2396 3141 2582 3207 esset,

523 3226 640 3310 qui
671 3223 984 3311 potuisset
1017 3224 1295 3289 adsensu
1331 3223 1618 3288 omnium
1655 3224 1863 3291 dicere
1899 3224 2149 3290 Ennius

647 3344 860 3431 aspice
905 3344 1028 3409 hoc
1073 3342 1392 3409 sublimen
1437 3343 1747 3421 candens,
1776 3365 1987 3428 -quem
2030 3345 2331 3411 invocant
2366 3365 2583 3410 omnes

1296 3436 1554 3514 Iovem,

528 3550 708 3616 illum
763 3571 914 3615 vero
969 3560 1034 3615 et
1084 3548 1310 3615 Iovem
1365 3560 1428 3615 et
1482 3548 1946 3615 dominatorem
1995 3571 2209 3615 rerum
2259 3558 2322 3613 et
2372 3548 2586 3613 omnia

529 3654 690 3709 nutu
725 3654 1055 3730 regentem
1091 3654 1182 3722 et,
1216 3653 1290 3709 ut
1321 3644 1496 3709 idem
1530 3643 1782 3708 Ennius
1794 3691 1813 3721 ,

1003 3774 1248 3849 patrem
1287 3763 1634 3847 divumque
1670 3762 2125 3848 hominumque

533 3896 600 3948 et
631 3893 1031 3968 praesentem
1067 3906 1144 3949 ac
1176 3894 1660 3969 praepotentem
1695 3882 1928 3947 deum?
1964 3881 2138 3966 quod
2172 3879 2285 3964 qui
2321 3878 2585 3957 dubitet,

537 3978 712 4042 haud
747 4000 899 4043 sane
933 3977 1266 4065 intellego,
1312 4000 1426 4043 cur
1459 3999 1590 4042 non
1623 3977 1825 4054 idem,
1872 3976 1969 4041 sol
2004 3974 2088 4040 sit
2120 3998 2205 4040 an
2238 3976 2448 4041 nullus
2485 3975 2587 4053 sit,

540 4072 833 4141 dubitare
867 4075 1088 4161 possit.
1175 4072 1290 4158 qui
1324 4072 1496 4140 enim
1531 4080 1630 4138 est
1663 4071 1787 4139 hoc
1820 4070 1931 4137 illo
1966 4068 2359 4138 evidentius?
2414 4069 2593 4155 quod
2628 4083 2660 4128 ὁ
