3292 4559
624 1578 674 1617 87

616 2048 685 2101 42

624 2520 675 2560 88

622 3178 675 3219 89

718 288 846 353 196
1330 298 1408 352 Μ.
1446 297 1724 357 TULLII
1757 294 2161 356 CICERONIS

718 448 797 491 ex
852 424 995 490 olea
1050 423 1311 489 fluxisse
1368 422 1621 501 dicunt,
1683 420 2182 509 haruspicesque
2237 418 2474 487 dixisse
2527 436 2787 495 summa

717 519 1048 587 nobilitate
1082 518 1225 583 illas
1253 516 1441 583 sortis
1476 516 1750 593 futuras,
1786 537 2136 601 eorumque
2169 514 2350 579 iussu
2375 537 2457 581 ex
2490 514 2606 581 illa
2641 515 2787 581 olea

716 636 931 687 arcam
983 635 1123 679 esse
1176 612 1447 689 factam,
1501 632 1706 695 eoque
1758 611 2044 676 conditas
2098 610 2314 685 sortis,
2366 630 2534 695 quae
2587 609 2784 676 hodic

714 709 1041 776 Fortunae
1075 708 1325 775 monitu
1357 706 1702 773 tolluntur..
1755 706 1912 789 quid
1944 704 2143 793 igitur
2176 704 2244 769 in
2277 704 2357 769 iis
2393 726 2536 773 esse
2569 716 2786 791 potest

718 804 892 881 certi,
930 824 1099 887 quae
1114 802 1442 867 Fortunae
1478 799 1726 865 monitu
1759 800 1941 885 pueri
1974 822 2171 865 manu
2205 799 2554 865 miscentur
2587 809 2785 884 atque

720 897 1079 963 ducuntur?
1130 917 1260 980 quo
1312 894 1505 960 modo
1558 904 1776 959 autem
1825 892 1988 959 istae
2037 892 2284 978 positae
2325 892 2394 958 in
2435 892 2548 958 illo
2597 894 2736 959 loco
2749 894 2784 955 Ρ

721 992 865 1077 quis
907 990 1107 1057 robur
1146 988 1308 1055 illud
1354 988 1619 1066 cecidit,
1673 987 1945 1064 dolavit,
1997 985 2356 1073 inscripsit?
2409 987 2600 1053 ‘nihil
2640 986 2779 1063 est-,⁹

718 1086 1019 1172 inquiunt
1054 1083 1257 1169 ‘quod
1293 1083 1451 1149 deus
1489 1083 1744 1149 efficere
1781 1103 1912 1147 non
1945 1081 2185 1167 possit!
2247 1081 2494 1147 utinam
2525 1082 2784 1167 sapien·-

719 1181 803 1247 tis
840 1179 1093 1248 Stoicos
1130 1178 1475 1255 effecisset,
1523 1199 1607 1243 ne
1641 1177 1858 1243 omnia
1893 1198 2040 1243 cum
2077 1176 2515 1262 superstitiosa
2548 1176 2790 1242 sollici-

721 1274 945 1341 tudine
980 1284 1045 1339 et
1078 1272 1334 1338 miseria
1368 1271 1735 1339 crederentl
1771 1271 1888 1339 sed
1923 1270 2048 1337 hoc
2083 1270 2346 1355 quidem
2379 1293 2580 1358 genus
2615 1271 2790 1337 divi-

716 1367 993 1434 nationis
1029 1367 1163 1432 vita
1196 1366 1325 1429 iam
1360 1366 1718 1431 communis
1755 1366 2058 1451 explosit:
2103 1364 2242 1431 fani
2274 1364 2679 1451 pulchritudo
2717 1376 2792 1431 et

717 1471 1001 1527 vetustas
1035 1459 1605 1527 Praenestinarum
1650 1460 1843 1526 etiam
1875 1482 2050 1527 nunc
2091 1461 2323 1527 retinet
2365 1460 2631 1527 sortium
2663 1481 2792 1525 no-

718 1579 889 1634 men,
925 1565 1119 1639 atque
1154 1554 1225 1619 id
1256 1554 1323 1619 in
1352 1554 1603 1641 volgus.
1667 1554 1812 1639 quis
1844 1554 2015 1620 enim
2044 1555 2455 1642 magistratus
2489 1566 2603 1621 aut
2636 1554 2786 1639 quis

720 1651 823 1717 vir
853 1648 1181 1717 inlustrior
1214 1649 1417 1715 utitur
1452 1648 1773 1715 sortibus?
1827 1648 2054 1715 ceteris
2095 1670 2249 1715 vero
2285 1649 2354 1715 in
2385 1647 2544 1714 locis
2577 1660 2788 1715 sortes

716 1747 909 1832 plane
951 1744 1365 1809 refrixeruntz
1421 1742 1596 1828 quod
1633 1740 2038 1811 Carneadem
2077 1740 2516 1809 Clitomachus
2565 1742 2793 1809 scribit

720 1840 933 1905 dicere
962 1837 1221 1904 solitum
1246 1859 1567 1922 nusquam
1594 1861 1665 1905 se
1691 1838 2178 1904 fortunatiorem
2203 1860 2400 1923 quam
2431 1836 2792 1903 Praeneste

720 1934 958 2003 vidisse
972 1933 1351 1999 Fortunam.
1406 1954 1561 2019 ergo
1594 1933 1719 2000 hoc
1737 1932 2144 1999 divinationis
2171 1954 2376 2019 genus
2393 1931 2793 1997 omittamus.

848 2026 962 2093 Ad
998 2024 1479 2093 Chaldaeorum
1522 2038 1810 2094 monstra
1841 2026 2203 2105 veniamus,
2252 2027 2332 2093 de
2375 2026 2611 2111 quibus
2645 2024 2796 2090 Eu-

720 2122 949 2199 doxus,
984 2120 1277 2187 Platonis
1314 2122 1588 2197 auditor,
1624 2123 1693 2187 in
1728 2121 2074 2207 astrologia
2107 2120 2345 2187 iudicio
2381 2121 2794 2187 doctissimo-

718 2242 864 2283 rum
915 2216 1248 2281 hominum
1306 2215 1499 2281 facile
1559 2215 1888 2301 princeps,
1951 2216 2044 2281 sic
2095 2216 2422 2301 opinatur,
2482 2216 2552 2281 id
2611 2216 2794 2299 quod

720 2313 1031 2397 scriptum
1073 2310 1361 2394 reliquit,
1410 2308 1757 2377 Chaldaeis
1801 2310 1870 2375 in
1912 2310 2346 2396 praedictione
2381 2321 2450 2377 et
2489 2311 2560 2377 in
2602 2321 2796 2376 nota-

720 2406 892 2470 tione
920 2404 1229 2486 cuiusque
1255 2404 1426 2469 vitae
1452 2426 1535 2469 ex
1562 2404 1762 2472 natali
1787 2403 1890 2470 die
1916 2405 2180 2472 minime
2205 2428 2347 2472 esse
2373 2404 2792 2473 credendum„

718 2498 1005 2565 nominat
1034 2498 1229 2563 etiam
1244 2496 1618 2574 Panaetius,
1653 2499 1768 2582 qui
1793 2519 1962 2565 unus
1992 2523 2028 2566 e
2055 2498 2290 2567 Stoicis
2317 2502 2794 2587 astrologorum

717 2592 1047 2679 praedicta
1096 2592 1346 2669 reiecit,
1408 2592 1804 2659 Anchialum
1855 2605 1921 2660 et
1974 2592 2446 2675 Cassandrum,
2500 2616 2792 2665 summos

720 2688 1075 2773 astrologos
1128 2685 1299 2751 illius
1342 2687 1601 2764 aetatis,
1655 2708 1784 2772 qua
1840 2699 1976 2755 erat
2029 2689 2196 2775 ipse,
2251 2712 2400 2757 cum
2443 2690 2512 2755 in
2556 2688 2792 2759 ceteris

720 2782 1103 2868 astrologiae
1138 2780 1427 2867 partibus
1455 2782 1860 2861 excellerent,
1895 2783 2020 2849 hoc
2055 2785 2510 2869 praedictionis
2547 2804 2792 2871 genere

718 2900 851 2943 non
886 2898 1057 2943 usos.
1130 2873 1373 2960 Scylax
1407 2876 1918 2955 Halicarnasius,
1951 2876 2286 2945 familiaris
2319 2877 2638 2954 Panaetii,
2673 2900 2798 2943 ex-

722 2972 959 3037 cellens
1012 2970 1083 3035 in
1136 2970 1483 3057 astrologia
1533 2972 1833 3055 idemque
1895 2971 1964 3037 in
2015 2973 2302 3058 regenda
2355 2996 2474 3039 sua
2525 2972 2798 3039 civitate

717 3064 1016 3151 princeps
1028 3108 1048 3139 ,
1094 3073 1299 3129 totum
1344 3064 1467 3131 hoc
1504 3060 1932 3133 Chaldaicum
1975 3067 2386 3179 praedicendi
2432 3090 2638 3154 genus
2681 3089 2795 3133 re—

719 3158 1032 3271 pudiavit.
1138 3159 1253 3225 sed
1304 3171 1377 3225 ut
1426 3162 1672 3227 ratione
1725 3170 1984 3226 utamur
2037 3162 2287 3228 omissis
2341 3161 2638 3239 testibus,
2691 3160 2793 3227 sic

718 3254 826 3319 isti
862 3253 1220 3339 disputant,
1263 3254 1379 3337 qui
1412 3252 1574 3320 haec
1611 3251 2086 3321 Chaldaeorum
2095 3256 2425 3323 *natalicia
2456 3253 2792 3343 praedicta

720 3348 1105 3415 defendunt:
1158 3347 1291 3411 vim
1335 3346 1662 3432 quandam
1705 3370 1846 3414 esse
1904 3348 2085 3415 aiunt
2135 3349 2442 3437 signifero
2492 3350 2564 3415 in
2607 3348 2797 3429 orbe,

720 3445 835 3529 qui
878 3442 1133 3511 Graece
1182 3440 1503 3522 ζωδιακός
1548 3440 1809 3520 dicitur,
1864 3443 2086 3519 talem,
2139 3455 2212 3508 ut
2257 3445 2394 3509 eius
2435 3443 2610 3509 orbis
2651 3466 2796 3510 una

722 3559 1021 3623 quaeque
1055 3560 1205 3624 pars
1241 3536 1369 3602 alia
1403 3536 1527 3601 alio
1564 3536 1758 3599 modo
1787 3546 2044 3603 moveat
2077 3538 2478 3622 inmutetque
2513 3538 2797 3617 caelum,

718 3632 988 3719 perinde
1031 3642 1105 3697 ut
1150 3650 1445 3715 quaeque
1484 3630 1709 3695 stellae
1753 3629 1824 3695 in
1867 3630 1968 3696 his
2012 3631 2447 3716 finitumisque
2493 3632 2798 3717 partibus

720 3725 849 3793 sint
894 3745 1152 3809 quoque
1195 3734 1514 3809 tempore,
1566 3745 1838 3809 eamque
1885 3725 2016 3791 vim
2060 3726 2236 3791 varie
2280 3726 2526 3793 moveri
2570 3725 2654 3791 ab
2706 3726 2800 3791 iis

720 3819 1068 3895 sideribus,
1121 3838 1289 3901 quae
1342 3830 1654 3886 vocantur
1705 3820 2012 3897 errantia3
2063 3843 2214 3887 cum
2258 3832 2475 3889 autem
2525 3820 2595 3885 in
2640 3843 2797 3887 eam

718 3915 927 4001 ipsam
968 3922 1219 3999 partem
1260 3913 1433 3979 orbis
1478 3914 1801 3992 venerint,
1851 3915 1920 3981 in
1956 3936 2086 4000 qua
2119 3916 2200 3981 sit
2235 3927 2414 3982 ortus
2450 3915 2620 3991 eius,
2673 3916 2797 3999 qui

718 4018 1042 4085 nascatur,
1080 4017 1195 4073 aut
1226 4006 1297 4075 in
1330 4032 1495 4087 eam,
1531 4030 1700 4094 quae
1727 4009 2140 4076 coniunctum
2175 4010 2418 4095 aliquid
2451 4008 2648 4075 habet
2673 4021 2796 4074 aut

720 4102 1155 4182 consentiens,
1203 4128 1283 4173 ea
1317 4104 1639 4190 triangula
1672 4103 1765 4169 illi
1802 4115 1867 4169 et
1901 4104 2216 4191 quadrata
2247 4102 2600 4171 nominant.
2691 4114 2798 4179 et-
