3292 4559
952 279 1060 334 DE
1093 277 1423 335 DEORUM
1455 276 1783 336 NATURA
1815 277 1863 331 1.
1901 277 2139 332 ‘fs-79.
2489 261 2577 329 25

519 405 682 469 lium
723 402 952 469 mentis
1000 424 1140 467 esse
1183 402 1402 487 possit..
1489 400 1771 487 primum
1812 399 2007 485 igitur
2042 398 2325 483 quidque
2368 399 2575 463 consi·
2618 416 2669 457 ⁷⁷

521 498 679 563 dera
713 496 901 580 quale
937 496 1018 561 sit
1025 520 1044 575 3
1091 496 1378 581 adripere
1415 495 1582 561 enim
1617 494 1774 563 mihi
1808 493 2113 559 videmini
2148 493 2333 577 quasi
2366 502 2575 559 vestro

519 591 661 657 iure
719 612 856 655 rem
915 590 1092 654 nullo
1145 587 1335 654 modo
1396 589 1815 673 probabilem.
1922 586 2180 653 omnino
2243 586 2387 670 quis
2444 596 2578 651 tam

521 705 752 749 caecus
787 683 854 749 in
890 682 1392 768 contemplandis
1427 682 1620 747 rebus
1657 702 1963 765 umquam
2010 680 2162 758 fuit,
2208 691 2278 745 ut
2320 701 2451 747 non
2485 680 2579 743 vi-

521 776 702 844 deret
737 776 978 861 species
1010 776 1166 841 istas
1201 775 1532 840 hominum
1567 776 1850 840 conlatas
1881 774 1949 842 in
1984 770 2135 838 deos
2172 783 2282 839 aut
2316 773 2577 838 consilio

519 871 802 954 quodam
838 870 1250 955 sapientium,
1305 892 1432 953 quo
1476 870 1728 935 facilius
1766 868 2009 938 animos
2044 868 2457 953 inperitorum
2493 866 2576 931 ad

522 965 790 1029 deorum
825 964 1067 1027 cultum
1103 986 1142 1027 a
1170 963 1339 1028 vitae
1373 964 1687 1049 pravitate
1716 972 2172 1037 converterent,
2210 972 2322 1025 aut
2356 982 2576 1047 super-

523 1057 806 1134 stitione,
841 1067 914 1120 ut
949 1068 1159 1122 essent
1193 1057 1562 1133 simulacra,
1601 1078 1765 1141 quae
1802 1064 2177 1121 venerantes
2214 1054 2367 1122 deos
2402 1055 2575 1139 ipsos

521 1172 596 1215 se
631 1149 806 1215 adire
841 1150 1214 1217 crederent?
1264 1161 1580 1215 auxerunt
1615 1161 1833 1216 autem
1876 1150 2037 1214 haec
2072 1148 2295 1215 eadem
2328 1154 2575 1235 poe‘tae,

523 1245 819 1331 pictores,
857 1244 1144 1330 opifices3
1191 1256 1326 1311 erat
1361 1246 1531 1310 enim
1567 1266 1697 1310 non
1730 1244 1918 1309 facile
1954 1243 2201 1329 agentis
2236 1241 2477 1326 aliquid
2513 1252 2587 1307 et»

522 1338 838 1404 molientis
885 1338 1036 1403 deos
1082 1340 1152 1403 in
1197 1340 1466 1405 aliarum
1509 1339 1861 1404 formarum
1912 1337 2259 1403 imitatione
2302 1358 2574 1402 servare.

523 1434 791 1497 accessit
825 1432 1018 1499 etiam
1049 1433 1174 1500 ista
1209 1434 1421 1520 opinio
1465 1434 1734 1500 fortasse
1752 1480 1771 1511 ,
1820 1432 1994 1517 quod
2039 1432 2278 1496 homini
2320 1430 2577 1496 homine

523 1526 850 1612 pulchrius
894 1526 1054 1594 nihil
1097 1528 1366 1593 videtur.
1455 1528 1568 1593 sed
1604 1538 1675 1593 tu
1710 1527 1853 1604 hoc,
1890 1526 2174 1612 physice,
2210 1548 2341 1592 non
2374 1525 2575 1601 videS,

523 1643 720 1706 quam
754 1622 992 1687 blanda
1027 1623 1420 1699 conciliatrix
1453 1635 1520 1689 et
1553 1622 1737 1707 quasi
1774 1622 1873 1687 sui
1908 1622 1991 1685 sit
2020 1621 2169 1685 lena
2192 1620 2457 1684 natura?
2492 1642 2577 1683 an

523 1726 713 1799 putas
759 1715 956 1779 ullam
1013 1734 1152 1781 esse
1199 1727 1366 1782 terra
1417 1717 1707 1799 marique
1752 1716 2036 1791 beluam,
2090 1735 2257 1798 quae
2300 1736 2431 1779 non
2474 1713 2576 1778 sui

522 1808 778 1893 generis
812 1809 1002 1874 belua
1045 1810 1321 1873 maxime
1358 1809 1745 1875 delectetur?
1790 1808 1962 1891 quod
1995 1810 2063 1872 ni
2094 1810 2189 1873 ita
2222 1818 2388 1875 esset
2396 1855 2416 1885 ,
2462 1829 2577 1873 cur

523 1922 656 1965 non
691 1902 954 1983 gestiret
997 1910 1216 1965 taurus
1262 1923 1465 1984 equae
1503 1902 2021 1975 contrectatione,
2068 1922 2271 1983 equus
2307 1902 2578 1965 vaccae?

527 2016 612 2057 an
646 2002 718 2056 tu
751 1992 1031 2075 aquilam
1065 2003 1178 2057 aut
1209 1994 1461 2059 leonem
1487 2005 1596 2059 aut
1625 1993 1997 2078 delphinum
2028 1994 2229 2057 ullam
2264 1995 2577 2059 anteferre

527 2107 748 2153 censes
784 2085 1057 2170 figuram
1093 2088 1289 2153 suae?
1341 2087 1497 2172 quid
1538 2088 1735 2173 igitur
1768 2088 2029 2165 mirum,
2084 2086 2140 2151 si
2183 2087 2306 2152 hoc
2349 2088 2579 2153 eodem

526 2178 716 2244 modo
781 2177 1023 2245 homini
1093 2190 1322 2248 natura
1391 2181 1824 2267 praescripsit,
1894 2191 1968 2246 ut
2026 2181 2185 2245 nihil
2250 2181 2573 2267 pulchrius

523 2294 722 2355 quam
784 2272 1105 2339 hominem
1163 2284 1418 2360 putaret
1469 2273 1654 2361 [eam
1706 2298 1845 2340 esse
1904 2296 2195 2351 causam,
2258 2296 2373 2339 cur
2423 2275 2577 2341 deos

525 2366 856 2433 hominum
923 2368 1145 2435 similis
1216 2367 1672 2455 putaremus]?
1744 2368 1900 2453 quid
1966 2390 2189 2434 censes
2209 2416 2228 2446 ,
2292 2369 2347 2434 si
2412 2370 2572 2457 ratio
2615 2397 2671 2437 τε

525 2472 694 2527 esset
755 2462 825 2527 in
885 2462 1130 2529 beluis?
1201 2485 1332 2529 non
1401 2485 1517 2528 suo
1586 2483 1877 2547 quasque
1937 2462 2161 2548 generi
2227 2463 2575 2547 >plurimum

525 2555 873 2621 tributuras
917 2556 1153 2623 fuisse?
1206 2567 1272 2621 at
1304 2575 1408 2623 me
1442 2556 1701 2623 hercule
1736 2578 1858 2643 ego
1892 2588 1981 2603 -·--
2014 2556 2223 2622 dicam
2258 2558 2456 2633 enim,
2504 2569 2577 2622 ut
2608 2564 2679 2619 28

527 2647 729 2714 sentio
760 2683 880 2727 --‚
915 2652 1206 2735 quamvis
1243 2674 1452 2717 amem
1487 2652 1625 2737 ipse
1661 2674 1793 2728 me,
1828 2662 2043 2715 tamen
2076 2672 2205 2715 non
2240 2651 2445 2716 audeo
2482 2650 2578 2715 di-

527 2764 670 2807 cere
705 2743 1132 2827 pulchriorem
1177 2767 1316 2811 esse
1349 2768 1480 2821 me,
1536 2766 1732 2829 quam
1774 2745 1881 2809 ille
1925 2744 2118 2809 fuerit
2160 2754 2411 2820 taurus,
2464 2745 2577 2827 qui

527 2836 701 2901 vexit
735 2836 1097 2924 Europam3
1148 2860 1279 2909 non
1325 2838 1494 2904 enim
1537 2838 1661 2905 hoc
1702 2839 1846 2903 loco
1889 2838 1970 2903 de
2012 2837 2283 2923 ingeniis
2328 2849 2443 2902 aut
2495 2838 2575 2903 de

527 2930 920 2995 orationibus
974 2932 1238 3009 nostris,
1291 2931 1406 2997 sed
1457 2931 1538 2997 de
1592 2932 1803 3018 specie
1854 2931 2188 3019 figuraque
2231 2932 2573 3016 quaeritur.

529 3020 704 3105 quod
739 3022 796 3086 si
831 3017 1073 3109 fingere
1107 3024 1292 3089 nobis
1329 3036 1394 3091 et
1434 3025 1701 3111 iungere
1744 3024 1981 3091 formas
2023 3026 2325 3103 velimus,
2370 3027 2575 3110 qualis

527 3116 636 3181 ille
677 3116 1031 3183 maritimus
1067 3118 1293 3184 Triton
1335 3118 1651 3205 pingitur,
1702 3119 2069 3185 natantibus
2112 3119 2420 3187 invehens
2465 3121 2576 3185 be-

528 3211 650 3277 luis
703 3211 1016 3278 adiunctis
1065 3212 1346 3278 humano
1399 3213 1675 3299 corpori,
1735 3214 1898 3279 nolis
1951 3235 2110 3279 esse.
2217 3213 2461 3281 difficili
2509 3216 2577 3279 in

527 3307 668 3371 loco
704 3328 948 3385 versor3
1003 3318 1098 3373 est
1134 3307 1305 3375 enim
1338 3308 1436 3373 vis
1471 3318 1648 3373 tanta
1692 3319 1986 3386 naturae,
2039 3320 2112 3374 ut
2153 3308 2346 3375 homo
2388 3332 2575 3375 nemo

528 3399 682 3465 velit
722 3400 847 3463 nisi
889 3399 1161 3465 hominis
1207 3401 1426 3467 similis
1471 3422 1630 3467 esse.
1721 3412 1786 3467 et
1837 3402 2097 3486 quidem
2138 3402 2405 3467 formica
2444 3400 2575 3465 for-

527 3493 751 3559 micae.
839 3493 955 3559 sed
989 3505 1203 3563 tamen
1247 3495 1430 3561 cuius
1465 3495 1781 3560 hominis?
1822 3506 2057 3579 quotus
2098 3495 2271 3562 enim
2305 3493 2575 3579 quisque
2616 3521 2669 3563 ἰο

528 3586 848 3651 formosus
883 3590 1017 3655 est?
1050 3588 1324 3655 Athenis
1351 3612 1499 3655 cum
1529 3612 1755 3667 essem,
1792 3613 1827 3655 e
1852 3591 2157 3676 gregibus
2186 3588 2575 3674 epheborum

530 3679 640 3745 vix
674 3679 911 3767 singuli
943 3684 1438 3768 reperiebantur.
1527 3684 1714 3750 video
1755 3686 1914 3768 quid
1950 3682 2275 3759 adriseris,
2330 3681 2443 3747 sed
2486 3682 2577 3749 ita

531 3786 746 3839 tamen
797 3798 867 3839 se
917 3798 1019 3843 res
1071 3777 1284 3848 habet.
1374 3778 1602 3845 deinde
1654 3778 1869 3855 nobis,
1920 3778 2035 3861 qui
2084 3774 2574 3843 concedentibus

531 3868 922 3953 philosophis
994 3871 1272 3955 antiquis
1332 3872 1825 3939 adulescentulis
1896 3872 2313 3946 delectamur,
2384 3870 2577 3939 etiam

532 3962 688 4027 vitia
729 3984 920 4049 saepe
962 3964 1244 4033 iucunda
1286 3977 1454 4032 sunt.
1505 3989 1783 4034 .naevus
1828 3966 1897 4031 in
1938 3964 2204 4029 articulo
2247 3964 2431 4050 pueri
2464 3966 2576 4031 de·-

529 4054 722 4123 leetat
771 4058 1105 4126 Alcaeum.
1209 4071 1277 4127 at
1326 4072 1424 4126 est
1475 4059 1756 4146 corporis
1809 4060 2061 4125 macula
2119 4080 2381 4125 naevus.
2438 4105 2453 4117 .
2483 4058 2576 4123 illi
