3292 4559
1164 194 1272 281 D'E
1306 224 1642 283 LEGIBUS
1678 226 1726 297 Ι,
2293 184 2302 197 ‘
2349 209 2482 293 249

858 842 960 911 Μ.
1019 842 1403 911 TULLII
1461 840 2044 909 CICERONIS

1165 952 1756 1023 DELEGIBUS

1059 1070 1417 1125 LIBRI
1510 1069 1857 1125 TREs.

1165 1342 1399 1397 LIBER
1435 1341 1745 1399 PRIMUS.

1096 1444 1786 1503 ‘ARGUMENTUM

531 1551 727 1611 Cicero
757 1568 884 1607 cum
912 1568 1010 1606 sex
1036 1549 1196 1604 libris
1224 1550 1295 1607 de
1321 1566 1383 1605 re
1409 1549 1642 1619 publica
1670 1547 1894 1621 scriptis
1913 1550 2183 1621 optimum
2195 1550 2280 1607 rei
2297 1551 2483 1623 publi—

378 1639 527 1687 fcae
554 1635 763 1687 statum
798 1629 1163 1700 exposuisset,
1201 1626 1458 1681 Platonis
1488 1627 1728 1683 maxime
1757 1629 2070 1699 exemplum
2097 1634 2336 1697 secutus,
2377 1630 2486 1685 hoc

409 1708 627 1766 eodem
655 1712 881 1763 auctore
912 1708 1145 1761 totidem
1171 1706 1330 1761 libris
1358 1707 1529 1762 etiam
1557 1707 1626 1761 de
1657 1706 1906 1778 legibus,
1949 1723 2095 1777 quae
2121 1707 2181 1761 in
2206 1708 2432 1764 civitate
2452 1726 2488 1763 a

378 1805 483 1844 „se
516 1784 824 1839 constituta
860 1783 1204 1839 obtinendae
1244 1789 1457 1853 essent,
1495 1776 1655 1838 suafn
1683 1783 2018 1839 sententiam
2045 1784 2265 1854 aperire
2291 1785 2484 1839 voluit.

378 1849 389 1870 ⁹
414 1862 595 1928 Quod
622 1866 1017 1933 argumentum
1044 1860 1127 1916 ita
1153 1866 1482 1930 persecutus
1518 1866 1619 1929 est,
1657 1860 1798 1915 utin
1816 1860 2114 1932 colloqui0,
2151 1862 2304 1932 quod
2319 1860 2488 1933 fingit

378 1931 382 1962 ²
413 1958 485 1995 se
517 1956 645 1993 cum
674 1938 883 2005 Quinto
908 1937 1083 1993 fratre
1114 1944 1173 1993 et
1198 1938 1390 1993 Attico
1417 1954 1517 1993 suo
1546 1955 1597 1995 a.
1616 1956 1671 1992 u.
1694 1939 1812 1993 702.
1839 1938 1898 1993 in
1915 1938 2179 2010 Arpinati
2203 1939 2484 2009 habuisse,

378 2025 387 2058 ·“
412 2034 556 2074 eum
586 2018 769 2071 locum
785 2021 1175 2086 pertractaret.
1247 2016 1465 2071 Horum
1482 2022 1674 2073 tamen
1691 2016 1978 2086 librorum,
2006 2034 2145 2088 quos
2161 2034 2344 2089 neque
2361 2035 2486 2088 per-

378 2121 383 2156 -2
412 2094 629 2150 fecisse
664 2110 846 2164 neque
882 2094 1004 2165 ipse
1042 2092 1282 2149 edidisse
1326 2092 1548 2149 videtur
1582 2092 1831 2163 Tullius,
1876 2111 1990 2149 non
2021 2100 2347 2149 manserunt
2380 2095 2489 2149 nisi

412 2180 541 2227 tres
580 2171 744 2241 eique
780 2186 893 2225 non
918 2170 1125 2243 integri
1154 2175 1213 2225 et
1238 2170 1594 2225 librariorum
1621 2170 1902 2226 erroribus
1928 2170 2094 2227 valde
2121 2172 2390 2242 corrupti,
2429 2174 2488 2229 in

416 2264 664 2319 quorum
697 2248 879 2318 primo
904 2246 1102 2303 Cicero
1137 2248 1444 2318 praemisso
1479 2248 1766 2317 prooemio
1801 2247 2042 2318 primum
2067 2254 2328 2305 naturam
2353 2246 2488 2303 iuris
2586 2298 2592 2306 .

416 2325 675 2396 explicat
702 2340 937 2397 eamque
965 2325 1039 2381 ab
1060 2324 1302 2381 hominis
1320 2330 1525 2381 natura
1540 2326 1764 2396 repetit,
1803 2326 2008 2383 deinde
2031 2326 2352 2383 considerat
2367 2326 2488 2397 qui·-

380 2410 382 2438 ¹
412 2406 531 2460 bus
550 2402 771 2475 legibus
792 2402 989 2457 civitas
1005 2402 1130 2475 regi
1148 2402 1372 2473 debeat,
1412 2403 1654 2474 denique
1673 2404 1816 2459 haec
1831 2409 2058 2473 tractat,
2095 2417 2243 2474 quae
2263 2420 2486 2474 compo·
2582 2438 2586 2445 ·

416 2482 537 2536 sita
565 2485 624 2536 et
650 2480 933 2551 descripta
960 2486 1123 2535 erant
1140 2480 1263 2538 iura
1284 2485 1341 2535 et
1359 2482 1513 2535 iussa
1530 2481 1884 2551 populorum,
1922 2480 1982 2535 in
1997 2481 2084 2537 his
2104 2480 2274 2537 etiam
2290 2480 2489 2553 populi

380 2627 382 2630 y
414 2558 670 2613 Romani
695 2558 807 2627 ius,
847 2559 995 2629 quod
1024 2557 1186 2614 civile
1216 2558 1421 2613 dicitur
1456 2560 1605 2631 (cap.
1634 2559 1710 2632 5).
1780 2559 1850 2614 In
1883 2560 1993 2614 hac
2022 2563 2210 2615 autem
2238 2559 2487 2629 disputa-

412 2637 579 2690 tione
606 2651 740 2689 usus
760 2640 855 2690 -est
878 2636 1339 2705 philosophorum
1366 2652 1537 2704 more,
1575 2653 1691 2691 non
1716 2642 1967 2695 veterum
1991 2636 2216 2691 illorum
2244 2634 2487 2691 Socrati-

418 2730 635 2780 corum,
674 2713 1139 2767 Academicorum
1166 2718 1225 2767 et
1248 2713 1772 2783 Peripateticorum,
1811 2714 1910 2769 sed
1949 2730 2165 2782 eorum,
2205 2712 2302 2783 qui
2328 2712 2490 2783 quasi

420 2790 687 2847 officinas
714 2790 1096 2846 instruxerunt
1125 2791 1457 2861 sapientiae.
1527 2790 1705 2860 Nam,
1745 2808 1890 2862 quae
1915 2796 2132 2845 veteres
2158 2790 2242 2845 illi
2269 2789 2394 2845 fuse
2423 2806 2491 2846 ac

416 2869 605 2923 libere
624 2866 913 2937 disputare
932 2875 1353 2937 consueverant,
1392 2884 1463 2924 ea
1480 2866 1768 2923 Ciceronis
1784 2868 2147 2939 temporibus,
2166 2867 2226 2921 in
2241 2868 2435 2939 primis
2456 2885 2490 2922 a

422 2943 653 3012 Stoicis,
690 2944 1029 2999 articulatim
1058 2944 1303 3001 dissecta
1332 2945 1682 3014 dicebantur,
1721 2946 1872 3015 quod
1897 2945 2192 3019 negabant
2209 2944 2346 3000 satis
2364 2944 2490 3001 fieri

420 3021 561 3078 huic
598 3020 667 3075 de
704 3019 927 3093 legibus
962 3021 1089 3077 loco
1124 3039 1319 3093 posse,
1354 3022 1464 3077 nisi
1500 3024 1804 3092 separatim
1839 3023 1910 3077 dc
1947 3022 2184 3094 singulis
2209 3022 2490 3093 capitibus

424 3100 811 3169 disputaretur
846 3098 995 3170 (cap.
1020 3099 1129 3171 13).
1198 3099 1421 3154 Primus
1448 3099 1593 3154 liber
1620 3104 1908 3170 tamquam
1935 3098 2120 3155 fontes
2148 3098 2393 3154 omnium
2410 3101 2488 3156 le-

422 3192 564 3249 gum
594 3174 883 3246 omnisque
913 3174 1049 3229 iuris
1080 3176 1263 3246 aperit
1289 3181 1345 3231 et
1360 3174 1615 3231 ultimam
1634 3176 1823 3247 legem
1843 3175 1979 3230 dicit
1997 3192 2118 3232 esse
2135 3182 2380 3233 mentem
2398 3178 2490 3233 dei

424 3251 627 3323 optimi
654 3252 895 3320 maximi,
936 3251 1126 3307 omnia
1150 3254 1370 3309 ratione
1388 3253 1633 3308 iubentis
1652 3258 1709 3307 et
1726 3252 1984 3321 vetantis,
2023 3270 2058 3308 a
2077 3270 2190 3324 qua
2205 3254 2490 3309 hominum

422 3346 565 3385 vera
591 3330 682 3383 lex
708 3326 1118 3399 proficiscatur,
1160 3348 1304 3401 quae
1334 3335 1420 3387 est
1444 3331 1589 3385 ratio
1608 3329 1898 3401 sapientis,
1937 3336 2074 3401 apta
2093 3331 2168 3388 ad
2183 3330 2491 3385 iubendum

426 3413 488 3464 et
505 3406 810 3461 vetandum
846 3406 939 3479 (cf.
960 3406 1038 3461 H.
1059 3424 1183 3478 eap.
1202 3408 1279 3481 4).
1332 3407 1521 3478 Atque
1540 3407 1647 3462 hoc
1668 3413 1755 3463 est
1773 3412 2164 3479 argumentum
2181 3408 2346 3462 huius
2362 3406 2492 3462 libri

427 3500 668 3555 eamque
694 3484 944 3539 scholam
970 3485 1139 3541 certis
1168 3485 1449 3556 capitibus
1478 3485 1790 3557 distinguit.
1860 3484 2109 3539 Primum
2135 3484 2310 3557 igitur
2327 3484 2493 3542 docet

428 3583 466 3619 a
496 3562 621 3631 deo,
658 3561 817 3621 cuius
844 3562 1071 3618 numine
1100 3580 1168 3619 ac
1196 3568 1383 3619 mente
1403 3562 1591 3619 omnia
1608 3568 1908 3635 regantur,
1933 3562 2229 3632 praeclara
2247 3562 2492 3633 quadam

429 3640 759 3699 condicione
788 3648 1117 3713 generatum
1147 3659 1268 3698 esse
1294 3642 1601 3711 hominem3
1639 3646 1866 3711 praeter
1893 3640 2008 3695 alia
2037 3638 2184 3695 enim
2210 3640 2362 3695 bona
2388 3639 2492 3696 soli

433 3738 503 3775 ex
528 3719 772 3773 omnium
802 3719 1173 3774 animantium
1190 3720 1492 3792 generibus
1512 3736 1579 3773 ac
1600 3719 1815 3773 naturis
1834 3717 2163 3773 attributam
2183 3734 2304 3773 esse
2319 3718 2490 3773 ratio-

432 3813 579 3864 nem,
618 3812 762 3865 quae
791 3813 917 3853 cum
946 3798 1255 3853 adoleverit
1272 3801 1441 3867 atque
1460 3795 1716 3867 perfecta
1736 3795 1823 3865 sit,
1863 3794 2140 3865 sapientia
2157 3794 2489 3862 nominetur,

433 3878 499 3929 ut
524 3872 735 3947 homini
758 3889 885 3928 cum
914 3875 1023 3930 deo
1044 3873 1279 3930 rationis
1306 3874 1546 3929 societas
1574 3873 1650 3927 sit
1677 3878 1752 3941 et,
1791 3872 1924 3943 quia
1942 3870 2086 3926 ratio
2103 3870 2196 3926 lex
2213 3870 2304 3939 sit,
2343 3885 2492 3926 com-

435 3950 627 4005 munio
644 3948 779 4003 iuris
799 3956 857 4005 et
873 3951 1034 4022 quasi
1054 3952 1333 4023 quaedam
1354 3950 1640 4023 adgnatiO‚
1665 3950 1814 4021 quod
1834 3967 1870 4003 a
1885 3950 1993 4005 deo
2009 3948 2154 4003 ratio
2172 3948 2246 4001 sit
2261 3948 2491 4021 ingene-

435 4032 562 4083 rata
598 4028 743 4099 (cap.
776 4027 967 4097 7—9).
1038 4029 1261 4085 Deinde
1298 4028 1543 4085 ostendit
1580 4028 1727 4101 (cap.
1769 4028 1852 4083 10.
1883 4027 1992 4099 11.)
2027 4026 2313 4081 hominum
2347 4026 2496 4083 inter
