3292 4559
756 281 799 345 6
1330 280 1335 285 ’
1365 289 1443 346 M,
1479 288 1754 347 TULLII
1789 286 2190 347 CICERONIS

755 401 1016 481 consilio
1036 424 1228 499 atque
1253 435 1407 477 cura
1431 411 1778 498 gubernari
1803 434 2064 478 necesse
2085 420 2270 488 esset,
2301 412 2579 498 primum
2605 410 2808 499 ipsius

750 508 845 574 rei
878 508 1174 594 publicae
1208 528 1403 571 causa
1435 504 1904 592 philosophiam
1937 504 2170 572 nostris
2205 505 2568 571 hominibus
2605 506 2807 592 expli·-

752 602 1023 667 candam
1057 600 1307 687 putavi,
1352 599 1571 685 magni
1614 600 1986 666 existimans
2029 601 2336 665 interesse
2379 600 2466 664 ad
2511 599 2707 665 decus
2741 610 2807 665 et

753 696 836 761 ad
879 695 1137 760 laudem
1180 693 1482 770 civitatis,
1534 715 1635 759 res
1681 705 1815 758 tam
1865 694 2081 779 gravis
2135 704 2393 779 tamque
2446 694 2807 779 praeclaras

682 809 709 849 s
752 789 1004 855 Latinis
1041 790 1235 854 etiam
1267 787 1493 853 litteris
1530 787 1867 865 contineri3
1915 808 2119 871 eoque
2153 810 2255 853 me
2291 787 2502 852 minus
2534 788 2808 853 instituti

751 884 880 950 mei
930 884 1241 970 paenitet,
1295 882 1466 973 quod
1509 881 1698 947 facile
1743 883 1980 959 senti0,
2031 904 2225 967 quam
2278 884 2624 948 multorum
2674 904 2825 947 non-

752 978 944 1043 modo
981 975 1292 1053 discendi,
1342 976 1456 1041 sed
1489 970 1684 1040 etiam
1719 975 2038 1042 scribendi
2073 976 2284 1041 studia
2319 976 2806 1051 commoverim;

756 1072 1091 1158 conplures
1127 1070 1299 1135 enim
1335 1066 1603 1136 Graecis
1646 1069 2150 1134 institutionibus
2197 1070 2428 1135 eruditi
2473 1093 2578 1147 ea,
2633 1090 2802 1153 quae

752 1166 1132 1241 didicerant,
1170 1186 1316 1229 cum
1360 1162 1604 1227 civibus
1643 1162 1775 1227 suis
1819 1164 2286 1229 communicare
2321 1186 2451 1228 non
2485 1172 2804 1247 poterant,

750 1258 924 1344 quod
956 1259 1095 1335 illa,
1132 1278 1297 1341 quae
1332 1278 1373 1321 a
1410 1254 1678 1322 Graecis
1715 1257 2133 1343 accepissent,
2178 1255 2412 1321 Latine
2448 1255 2574 1320 dici
2609 1276 2802 1340 posse

750 1353 1143 1419 diffiderent:
1183 1373 1311 1435 quo
1348 1350 1417 1415 in
1452 1372 1686 1437 genere
1721 1361 1969 1417 tantum
2003 1350 2347 1436 profecisse
2384 1348 2694 1425 videmur,
2729 1360 2804 1413 ut

680 1464 707 1503 9
750 1472 789 1513 a
826 1447 1092 1514 Graecis
1135 1469 1217 1510 ne
1252 1445 1593 1511 verborum
1629 1445 1888 1529 quidem
1923 1444 2107 1530 copia
2151 1443 2567 1509 vinceremur.
2652 1444 2806 1509 hor-

748 1552 881 1608 tata
915 1542 1105 1607 etiam
1132 1551 1248 1618 est,
1284 1551 1357 1606 ut
1381 1562 1485 1606 me
1512 1540 1595 1605 ad
1629 1539 1791 1605 haec
1815 1540 2187 1616 conferrem,
2224 1538 2420 1604 animi
2447 1540 2804 1625 aegritudO,

747 1636 1039 1701 fortunae
1073 1656 1311 1721 magna
1347 1644 1412 1699 et
1443 1634 1626 1719 gravi
1662 1644 1977 1698 commota
2009 1633 2258 1710 iniuria,
2295 1634 2476 1698 cuius
2512 1633 2567 1697 si
2600 1633 2800 1697 maio·-

746 1752 880 1794 rem
918 1728 1195 1811 aliquam
1229 1729 1611 1794 levationem
1644 1728 1921 1813 reperire
1956 1728 2322 1813 potuissem,
2358 1749 2488 1792 non
2515 1727 2599 1791 ad
2633 1728 2804 1792 hanc

745 1823 1146 1909 potissimum
1181 1822 1638 1909 confugissem3
1685 1844 1762 1887 ea
1796 1843 1946 1886 vero
1993 1820 2135 1906 ipsa
2168 1822 2346 1887 nulla
2385 1822 2631 1887 ratione
2665 1843 2800 1887 me-

744 1918 866 1983 lius
902 1918 1029 1983 frui
1064 1917 1244 2003 potui
1280 1939 1474 2001 quam
1508 1916 1565 1981 si
1598 1936 1702 1980 me
1735 1938 1866 1981 non
1899 1915 2091 1979 modo
2121 1916 2206 1980 ad
2239 1915 2545 2002 legendos
2577 1914 2798 1992 libros,

748 2012 861 2077 sed
890 2012 1086 2077 etiam
1102 2012 1186 2075 ad
1216 2021 1416 2075 totam
1433 2008 1901 2097 philosophiam
1929 2010 2440 2095 pertractandam
2458 2009 2796 2075 dedissem.

746 2126 965 2170 omnes
1002 2114 1217 2169 autem
1252 2104 1387 2168 eius
1422 2114 1635 2188 partes
1665 2113 1859 2186 atque
1888 2103 2100 2167 omnia
2125 2103 2413 2168 membra
2446 2114 2584 2168 tum
2618 2103 2802 2167 facil-

740 2197 914 2261 lume
958 2208 1337 2273 noscuntur,
1390 2218 1538 2261 cum
1580 2207 1752 2261 totae
1787 2196 2188 2280 quaestiones
2225 2197 2559 2263 scribendo
2593 2197 2796 2282 expli-

742 2300 993 2367 cantur3
1030 2301 1127 2355 est
1162 2289 1331 2355 enim
1365 2290 1756 2355 admirabilis
1791 2290 2108 2373 quaedam
2143 2290 2530 2356 continuatio
2569 2292 2796 2357 series-

741 2405 867 2467 que
900 2404 1142 2459 rerum,
1186 2394 1263 2448 ut
1304 2385 1429 2449 alia
1464 2406 1545 2448 ex
1581 2384 1708 2449 alia
1740 2407 1909 2449 nexa
1943 2395 2008 2449 et
2041 2406 2260 2449 omnes
2301 2384 2468 2450 inter
2499 2408 2570 2449 se
2606 2396 2794 2471 aptae

664 2466 1225 2577 fgconligataeque
1286 2478 1643 2543 videantur.
1761 2480 1874 2563 qui
1936 2489 2152 2544 autem
2209 2478 2568 2562 requirunt,
2638 2479 2796 2563 quid

740 2590 993 2657 quaque
1030 2572 1111 2638 de
1142 2595 1213 2638 re
1259 2573 1383 2659 ipsi
1427 2573 1804 2650 sentiamus,
1858 2573 2166 2639 curiosius
2209 2572 2278 2636 id
2319 2572 2563 2637 faciunt
2597 2594 2794 2657 quam

737 2688 997 2733 necesse
1032 2677 1131 2733 est
1138 2691 1157 2743 3
1204 2688 1336 2731 non
1370 2668 1539 2732 enim
1582 2678 1717 2733 tam
1753 2676 2042 2733 auctores
2075 2667 2143 2731 in
2177 2666 2561 2752 disputando
2595 2688 2791 2751 quam

736 2761 998 2826 rationis
1034 2771 1355 2825 momenta
1390 2761 1756 2844 quaerenda
1793 2771 1968 2825 sunt:
2013 2760 2170 2845 quin
2203 2760 2396 2826 etiam
2432 2762 2615 2827 obest
2655 2763 2797 2849 ple-

736 2876 1007 2939 rumque
1041 2854 1152 2931 iis,
1200 2852 1310 2937 qui
1344 2853 1588 2920 discere
1622 2854 1849 2919 volunt
1861 2900 1880 2931 ,
1917 2854 2258 2919 auctoritas
2295 2877 2536 2932 eorum,
2575 2856 2686 2938 qui
2722 2878 2794 2922 se

737 2947 964 3012 docere
983 2948 1360 3032 profitentur
1366 2972 1386 3026 3
1415 2948 1715 3013 desinunt
1735 2948 1904 3014 enim
1925 2970 2114 3013 suum
2129 2948 2438 3014 iudicium
2455 2949 2766 3015 adhibere

736 3041 804 3104 id
836 3040 1075 3105 habent
1106 3052 1345 3119 ratum,
1394 3042 1569 3127 quod
1602 3043 1687 3107 ab
1723 3064 1830 3120 ee,
1879 3064 2068 3127 quem
2103 3044 2404 3129 probant,
2439 2998 2900 3110 iudicatuulb-

736 3133 971 3199 vident.
1058 3158 1179 3202 nec
1212 3158 1365 3202 vero
1401 3137 1672 3222 probare
1709 3139 1882 3203 soleo
1915 3138 2002 3215 id,
2037 3138 2211 3221 quod
2247 3138 2326 3203 de
2363 3136 2798 3224 Pythagoreis

735 3229 1115 3314 accepimus,
1134 3252 1297 3313 quos
1321 3230 1557 3307 ferunt,
1585 3232 1640 3295 si
1667 3230 1822 3315 quid
1851 3232 2256 3297 adfirmarent
2283 3230 2352 3295 in
2381 3231 2792 3317 disputando,

734 3344 884 3387 cum
918 3346 998 3387 ex
1034 3324 1125 3389 eis
1160 3337 1599 3407 quaereretur,
1642 3348 1772 3409 qua
1804 3348 1873 3391 re
1907 3325 2000 3390 ita
2033 3336 2228 3401 esset,
2263 3326 2649 3411 respondere
2685 3350 2796 3393 so·-

732 3415 879 3482 litos
930 3417 1094 3502 ‘ipse
1148 3418 1308 3483 dixit
1318 3419 1356 3496 '3
1408 3420 1548 3505 ipse
1602 3430 1818 3485 autem
1871 3430 2006 3484 erat
2047 3418 2485 3506 Pythagoras:
2539 3432 2792 3486 tantum

733 3511 947 3596 opinio
982 3512 1416 3596 praeiudicata
1432 3510 1718 3598 poterat,
1756 3525 1829 3577 ut
1865 3514 2057 3579 etiam
2092 3514 2228 3580 sine
2263 3515 2506 3579 ratione
2544 3516 2788 3581 valeret

654 3621 705 3661 11
732 3606 1094 3671 auctoritas.
1183 3607 1293 3691 qui
1337 3618 1551 3673 autem
1586 3608 1980 3673 admirantur
2022 3631 2138 3675 nos
2173 3609 2341 3673 hanc
2383 3608 2786 3694 potissimum

731 3698 1131 3784 disciplinam
1176 3711 1425 3765 secutos
1438 3747 1457 3777 ,
1501 3701 1601 3766 his
1636 3712 1939 3785 quattuor
1972 3702 2379 3767 Academicis
2413 3702 2592 3767 libris
2627 3702 2784 3769 satis

728 3814 1105 3877 responsum
1139 3794 1411 3860 videtur.
1500 3818 1620 3861 nec
1666 3819 1819 3863 vero
1856 3797 2251 3864 desertarum
2293 3796 2790 3880 relictarumque

728 3906 940 3950 rerum
982 3888 1403 3971 patrocinium
1450 3890 1877 3976 suscepimus3
1933 3912 2064 3954 non
2108 3891 2278 3955 enim
2321 3891 2652 3956 hominum
2685 3890 2787 3955 in-

728 3976 919 4043 teritu
970 3982 1319 4048 sententiae
1369 4004 1625 4068 quoque
1678 3982 2006 4060 occidunt,
2067 3984 2185 4050 sed
2233 3986 2443 4050 lucem
2501 3984 2779 4049 auctoris

726 4070 995 4140 fortasse
1039 4072 1399 4143 desiderant
1413 4124 1433 4155 ,
1484 4088 1559 4142 ut
1603 4075 1763 4143 haee
1797 4077 1866 4143 in
1909 4077 2314 4165 philosophia
2353 4078 2516 4145 ratio
2559 4088 2787 4144 eontra.
