3292 4559
1061 240 1169 295 DE
1203 238 1539 297 LEGIBUS
1573 240 1621 295 Ι.
1659 240 1899 295 40—45.
2371 226 2506 293 263

397 368 875 435 Athenienses
894 365 1361 451 delectarentur
1384 362 1734 448 tyrannicis
1765 362 2044 449 legibus,
2081 383 2234 427 num
2265 362 2508 429 idcirco

402 487 544 531 eae
594 464 781 547 leg-es
824 460 1033 524 iustae
1076 457 1506 523 haberentur?
1576 458 1809 537 nihilo,
1858 457 2048 535 credo
2057 505 2078 537 ,
2122 458 2329 544 magis
2372 459 2505 535 illa,

404 576 638 642 quam
695 554 972 619 interrex
1016 562 1234 619 noster
1276 552 1455 633 tulit,
1508 563 1582 617 ut
1626 552 1901 619 dictator
1941 574 2136 637 quem
2181 553 2371 618 vellet
2415 553 2506 619 ci·-

404 652 614 717 vium
678 646 819 741 [aut
868 647 1109 713 indicta
1160 644 1385 733 causa]
1452 647 1696 733 inpune
1747 656 1967 733 posset
2019 646 2336 727 occidere:
2409 658 2505 713 est

408 745 610 811 enim
664 764 872 807 unum
921 742 1023 806 ius
1034 787 1054 818 ,
1110 762 1237 825 quo
1282 740 1579 807 devincta
1622 752 1718 807 est
1765 741 2098 806 hominum
2141 741 2407 809 societas
2443 752 2506 805 et

408 836 617 922 quod
667 835 777 900 lex
820 835 1145 902 constituit
1187 856 1346 911 una3
1400 856 1569 919 quae
1616 835 1722 900 lex
1767 846 1864 899 est
1897 844 2074 899 recta
2105 834 2268 898 ratio
2301 834 2510 919 impe-

408 930 627 996 randi
686 939 881 1013 atque
931 928 1339 1013 prohibendi:
1406 950 1602 1011 quam
1657 927 1767 1012 qui
1818 928 2101 1013 ignorat,
2151 927 2207 991 is
2263 936 2360 1003 est
2409 929 2509 991 in-

413 1025 650 1088 iustus
667 1069 687 1100 ,
732 1022 868 1087 sive
902 1032 999 1087 est
1032 1020 1142 1085 illa
1178 1020 1412 1107 scripta
1446 1022 1700 1107 uspiam
1737 1020 1870 1086 sive
1904 1042 2246 1105 nusquam.
2332 1022 2508 1105 quod

418 1118 489 1182 si
537 1116 793 1181 iustitia
838 1125 935 1181 est
976 1114 1437 1200 obtemperatio
1487 1115 1736 1200 scriptis
1781 1114 2034 1201 legibus
2075 1114 2506 1198 institutisque

420 1210 833 1297 populorum
878 1221 943 1275 et
986 1209 1070 1285 si,
1114 1220 1189 1273 ut
1240 1208 1449 1274 eidem
1494 1208 1745 1287 dicunt,
1800 1209 2071 1276 utilitate
2117 1210 2332 1275 omnia
2373 1232 2508 1275 me-

423 1304 667 1369 tienda
704 1313 872 1380 sunt,
909 1304 1209 1394 negleget
1244 1304 1421 1388 leges
1456 1323 1694 1387 easque
1727 1316 2129 1391 perrumpet,
2167 1305 2221 1369 si
2253 1305 2506 1391 poterit,

424 1400 491 1464 is
506 1446 527 1477 ,
576 1399 695 1485 qui
740 1396 864 1463 sibi
907 1420 1051 1463 eam
1092 1419 1229 1462 rem
1262 1397 1662 1462 fructuosam
1697 1397 1952 1483 putabit
1985 1399 2123 1465 fore
2135 1424 2153 1478 ;
2204 1399 2296 1465 ita
2329 1400 2402 1464 fit
2435 1411 2508 1463 ut

426 1493 624 1557 nulla
660 1492 744 1557 sit
780 1492 1037 1557 omnino
1074 1490 1333 1567 iustitia,
1370 1490 1423 1555 si
1453 1512 1662 1575 neque
1687 1502 1918 1557 natura
1943 1503 2058 1570 est,
2095 1516 2304 1579 eaque,
2343 1514 2508 1577 quae

428 1596 709 1672 propter
752 1586 1092 1653 utilitatem
1136 1584 1573 1661 constituitur,
1626 1586 1900 1651 utilitate
1946 1588 2070 1651 alia
2113 1586 2506 1652 convellitur.

434 1692 662 1763 atque,
700 1680 755 1743 si
789 1691 1018 1745 natura
1054 1678 1505 1745 confirmatura
1538 1678 1639 1744 ius
1675 1700 1807 1744 non
1841 1680 1980 1757 erit,
2023 1683 2272 1744 virtutes
2307 1701 2508 1745 omnes
2549 1708 2602 1748 48

434 1774 778 1837 tollenturx
832 1774 948 1841 ubi
990 1774 1161 1839 enim
1204 1772 1583 1849 liberalitas,
1637 1772 1752 1837 ubi
1793 1773 2036 1858 patriae
2081 1772 2342 1851 caritas,
2395 1771 2510 1837 ubi

436 1868 654 1953 pietas
666 1912 686 1943 ,
740 1865 855 1930 ubi
908 1877 1019 1931 aut
1070 1867 1237 1951 bene
1281 1865 1569 1932 merendi
1614 1866 1694 1932 de
1741 1867 1938 1931 altero
1985 1877 2097 1932 aut
2138 1866 2509 1933 referendae

438 1960 697 2045 gratiae
743 1960 1041 2026 voluntas
1085 1960 1317 2045 poterit
1360 1960 1704 2025 exsistere?
1772 1976 1924 2025 nam
1967 1960 2128 2026 haec
2160 1970 2511 2026 nascuntur

442 2076 529 2120 ex
574 2074 683 2130 e0,
728 2053 882 2137 quia
926 2064 1157 2117 natura
1198 2052 1499 2139 propensi
1535 2076 1756 2119 sumus
1793 2055 1876 2119 ad
1913 2054 2269 2140 diligendos
2304 2054 2512 2119 homi-

440 2170 593 2223 neS,
641 2147 816 2231 quod
861 2147 1353 2213 fundamentum
1396 2147 1552 2212 iuris
1599 2160 1717 2212 est.
1804 2170 2015 2233 neque
2051 2149 2260 2213 solum
2292 2148 2361 2213 in
2395 2148 2512 2213 ho·-

443 2240 655 2305 mines
701 2241 1040 2325 obsequia,
1084 2241 1203 2307 sed
1249 2241 1442 2307 etiam
1492 2241 1561 2305 in
1606 2242 1766 2307 deos
1803 2243 2223 2308 caerimoniae
2257 2242 2513 2329 religio-

444 2330 715 2419 nesque
738 2334 1067 2413 tollentur,
1120 2356 1285 2419 quas
1330 2357 1461 2401 non
1502 2346 1711 2413 metu,
1765 2338 1879 2402 sed
1924 2360 2002 2403 ea
2045 2336 2510 2413 coniunctione,

450 2450 621 2512 quae
664 2440 761 2494 est
804 2429 1046 2495 homini
1090 2450 1237 2495 cum
1282 2430 1434 2506 deo,
1480 2431 1948 2497 conservandas
1982 2441 2159 2517 puto.
2247 2430 2422 2515 quod
2457 2430 2511 2495 si
2547 2434 2614 2488 16

448 2522 834 2609 populorum
886 2520 1107 2601 iussis,
1169 2523 1225 2587 si
1276 2523 1641 2613 principum
1695 2524 1998 2602 decretis,
2065 2526 2120 2589 si
2179 2524 2506 2590 sententiis

451 2616 735 2683 iudicum
787 2618 931 2685 iura
990 2616 1552 2695 constituerentur,
1604 2618 1706 2683 ius
1753 2629 1921 2685 esset
1964 2619 2356 2696 latrocinari,
2407 2619 2509 2683 ius

456 2711 841 2789 adulterare,
888 2711 991 2775 ius
1035 2721 1421 2776 testamenta
1454 2711 1620 2777 falsa
1655 2734 2046 2799 supponere,
2091 2713 2147 2776 si
2179 2711 2339 2777 haec
2376 2710 2511 2776 suf·-

456 2804 679 2887 fragiis
716 2814 827 2867 aut
860 2804 1037 2877 scitis
1068 2804 1493 2869 multitudinis
1528 2805 1970 2891 probarentur.
2036 2805 2210 2887 quod
2245 2805 2300 2869 si
2332 2814 2514 2889 tanta
2551 2823 2606 2863 44

458 2906 735 2983 potestas
781 2908 876 2963 est
921 2898 1261 2963 stultorum
1304 2898 1631 2963 sententiis
1679 2910 1873 2983 atque
1918 2897 2140 2975 iussis,
2181 2910 2256 2963 ut
2291 2920 2508 2964 eorum

464 2990 779 3077 suffragiis
823 3014 1036 3057 rerum
1082 3002 1313 3057 natura
1356 3002 1675 3069 vertatur,
1729 3014 1848 3057 cur
1896 3014 2027 3057 non
2079 2993 2375 3075 sanciunt
2417 3004 2510 3071 ut,

464 3108 627 3169 quae
668 3086 838 3151 mala
879 3086 1365 3172 perniciosaque
1410 3096 1592 3164 sunt,
1638 3086 1998 3153 habeantur
2046 3109 2166 3175 pro
2217 3088 2406 3154 bonis
2449 3098 2514 3153 et

464 3180 885 3251 salutaribus?
954 3192 1067 3247 aut
1130 3202 1247 3245 cur
1295 3182 1395 3246 ius
1450 3204 1531 3247 ex
1583 3182 1816 3247 iniuria
1865 3183 1972 3247 lex
2024 3182 2240 3248 facere
2289 3184 2512 3270 possit,

464 3276 699 3339 bonum
760 3274 987 3339 eadem
1049 3273 1263 3341 facere
1324 3297 1455 3340 non
1504 3275 1708 3365 possit
1759 3299 1840 3341 ex
1891 3276 2099 3341 malo?
2169 3277 2347 3360 atqui
2395 3298 2514 3341 nos

465 3370 671 3453 legem
705 3368 941 3433 bonam
978 3392 1019 3434 a
1054 3370 1225 3435 mala
1258 3370 1435 3435 nulla
1470 3370 1597 3435 alia
1629 3370 1754 3435 nisi
1788 3382 2056 3435 naturae
2090 3392 2316 3435 norma
2351 3369 2516 3433 divi·-

469 3463 617 3527 dere
654 3482 1024 3547 possumus3
1077 3484 1201 3529 nec
1246 3463 1455 3529 solum
1496 3464 1597 3529 ius
1645 3474 1711 3528 et
1755 3464 1986 3529 iniuria
2019 3474 2250 3529 natura
2286 3462 2517 3528 diiudi—

470 3567 671 3635 catur,
720 3557 835 3623 sed
889 3558 1149 3623 omnino
1203 3560 1417 3624 omnia
1456 3558 1728 3624 honesta
1771 3570 1838 3625 et
1881 3558 2111 3645 turpia.
2199 3582 2350 3623 nam
2383 3561 2418 3641 †
2453 3568 2518 3624 et

473 3653 815 3721 communis
850 3654 1289 3741 intellegentia
1322 3654 1507 3719 nobis
1543 3664 1730 3719 notas
1763 3676 1867 3719 res
1903 3654 2128 3731 efficit,
2177 3674 2414 3737 easque
2448 3654 2514 3720 in

476 3748 688 3817 animis
729 3748 963 3813 nostris
998 3746 1357 3827 inchoavit,
1398 3761 1467 3813 ut
1500 3747 1770 3813 honesta
1803 3748 1870 3812 in
1906 3748 2139 3813 virtute
2172 3758 2512 3833 ponantur,

477 3844 542 3908 in
580 3843 739 3907 vitiis
784 3844 1015 3930 turpia.
1108 3866 1186 3909 ea
1232 3854 1448 3909 autem
1492 3844 1559 3907 in
1604 3842 1903 3929 opinione
1948 3842 2340 3919 existimare,
2379 3862 2512 3907 non
2557 3858 2608 3897 4⁵

478 3936 543 4002 in
574 3947 791 4002 natura
824 3939 1033 4024 posita
1068 3938 1381 4005 dementis
1419 3948 1517 4005 est
1524 3962 1545 4016 3
1588 3960 1744 4003 nam
1777 3960 1897 4002 nec
1933 3936 2176 4001 arboris
2211 3958 2333 4001 nec
2366 3934 2514 4019 equi

483 4031 666 4097 virtus
700 4052 863 4115 quae
898 4034 1148 4111 dicitur,
1182 4034 1250 4099 in
1288 4054 1415 4118 quo
1453 4032 1778 4099 abutimur
1809 4031 2086 4109 nomine,
2121 4030 2190 4096 in
2217 4028 2513 4117 opinione
