3292 4559
958 264 1065 319 DE
1098 261 1435 321 LEGIBUS
1468 261 1547 317 11.
1584 262 1670 317 69.
1705 260 1813 315 111.
1847 261 1898 317 1.
1935 262 1988 317 2.
2307 213 2315 219 ⁵
2373 218 2509 315 255

879 910 977 977 M.
1039 908 1418 976 TULLII
1481 906 2070 998 CICERONIS

1178 1022 1309 1089 DE
1354 1018 1770 1087 LEGIBUS

1062 1138 1367 1195 LIBER
1420 1137 1889 1195 TERTIUS.

1176 1342 1760 1401 ARGUMENTUM.

538 1448 647 1505 Dis
682 1448 1088 1505 immortalibus
1120 1447 1358 1519 proximi
1386 1450 1444 1503 et
1470 1447 1748 1519 dignitate
1777 1452 1834 1502 et
1857 1452 2138 1518 potestate
2166 1454 2298 1505 sunt
2320 1450 2498 1523 magi-

426 1532 664 1583 stratus.
714 1526 921 1597 Itaque
946 1525 1251 1581 constituta
1265 1524 1541 1597 religione
1561 1524 1753 1580 statim
1771 1522 1968 1581 Cicero
1987 1527 2058 1582 de
2075 1528 2498 1599 magistratibus

424 1607 595 1677 leges
624 1604 823 1659 eodem
846 1602 1014 1658 modo
1036 1602 1323 1673 prooemio
1350 1608 1409 1657 et
1434 1602 1808 1673 explicatione
1827 1602 2059 1659 adiectis
2078 1605 2340 1676 subiecit,
2378 1608 2496 1678 qui-

423 1683 541 1736 bus
576 1698 767 1737 eorum
794 1697 1025 1753 genera,
1052 1746 1055 1749 ⁴
1062 1684 1314 1751 potestas
1341 1678 1746 1754 imperiumque
1773 1679 2130 1737 definiuntur.
2200 1684 2294 1739 Ita
2310 1691 2499 1740 autem

425 1757 722 1828 sapienter
740 1775 777 1811 a
792 1757 1097 1812 maioribus
1114 1762 1239 1811 tota
1254 1756 1398 1811 haec
1415 1757 1498 1811 rei
1516 1756 1780 1827 publicae
1796 1771 1930 1828 pars
1950 1759 2253 1817 constituta
2269 1761 2497 1819 videba-

423 1843 541 1904 tur,
580 1840 646 1889 ut
662 1850 775 1890 non
792 1834 1029 1889 multum
1045 1834 1105 1888 in
1123 1851 1194 1891 ea
1212 1835 1530 1889 novandum
1546 1840 1792 1905 putaret.
1848 1836 2050 1907 ltaque
2069 1838 2498 1909 descriptionem

422 1908 867 1985 magistratuum
882 1911 1198 1967 Romanam
1223 1912 1456 1967 retinuit
1478 1929 1584 1969 nec
1609 1913 1847 1968 multum
1875 1915 2066 1969 attulit
2089 1916 2238 1970 novi.
2307 1916 2496 1988 Expli-

424 1988 675 2045 cationis
698 2005 913 2061 magna
936 2004 1071 2059 pars
1096 1988 1336 2059 interiit3
1370 1990 1432 2043 in
1456 2006 1527 2045 ea
1552 1994 1762 2059 autem,
1797 2006 1943 2061 quae
1969 1992 2192 2062 mansit,
2231 1994 2497 2065 egregiae

426 2072 493 2122 et
530 2065 815 2137 sapientes
852 2066 924 2121 de
959 2066 1340 2137 legationibus
1374 2064 1595 2135 liberis,
1633 2068 1706 2123 de
1739 2073 2020 2137 potestate
2055 2068 2386 2140 tribunicia,
2425 2072 2496 2125 de

424 2148 663 2199 senatus
684 2142 980 2199 sanctitate
1000 2149 1059 2198 et
1073 2144 1418 2215 integritate,
1449 2141 1519 2199 de
1547 2143 1770 2215 legibus
1788 2145 2100 2201 tabellariis
2119 2151 2224 2201 etc.
2247 2146 2496 2219 disputa-

420 2222 614 2277 tiones
648 2221 1021 2292 reperiuntur.
1092 2222 1163 2275 In
1201 2222 1425 2293 epilogo
1459 2220 1850 2293 significantur
1876 2224 2168 2294 librorum,
2209 2224 2304 2295 qui
2327 2226 2496 2280 inter·

422 2299 706 2369 ciderunt,
745 2294 1213 2369 consequentium
1224 2300 1539 2353 summaria.

554 2558 827 2623 Mamm.
895 2557 1149 2644 Sequar
1181 2558 1404 2645 igitur,
1440 2570 1514 2625 ut
1546 2559 1824 2638 institui,
1860 2560 2147 2626 divinum
2181 2560 2364 2627 illum
2399 2560 2495 2627 vi-

418 2674 599 2727 rum,
645 2673 839 2735 quem
883 2654 1164 2736 quadam
1210 2654 1631 2720 admiratione
1679 2667 2033 2720 commotus
2069 2656 2326 2741 saepius
2361 2656 2494 2721 for-

418 2757 597 2809 tasse
641 2744 835 2810 laudo
880 2766 1075 2828 quam
1118 2768 1381 2811 necesse
1428 2757 1543 2811 est.
1632 2750 1765 2813 Act.
1819 2746 2160 2813 Platonem
2195 2749 2494 2815 videlicet

421 2836 610 2901 diois.
698 2839 790 2901 M.
836 2838 1045 2901 Istum
1079 2838 1312 2923 ipsum,
1348 2840 1589 2905 Attice.
1679 2842 1811 2905 Act.
1858 2840 1966 2905 Tu
2001 2862 2153 2905 vero
2192 2862 2339 2906 eum
2373 2864 2493 2907 nec

419 2930 617 2997 nimis
660 2930 849 3015 valde
892 2950 1199 3015 umquam
1242 2954 1363 2998 nec
1406 2932 1595 2997 nimis
1650 2954 1844 3017 saepe
1892 2934 2258 3000 laudaveris
2266 2960 2284 3013 3
2339 2958 2492 3001 nam

422 3026 551 3090 hoc
594 3024 753 3090 mihi
796 3026 990 3092 etiam
1034 3028 1237 3091 nostri
1280 3027 1403 3105 illi,
1448 3028 1563 3112 qui
1606 3028 1928 3093 neminem
1971 3029 2094 3094 nisi
2129 3052 2319 3095 suum
2351 3031 2492 3096 lau-

422 3119 567 3185 dari
609 3118 863 3196 volunt,
911 3120 1297 3199 concedunt,
1350 3132 1426 3186 ut
1468 3144 1618 3189 eum
1663 3121 1972 3188 arbitratu
2017 3145 2160 3189 meo
2205 3123 2488 3211 diligam.

421 3216 519 3281 M.
582 3214 765 3281 Bene
817 3214 1031 3281 hercle
1083 3215 1347 3281 faciunt.
1436 3216 1594 3300 quid
1646 3216 1818 3282 enim
1871 3228 1968 3295 est
2019 3219 2336 3304 elegantia
2377 3231 2489 3286 tua

421 3308 725 3395 dignius?
804 3309 985 3377 ouius
1032 3320 1096 3375 et
1138 3310 1273 3375 vita
1318 3322 1382 3376 et
1417 3310 1621 3376 oratio
1659 3322 2008 3377 consecuta
2041 3312 2199 3377 mihi
2235 3312 2488 3380 videtur

420 3404 871 3470 difficillimam
932 3404 1109 3469 illam
1169 3406 1542 3471 societatem
1604 3405 1938 3491 gravitatis
1993 3429 2144 3471 eum
2193 3408 2488 3473 humani-

419 3512 576 3564 tate.
664 3504 797 3563 Att.
872 3496 1047 3565 Sane
1080 3499 1335 3585 gaudeo
1348 3547 1367 3577 ,
1404 3499 1579 3585 quod
1614 3511 1678 3565 te
1713 3500 2139 3585 interpellavi,
2185 3502 2485 3585 quoniam

417 3592 687 3678 quidem
726 3602 861 3657 tam
902 3594 1304 3679 praeclarum
1350 3593 1511 3658 mihi
1554 3593 1789 3659 dedisti
1821 3594 2042 3659 iudicii
2073 3594 2169 3659 tui
2205 3595 2485 3659 testimo-

2548 2544 2579 2598 1

2546 2616 2571 2655 1

418 3690 633 3764 nium3
704 3686 820 3753 sed
870 3710 1101 3775 perge,
1154 3700 1227 3753 ut
1278 3708 1602 3775 coeperas.
1691 3689 1783 3753 M.
1864 3688 2239 3755 Laudemus
2290 3687 2488 3775 igitur
2536 3713 2565 3751 2

421 3784 599 3867 prius
634 3783 846 3869 legem
881 3783 1088 3868 ipsam
1123 3783 1293 3849 veris
1330 3795 1396 3849 et
1428 3783 1702 3869 propriis
1737 3784 1991 3869 generis
2029 3784 2130 3849 sui
2163 3784 2482 3849 laudibus.

423 3880 558 3941 Att.
616 3875 787 3944 Sane
825 3877 1107 3962 quidem,
1145 3877 1311 3943 sicut
1346 3878 1427 3944 de
1464 3880 1849 3965 religionum
1882 3880 2028 3967 lege
2063 3878 2290 3945 fecisti.
2386 3880 2480 3943 M.

424 3971 677 4037 Videtis
710 3972 907 4059 igitur
940 3974 1351 4061 magistratus
1389 3975 1555 4041 hanc
1591 3996 1730 4041 esse
1757 3976 1909 4054 vim,
1946 3986 2018 4041 ut
2036 3977 2273 4062 praesit
2297 3998 2483 4062 prae-

428 4064 787 4149 scribatque
834 4078 1009 4133 rect-a
1055 4079 1120 4133 et
1161 4068 1343 4134 utilia
1388 4079 1451 4135 et
1496 4068 1837 4135 coniuncta
1881 4093 2030 4137 oum
2073 4070 2356 4156 legibus:
2412 4079 2484 4133 ut
