3292 4559
739 327 846 413 84.
1144 361 1154 370 -
1247 363 1254 374 ·
1351 329 1429 386 M.
1469 329 1743 388 TULLII
1778 325 2180 384 elcsnoms

737 484 959 532 somno
995 457 1436 526 coniventibus
1450 503 1469 532 ,
1518 477 1666 520 cum
1700 452 1899 517 oculis
1937 451 2020 515 ad
2056 448 2442 516 cernendum
2474 471 2606 514 non
2642 471 2794 536 ege-

735 580 946 625 remus
959 605 978 634 ,
1036 553 1136 642 [ut
1188 549 1331 638 qui]
1385 562 1713 633 tamquam
1764 546 2032 611 involuti
2084 545 2501 628 quiescerent.
2589 545 2790 610 latent

734 662 1064 740 praeterea
1098 647 1337 713 utiliter
1362 657 1428 711 et
1461 643 1727 710 excelsis
1752 641 2037 724 undique
2072 640 2359 725 partibus
2389 639 2791 725 saepiuntur:

736 747 1014 834 primum
1061 743 1231 809 enim
1283 739 1612 826 superiora
1666 735 2017 822 superciliis
2062 734 2351 799 obducta
2403 733 2703 798 sudorem
2756 757 2795 796 a

740 840 946 926 capite
994 847 1058 903 et
1099 836 1310 902 fronte
1337 833 1739 899 'defluentem
1783 829 2097 915 repellunt
2107 852 2127 904 ;
2181 849 2386 914 genae
2434 827 2665 892 deinde
2712 826 2795 890 ab

737 934 1038 1000 inferiore
1081 940 1262 1016 parte
1307 937 1593 992 tutantur
1637 925 1963 990 subiectae
2016 921 2367 1005 leniterque
2421 921 2793 996 eminentes,

739 1047 1064 1110 nasusque
1091 1026 1184 1089 ita
1215 1023 1463 1088 Iocatus
1495 1031 1610 1098 est,
1647 1031 1723 1084 ut
1748 1017 1931 1104 quasi
1954 1039 2175 1082 murus
2201 1016 2405 1080 oculis
2430 1015 2797 1082 interiectus

643 1143 718 1182 144
745 1143 884 1188 esse
929 1119 1240 1186 videatur.
1329 1115 1585 1181 auditus
1630 1125 1846 1180 autem
1864 1162 1867 1164 ψ
1888 1133 2141 1196 semper
2184 1121 2389 1195 patet3
2442 1110 2581 1174 eius
2628 1108 2802 1174 enim

745 1237 937 1282 sensu
989 1214 1184 1279 etiam
1229 1211 1608 1276 dormientes
1656 1229 1949 1294 egemus,
2004 1229 2045 1272 a
2086 1225 2216 1290 quo
2261 1226 2409 1270 cum
2462 1225 2664 1268 sonus
2701 1213 2801 1267 >est

745 1321 1074 1395 acceptus,
1111 1307 1304 1372 etiam
1338 1327 1375 1370 e
1409 1325 1642 1368 somno.
1672 1301 2043 1367 excitamur.
2131 1296 2489 1364 flexuosum
2532 1297 2653 1362 iter
2686 1295 2803 1360 ha-

743 1406 883 1481 bet,
937 1427 1019 1468 ne
1055 1400 1210 1486 quid
1243 1400 1479 1464 intrare
1513 1397 1745 1483 possit,
1800 1395 1855 1460 si
1902 1395 2173 1480 simplex
2221 1404 2285 1458 et
2331 1392 2643 1457 directum
2686 1412 2806 1474 pa-

744 1509 934 1574 teret3
987 1495 1316 1582 provisum
1351 1493 1544 1558 etiam
1577 1501 1679 1567 ut,
1732 1491 1787 1556 si
1830 1510 1962 1573 qua
1995 1488 2259 1552 minima
2305 1486 2575 1552 bestiola
2610 1507 2801 1550 cona-

745 1605 921 1659 retur
952 1591 1344 1674 inrumpere,
1389 1586 1458 1652 in
1502 1584 1798 1650 sordibus
1846 1583 2097 1648 aurium
2142 1593 2469 1666 tamquam
2510 1581 2580 1644 in
2624 1580 2801 1644 visco

746 1687 1228 1752 inhaeresceret.
1339 1692 1520 1748 extra
1581 1690 1797 1745 autem
1848 1678 2128 1744 eminent
2180 1699 2346 1760 quae
2399 1674 2805 1760 appellantur.

749 1801 935 1846 aures
973 1789 1045 1846 et
1093 1777 1356 1863 tegendi
1397 1799 1594 1841 causa
1644 1774 1855 1840 factae
1900 1773 2278 1855 tutandique
2332 1791 2555 1836 sensus
2602 1781 2668 1835 et
2720 1791 2801 1833 ne

750 1875 1034 1941 adiectae
1089 1893 1280 1938 voces
1339 1871 1707 1936 laberentur
1758 1879 1951 1952 atque
2006 1877 2314 1943 errarent,
2378 1865 2554 1950 prius
2608 1885 2803 1947 quam

750 1990 974 2036 sensus
1011 1968 1096 2032 ab
1129 1967 1208 2031 iis
1243 1967 1468 2052 pulsus
1503 1975 1687 2030 esset.
1778 1964 1893 2029 sed
1929 1963 2119 2027 duros
2154 1973 2220 2026 et
2255 1959 2437 2044 quasi
2474 1960 2806 2024 corneolos

748 2063 990 2130 habent
1023 2061 1318 2129 introitus
1345 2061 1690 2143 multisque
1718 2080 1865 2124 cum
1898 2056 2191 2133 flexibus,
2226 2055 2401 2138 quod
2433 2053 2533 2118 vhis
2560 2054 2805 2118 naturis

748 2158 986 2222 relatus
1031 2155 1470 2240 amplificatur
1497 2175 1720 2230 sonus3
1776 2152 2075 2236 quocirca
2120 2161 2183 2215 et
2224 2149 2294 2214 in
2338 2148 2573 2212 fidibus
2608 2159 2811 2212 testu-

752 2250 899 2314 dine
935 2259 1270 2313 resonatur
1303 2259 1415 2312 aut
1449 2269 1668 2323 cornu,
1704 2256 1769 2310 et
1803 2267 1886 2310 ex
1920 2244 2221 2308 tortuosis
2252 2242 2409 2307 locis
2445 2253 2511 2306 et
2543 2240 2807 2306 inclusis

647 2366 722 2405 145
752 2347 890 2408 soni
931 2342 1294 2408 referuntur
1326 2341 1683 2426 ampliores.
1773 2338 2061 2404 similite-r
2093 2359 2308 2414 nares,
2354 2357 2521 2421 quae
2558 2359 2815 2424 semper

751 2447 1013 2522 propter
1045 2435 1436 2500 necessarias
1461 2434 1766 2498 utilitates
1797 2443 2042 2518 patent,
2078 2431 2529 2498 contractiores
2563 2430 2811 2496 habent

750 2529 1074 2606 introitus,
1109 2551 1191 2594 ne
1226 2529 1381 2612 quid
1413 2529 1482 2592 in
1517 2549 1655 2604 eas,
1690 2527 1865 2610 quod
1896 2537 2154 2604 noceat,
2200 2527 2403 2612 possit
2434 2526 2815 2612 pervadere,

751 2645 1165 2707 umoremque
1209 2643 1459 2706 semper
1502 2621 1743 2685 habent
1790 2620 1873 2684 ad
1925 2621 2254 2706 pulverem
2304 2621 2639 2703 multaque
2684 2621 2813 2684 alia

752 2717 1132 2804 depellenda
1163 2738 1294 2780 non
1328 2715 1639 2780 inutilem.
1690 2725 1987 2799 gustatus
2022 2716 2347 2800 praeclare
2382 2725 2644 2799 saeptus
2682 2726 2779 2779 est
2791 2739 2813 2792 3

754 2835 864 2878 ore
901 2811 1071 2876 enim
1104 2809 1464 2875 continetur
1499 2819 1564 2873 et
1599 2809 1682 2873 ad
1726 2830 1916 2872 usum
1952 2819 2099 2894 apte
2135 2820 2200 2874 et
2235 2809 2317 2872 ad
2351 2808 2811 2874 incolumitatis

649 2925 716 2978 58
755 2905 1130 2971 custodiam.
1221 2903 1554 2986 omnisque
1605 2925 1831 2968 sensus
1876 2903 2205 2968 hominum
2249 2903 2451 2967 multo
2488 2903 2815 2967 antecellit

753 2999 1045 3062 sensibus
1097 2997 1476 3062 bestiarum:
1528 2999 1804 3082 primum
1857 2998 2051 3062 enim,
2080 2997 2249 3062 oculi
2301 2997 2489 3074 iniis
2532 2997 2817 3073 artibus,

753 3113 1027 3175 quarum
1071 3091 1378 3156 iudicium
1425 3102 1522 3156 est
1557 3092 1888 3156 oculorum
1898 3128 1923 3170 ,·
1952 3093 2019 3156 in
2054 3092 2271 3176 pictis,
2316 3091 2481 3156 fietis
2518 3091 2814 3156 caelatis-

700 3246 703 3249 .
753 3207 878 3269 que
931 3185 1184 3262 formis,
1247 3186 1314 3250 in
1367 3207 1705 3271 corporum
1767 3186 1960 3251 etiam
2016 3185 2297 3250 motione
2361 3196 2558 3268 atque
2618 3196 2815 3270 gestu

751 3279 952 3346 multa
1014 3290 1280 3344 cernunt
1343 3280 1665 3357 subtilius,
1729 3281 2011 3345 colorum
2074 3279 2267 3344 etiam
2330 3290 2395 3342 et
2448 3279 2815 3364 figurarum

755 3371 950 3460 [tum]
980 3383 1380 3440 venustatem
1416 3384 1606 3461 atque
1637 3375 1924 3440 ordinem
1958 3386 2041 3449 et,
2074 3383 2151 3436 ut
2182 3373 2277 3436 ita
2311 3373 2540 3448 dicam,
2581 3373 2825 3439 decen·

752 3466 910 3532 tiam
961 3467 1130 3532 oculi
1182 3467 1494 3543 iudicant,
1549 3479 1749 3552 atque·
1793 3469 1990 3532 etiam
2038 3467 2165 3530 alia
2214 3467 2459 3532 maiora
2468 3491 2487 3542 3
2537 3489 2695 3532 nam
2750 3479 2821 3533 et

753 3561 1020 3626 virtutes
1057 3571 1120 3627 et
1153 3561 1310 3625 vitia
1347 3558 1835 3648 [cognoscunt],
1870 3561 2101 3625 iratum
2145 3560 2521 3644 propitium,
2566 3561 2819 3626 laetan-

755 3666 886 3718 tem
939 3655 1290 3731 dolentem,
1342 3654 1574 3721 fortem
1625 3657 1961 3741 ignavum,
2022 3653 2333 3718 audacem
2386 3653 2818 3738 timidumque

652 3766 727 3805 146
757 3760 1169 3832 cognoscunt.
1266 3749 1646 3833 auriumque
1696 3750 1853 3815 item
1906 3757 2001 3812 est
2051 3746 2425 3812 admirabile
2481 3747 2820 3832 quoddam

757 3839 1295 3926 artificiosumque
1325 3843 1666 3920 iudicium,
1712 3863 1839 3925 quo
1873 3841 2193 3907 iudicatur
2228 3851 2291 3906 et
2324 3841 2393 3905 in
2428 3842 2607 3906 vocis
2646 3853 2709 3906 et
2742 3843 2816 3907 in

755 3933 1058 3999 tibiarum
1091 3957 1560 4020 nervorumque
1595 3934 1887 3999 cantibus
1922 3934 2196 4000 varietas
2234 3955 2535 4000 sonorum
2548 3982 2567 4012 ,
2613 3935 2823 4002 inter-

757 4027 954 4106 valla,
1007 4029 1326 4096 distinctio
1363 4041 1427 4096 et
1471 4031 1643 4094 vocis
1680 4049 1917 4112 genera
1959 4028 2301 4112 permulta:
2359 4051 2673 4095 canorum
2710 4030 2821 4096 fu-

757 4140 958 4204 scum,
991 4122 1134 4191 leve
1161 4147 1476 4212 asperum,
1512 4143 1709 4208 grave
1739 4131 2019 4206 acutum,
2052 4122 2330 4188 flexibile
2359 4124 2613 4203 durum,
2642 4147 2819 4212 quae
