3292 4559
1301 268 1640 313 ADNOTATIO
1680 268 1927 311 ORITICA.
2633 264 2713 310 XI

520 406 648 443 uero
673 388 912 442 honestas
933 384 1202 438 utilitatem
1228 392 1406 437 secuta
1432 392 1506 435 est
1532 379 1596 450 C,
1633 382 1733 435 erit
1748 380 1875 436 Car.
1895 380 2065 437 RW.
2080 380 2287 439 Miiller
2304 380 2531 451 (Philol.
2544 380 2708 435 XIX.

522 467 676 520 immo
702 482 822 517 vero
848 463 1160 517 honestatem
1194 460 1390 512 utilitas
1422 468 1599 513 secuta
1631 476 1687 527 p.
1717 461 1887 530 624.):
1920 459 2140 513 dicenda
2172 462 2239 513 sit
2273 457 2345 527 C,
2384 460 2601 512 dicenda
2634 467 2711 511 est

523 552 598 597 est
615 542 736 597 cod.
755 534 1114 605 Basileensis,
1135 537 1290 589 immo
1307 554 1426 589 vero
1441 538 1595 590 hone-
1631 550 1759 589 cum
1784 533 2007 590 Lundio
2028 536 2098 589 T.
2123 538 2141 606 fl
2177 542 2263 591 45.
2295 536 2473 603 factus
2496 538 2564 589 sit
2588 534 2709 589 Ma·
2745 542 2753 547 ”

521 629 632 673 stas
655 618 951 672 utilitatem.-
989 623 1038 668 et
1057 615 1258 667 utilitas
1281 614 1594 667 honestatem
1629 611 1845 665 nutius:
1879 611 2057 681 factus
2081 622 2156 667 est
2183 611 2245 668 Ο.
2272 614 2292 681 ΙΙ
2325 618 2409 667 48.
2439 613 2589 682 atqui
2609 610 2709 667 Vi-

521 705 700 750 secuta
723 702 800 748 est
826 690 1024 763 Unger
1053 690 1180 745 coll.
1198 690 1496 746 Ambrosio
1525 690 1596 745 de
1630 688 1867 743 ctorius:
1902 699 2057 761 atque
2081 688 2201 744 CT.
2256 689 2343 743 ef.
2371 686 2714 743 Fleckeisen

521 771 613 827 off.
650 770 781 826 cler.
807 767 918 836 111,
948 773 998 835 9,
1031 773 1114 821 60.
1149 770 1168 835 ΙΙ
1212 772 1294 821 20.
1331 770 1516 839 quibus
1550 776 1598 820 et
1631 764 1789 819 Misc.
1819 765 1941 820 crit.
1960 784 2016 836 p.
2038 772 2119 820 23.
2146 768 2165 837 fl
2193 772 2277 819 53.
2296 768 2449 819 immo
2478 784 2597 819 vero
2616 782 2705 819 ne-

517 851 782 903 honestum
833 846 1034 915 aliquid
1071 862 1180 897 non
1217 845 1342 897 utile
1385 853 1435 896 et
1473 844 1598 897 utile
1631 858 1771 896 cesse
1795 852 1871 895 est
1896 860 1962 913 p:
1998 845 2153 896 immo
2186 861 2333 910 vero,
2370 844 2566 913 inquiet
2596 844 2705 910 ille,

517 924 856 979 Lambinus:
907 922 1089 992 quibus
1122 929 1170 973 et
1200 922 1465 973 honestum
1497 920 1597 973 ali-
1629 935 1837 971 necesse
1860 929 1937 972 est
1954 935 2003 986 c,
2031 923 2183 974 immo
2210 937 2329 972 vero
2358 920 2576 989 [inquiet
2592 920 2703 986 ille]

518 1004 644 1073 quid
669 1019 776 1053 non
801 1000 926 1051 utile
949 1007 1042 1053 aut
1064 998 1188 1050 utile
1210 994 1447 1063 BHab,
1483 998 1595 1066 qui·
1630 1010 1837 1049 necesse
1861 1004 1936 1049 est
1955 994 2025 1063 T,
2054 1012 2161 1049 om.
2189 994 2306 1049 BH
2317 995 2416 1049 ab.
2441 996 2461 1064 ss
2488 1001 2573 1049 54.
2591 1012 2705 1047 ,ηια-

522 1080 615 1132 bus
640 1085 733 1130 aut
747 1077 1011 1128 honestum
1029 1072 1229 1145 aliquid
1242 1090 1350 1125 non
1365 1074 1492 1125 utile
1507 1082 1598 1126 aut
1632 1073 1863 1139 tet-iatae,
1892 1074 2137 1125 ruinosae
2154 1070 2226 1126 C:
2264 1074 2571 1125 materiatae
2587 1071 2707 1137 sint,

518 1155 644 1208 utile
669 1169 701 1206 c
731 1157 789 1207 et
817 1150 886 1205 T.
911 1153 932 1220 ΙΙ
959 1157 1040 1204 24.
1061 1152 1326 1205 detrahere
1342 1159 1512 1203 autem
1531 1179 1554 1189 -
1573 1178 1597 1189 -
1629 1149 1875 1201 ruinosae
1890 1164 2016 1203 cum
2034 1147 2160 1203 aliis
2178 1148 2247 1203 Τ.
2268 1146 2485 1217 Copula
2503 1146 2709 1201 omissa

515 1232 720 1301 yeneris
762 1230 984 1281 eiusdem
1019 1243 1051 1283 e
1087 1226 1136 1297 §.
1175 1233 1259 1281 21.
1293 1225 1594 1295 inculcata,
1628 1225 1803 1279 verba
1824 1227 2095 1295 iynoretur
2114 1256 2136 1267 -
2155 1256 2178 1267 -
2206 1226 2458 1296 serpentis
2486 1228 2585 1278 aut
2610 1222 2707 1277 de-

517 1308 631 1361 iam
641 1304 884 1361 Grutero
904 1304 1296 1360 etFacciolato
1313 1309 1592 1374 suspecta,
1628 1302 1801 1357 lenda
1843 1306 2005 1357 erant
2048 1307 2146 1357 aut
2187 1308 2317 1372 post
2348 1302 2524 1357 verba
2556 1317 2707 1354 nemo

519 1399 627 1455 ego
664 1380 886 1437 seclusi.
927 1382 947 1453 ΙΙ
992 1388 1076 1436 28.
1111 1384 1194 1435 vel
1227 1383 1484 1451 corporis,
1503 1381 1595 1419 Η
1627 1381 1761 1433 sciat
1776 1380 2212 1450 transponenda.
2234 1380 2255 1450 ΙΙ
2278 1377 2707 1434 56.diiudicanda

516 1464 596 1515 vel
629 1461 785 1513 etiam
817 1460 980 1529 ipsius
1014 1459 1198 1526 animi,
1245 1476 1377 1530 quae
1412 1466 1596 1512 vacent
1627 1466 1703 1511 est
1730 1455 1954 1527 Unger:
1998 1460 2331 1511 diiudicanda
2365 1465 2486 1511 sunt
2521 1453 2638 1509 CT.
2674 1455 2693 1521 fi

516 1538 714 1591 iustitia
727 1535 950 1607 Unger:
974 1538 1062 1590 uel
1085 1536 1324 1605 corporis
1339 1535 1594 1589 ueletiam
1621 1540 1713 1589 58.
1778 1536 1994 1603 temperi
2055 1534 2416 1591 Fleckeisen:
2490 1530 2712 1601 tempori

515 1616 679 1685 ipsius
713 1614 879 1680 animi
908 1630 1042 1683 quae
1075 1622 1262 1666 uacent
1295 1613 1492 1667 iustitia
1527 1610 1590 1680 Ο,
1626 1610 1792 1666 BHb
1818 1616 1879 1667 et
1908 1611 1987 1679 T,
2026 1622 2255 1683 tempore
2290 1607 2385 1667 ac.
2412 1614 2431 1681 ΙΙ
2458 1616 2541 1663 60.
2572 1610 2707 1662 enim

515 1694 596 1745 vel
640 1690 880 1758 corporis
913 1692 995 1743 vel
1028 1691 1182 1743 etiam
1213 1691 1378 1759 ipsius
1413 1690 1593 1755 animi,
1632 1690 1689 1744 Ο.
1717 1690 1963 1760 Aquilius
1987 1704 2117 1742 nos:
2154 1692 2289 1742 enim
2322 1706 2387 1742 ea
2422 1688 2613 1757 quilius
2647 1683 2704 1751 b,

499 1784 652 1837 quae
673 1774 857 1819 vacent
884 1766 1136 1819 iniustitia
1160 1782 1286 1819 cum
1305 1764 1593 1821 Ubaldino
1627 1766 1763 1818 enim
1791 1782 1854 1818 ea
1883 1766 2066 1834 quibus
2090 1764 2190 1833 Hl,
2220 1767 2355 1832 enim
2382 1766 2450 1819 G.
2480 1763 2707 1833 aquilius

517 1842 589 1897 Τ.
649 1840 720 1895 In
753 1841 960 1894 lacuna
991 1841 1136 1896 haec
1168 1841 1288 1895 fere
1324 1841 1594 1896 excidisse
1627 1858 1679 1909 c,
1708 1842 1843 1893 enim
1872 1843 2099 1910 aquilius
2114 1840 2259 1895 ΒΗ2
2270 1858 2321 1895 a.
2340 1872 2410 1881 —
2426 1857 2545 1894 cum
2564 1856 2628 1891 ex
2648 1856 2708 1891 eo

517 1918 780 1989 opinatur
795 1916 1016 1987 Unger:
1037 1926 1084 1971 et
1101 1935 1286 1970 rursus
1301 1919 1469 1987 mayis
1485 1935 1596 1971 esse
1629 1934 1930 1988 quaererem
1957 1914 2020 1971 O.
2042 1916 2062 1985 ss
2094 1922 2175 1970 61.
2206 1920 2356 1989 atqui
2376 1916 2589 1971 Aldus:
2624 1924 2703 1969 at-

511 1996 796 2049 secundum
830 2002 1080 2047 naturam
1114 1995 1370 2047 hominem
1403 1996 1599 2047 homini
1627 2011 1727 2064 que
1751 1991 1868 2048 OT.
1888 2022 1957 2033 --
1974 2002 2031 2044 ut
2058 1996 2246 2047 tutelae
2271 1994 2504 2062 Pearce,
2543 1996 2599 2045 in
2626 2002 2706 2045 tu-

508 2074 758 2143 prodesse
781 2087 938 2141 quam
967 2070 1202 2123 omnibus
1221 2072 1365 2125 bonis
1383 2074 1463 2124 vel
1477 2070 1591 2139 for-
1627 2072 1731 2124 tela
1764 2070 1981 2141 Unger.
2006 2100 2077 2112 -—
2101 2072 2377 2125 Plaetoria
2410 2070 2579 2126 Beier
2613 2068 2705 2139 (ex

514 2159 673 2204 tunae
699 2149 948 2200 excellere
973 2148 1054 2200 vel
1070 2150 1322 2217 corporis.
1350 2150 1368 2216 ΙΙ
1396 2154 1478 2203 29.
1498 2151 1592 2201 mi-
1625 2146 1825 2201 tabula
1840 2146 2255 2218 Heracleensi):
2283 2149 2506 2201 laetor-ia
2522 2146 2674 2201 Hab
2688 2186 2703 2215 ‚

513 2229 651 2279 nime
676 2242 796 2280 vero
817 2254 839 2264 -
859 2254 882 2265 -
900 2225 1002 2276 mei
1021 2225 1201 2293 qratia
1219 2240 1344 2278 cum
1363 2224 1592 2297 Ungero
1626 2226 1815 2278 letoria
1830 2223 1899 2292 B,
1920 2224 2114 2277 latoria
2132 2240 2181 2277 c.
2217 2223 2304 2279 Cf.
2324 2223 2440 2279 Cic.
2461 2224 2531 2279 de
2552 2224 2704 2287 deor.

515 2300 736 2369 seclusi,
765 2300 862 2371 qui
887 2306 1039 2355 recte
1067 2301 1488 2371 observaverat,
1519 2302 1593 2356 ad
1625 2306 1742 2355 nat.
1760 2299 1867 2369 ΙΠ,
1889 2306 1971 2353 74.
2000 2300 2020 2371 ss
2045 2305 2129 2355 63.
2154 2318 2320 2373 neque
2344 2303 2480 2355 enim
2499 2332 2523 2343 -
2541 2331 2563 2343 -
2582 2309 2704 2354 sunt

512 2384 806 2448 utramque
853 2376 1235 2446 quaestionem
1279 2377 1329 2447 §-
1367 2384 1448 2433 30.
1495 2380 1591 2435 de·
1626 2380 1845 2432 civitatis
1864 2376 1974 2433 del.
1994 2375 2199 2432 Heine.
2226 2379 2245 2445 ΙΙ
2272 2383 2353 2431 64.
2382 2380 2489 2447 sed,
2516 2380 2621 2431 sive
2638 2407 2661 2418 -
2682 2406 2704 2424 -.·

511 2473 663 2511 mum
681 2452 1024 2525 responderi.
1077 2453 1238 2508 Idem
1252 2471 1434 2524 nuper
1449 2455 1591 2511 haec
1623 2473 1825 2525 semper
1852 2464 1928 2509 est
1950 2454 2076 2507 utile
2094 2452 2203 2507 del.
2222 2453 2464 2525 Kayser.
2482 2484 2553 2495 -
2572 2462 2707 2507 certe

511 2533 684 2588 verba
701 2532 850 2587 inter
867 2530 1301 2600 caputquintum
1311 2536 1369 2587 et
1377 2538 1592 2587 sextum
1623 2531 1963 2587 Lambinus:
2000 2540 2139 2584 recte
2173 2529 2235 2585 O.
2268 2532 2287 2601 ΙΙ
2334 2538 2427 2586 66..
2456 2532 2536 2585 Ti.
2576 2530 2702 2585 Gar.

511 2609 872 2679 transposuit,
900 2608 998 2662 ubi
1025 2612 1217 2663 tamen
1243 2608 1592 2678 responsioni
1624 2607 1905 2680 Langius:
1950 2610 2098 2661 titum
2132 2608 2247 2679 (vel
2281 2608 2343 2679 t.)
2378 2606 2442 2663 C.
2477 2636 2547 2650 -
2574 2625 2705 2676 pro-

513 2686 742 2755 (minime
759 2688 906 2757 vero)
931 2684 1119 2739 nullus
1145 2685 1304 2739 locus
1331 2691 1432 2740 est.
1459 2689 1479 2756 ΙΙ
1506 2692 1588 2740 32.
1623 2688 1833 2756 scripsit
1866 2688 2095 2740 insulam
2128 2684 2342 2741 Cobet:
2387 2685 2705 2754 proscripsit

511 2773 559 2817 et
577 2764 754 2831 potius
777 2779 982 2815 summa
1008 2763 1274 2815 distractio
1299 2772 1374 2816 est
1399 2763 1592 2817 malim
1623 2765 1868 2817 insulam.
1940 2764 2165 2817 uendidit
2198 2761 2437 2830 BHab,
2466 2763 2705 2831 proscri-

514 2838 730 2892 abesse.
757 2868 826 2877 --
851 2840 1181 2893 humanitatis
1215 2855 1436 2908 corpore
1468 2838 1591 2893 Mu·
1619 2841 1728 2909 psit
1770 2841 1999 2893 insulam
2042 2849 2091 2893 et
2134 2841 2361 2893 uendidit
2404 2855 2437 2893 c
2442 2856 2499 2909 p.
2544 2839 2563 2910 ΙΙ
2618 2843 2701 2891 67.

513 2918 694 2970 retus:
728 2913 1047 2967 humanitate
1083 2916 1317 2983 corporis
1353 2913 1416 2970 O.
1449 2916 1468 2985 ΙΙ
1506 2920 1590 2969 33.
1624 2932 1803 2969 omnes
1842 2930 1952 2968 om.
1999 2913 2070 2983 C,
2124 2931 2236 2986 quo
2284 2916 2487 2970 omisso
2529 2912 2709 2969 verba

515 2992 589 3043 ad
620 3006 752 3059 quas
786 2991 931 3057 ipsas
950 3019 972 3029 -
989 3019 1012 3029 -
1039 2998 1190 3059 turpe
1223 3008 1330 3043 non
1363 2993 1432 3044 sit
1459 2996 1590 3047 ante
1623 2994 1773 3045 huius
1788 2992 1932 3045 modi
1951 3021 1973 3033 -
1991 3022 2014 3033 -
2034 2993 2302 3061 diliyenter
2320 3002 2557 3047 tenentur
2574 2995 2705 3062 post

512 3066 686 3121 verba
717 3066 850 3119 Eius
896 3066 1038 3117 modi
1075 3068 1232 3134 iyitur
1275 3068 1594 3137 uansponit
1625 3068 1727 3122 illa
1754 3087 1855 3139 quo
1880 3069 1995 3123 iure
2020 3078 2151 3122 esset
2175 3078 2365 3123 teneret
2390 3068 2707 3139 transponit

510 3142 727 3215 Unger.
763 3172 836 3183 —-
870 3144 1269 3197 consultationes
1310 3145 1591 3213 superiori·
1623 3144 1840 3216 Unger.
1875 3174 1945 3188 -
1978 3146 2267 3200 serviebant
2314 3147 2363 3201 I.
2406 3147 2502 3201 Fr.
2548 3144 2702 3199 Heu-

513 3222 606 3273 bus
641 3250 664 3261 -
699 3251 722 3262 -
749 3228 1040 3289 praecepta
1089 3228 1241 3286 sunt,
1295 3238 1360 3273 ea:
1410 3222 1842 3292 quibus-singen
1894 3224 2065 3291 seryio
2120 3225 2414 3279 serviebant
2464 3221 2701 3291 BHab,

509 3296 749 3352 Pearce:
789 3297 1194 3351 consultationes
1219 3314 1283 3351 ea:
1307 3300 1589 3367 superiori·
1623 3301 1792 3368 seryio
1820 3300 1917 3353 alii
1939 3299 2235 3353 sev-aiebant
2261 3315 2309 3353 c.
2342 3302 2361 3368 ΙΙ
2384 3304 2467 3353 68.
2496 3302 2703 3354 domum

513 3376 607 3426 bus
623 3403 646 3413 -
664 3382 987 3443 -praecepta
1019 3382 1163 3441 sunt,
1200 3375 1380 3445 quibus
1409 3374 1525 3429 OT.
1561 3378 1582 3445 ΙΙ
1617 3385 1841 3445 propter
1858 3376 1983 3428 vitia
2000 3379 2191 3429 vendas
2210 3376 2319 3431 del.
2330 3374 2544 3445 Unger.
2574 3374 2594 3443 ΙΙ
2619 3381 2701 3427 74.

511 3458 593 3505 34.
623 3460 679 3504 ut
705 3468 819 3503 eam
838 3450 1064 3521 Unger:
1098 3459 1154 3504 ut
1177 3468 1240 3503 ea
1258 3448 1374 3505 GT.
1431 3450 1518 3507 Cf.
1539 3451 1586 3523 ἓ.
1621 3470 1809 3505 nomen
1827 3453 2038 3507 illorum
2059 3452 2167 3506 del.
2187 3450 2701 3519 Victorius.—-pro-

511 3534 593 3581 56.
623 3559 694 3568 -
721 3536 968 3583 venerunt
1003 3526 1316 3581 Manutius:
1353 3530 1590 3583 uenerint
1613 3531 1797 3598 pulsat
1825 3525 2023 3583 Orellii
2049 3528 2171 3582 cod.
2196 3527 2365 3583 Bern.
2394 3528 2459 3581 d:
2478 3531 2700 3597 propul-

509 3604 572 3659 C.
601 3605 620 3677 ΙΙ
645 3611 729 3660 36.
768 3614 815 3659 et
851 3605 1035 3658 civium
1064 3602 1174 3658 del.
1201 3603 1412 3675 Unger.
1445 3606 1466 3675 ss
1503 3611 1586 3659 37.
1619 3606 1884 3658 satasuis
1903 3602 1966 3659 Ο.
2021 3602 2108 3658 cf.
2127 3602 2175 3672 1,
2202 3610 2284 3658 65.
2308 3604 2329 3675 ΙΙ
2358 3610 2441 3657 75.
2470 3607 2557 3658 cui
2570 3621 2700 3657 nos:

511 3700 631 3751 erqo
652 3712 714 3723 --
734 3682 1030 3735 deliberatio
1059 3681 1167 3736 del.
1185 3680 1426 3753 Kayser.
1455 3685 1474 3751 ss
1502 3687 1585 3736 38.
1621 3684 1713 3753 qui
1744 3680 1807 3737 C.
1852 3682 1871 3751 ss
1915 3688 1995 3736 77.
2039 3682 2097 3735 0.
2132 3698 2261 3735 nos:
2307 3697 2415 3736 om.
2448 3679 2513 3737 0.
2558 3681 2577 3753 l}
2618 3688 2703 3737 81.

508 3775 752 3827 peccare,
795 3776 953 3831 quam
997 3776 1042 3811 ει
1085 3776 1193 3811 non
1235 3760 1442 3813 haberet
1475 3758 1584 3813 del.
1617 3758 1799 3825 forma
1834 3758 1943 3812 del.
1974 3758 2170 3828 Lund3
2208 3758 2305 3813 alii
2344 3758 2454 3813 del.
2491 3761 2700 3827 species.

510 3832 756 3905 Madvig.
784 3837 804 3903 ss
830 3840 912 3889 39.
931 3834 1585 3906 nequaquamManutius:
1631 3837 1650 3901 ΙΙ
1685 3840 1770 3889 82.
1808 3836 1933 3905 quid
1968 3837 2103 3888 enim
2121 3866 2143 3877 -
2162 3865 2185 3877 -
2206 3836 2385 3889 beluae
2416 3840 2547 3905 post
2581 3851 2702 3889 ver-

509 3926 822 3979 quamquam
847 3910 910 3965 C.
938 3914 956 3979 ΙΙ
981 3919 1066 3965 40.
1095 3914 1412 3969 deliba-atur
1430 3912 1583 3967 Heu·
1618 3910 1754 3965 bum
1806 3913 2060 3981 exceperit
2112 3911 2431 3983 transponit
2482 3911 2699 3983 Unger,

510 4002 772 4039 mannus:
809 3990 1112 4041 deliberetur
1141 3988 1258 4043 OT.
1286 4021 1356 4031 —
1373 3992 1587 4060 patriae
1618 4005 1729 4059 ego
1764 3989 1986 4046 seclusi.
2034 4022 2099 4031 -—
2136 4008 2309 4045 nonne
2344 3990 2476 4043 idem
2524 3985 2700 4059 (quod

509 4064 781 4116 consulere
807 4063 916 4117 del.
943 4063 1182 4136 Kayser.
1207 4066 1228 4137 ss
1265 4073 1348 4119 44.
1371 4038 1811 4139 dicenda⁸Marii)
1846 4064 2085 4133 faciunt?
2130 4070 2255 4140 quid
2296 4070 2341 4121 is
2384 4067 2600 4137 Unger.
2632 4095 2701 4107 -·
