3292 4559
1060 216 1168 271 DE
1205 196 1534 272 ormcn's
1570 218 1617 273 1.
1672 218 1913 274 56—63.
1981 197 1990 205 '
2076 242 2083 261 ι
2436 206 2518 271 19

471 343 856 409 consuetudo
892 338 1390 423 exercitatioque
1426 339 1792 427 capienda],
1828 352 1901 407 ut
1934 342 2088 407 boni
2116 340 2521 407 ratiocinato-

470 460 566 503 res
609 437 964 502 officiorum
1009 457 1148 499 esse
1191 434 1512 521 possimus
1559 446 1622 501 et
1668 436 1964 501 addendo
2013 435 2519 523 deducendoque

471 532 708 610 videre,
755 553 920 617 quae
963 530 1194 617 reliqui
1229 552 1481 597 summa
1515 530 1655 611 fiat,
1702 555 1784 600 ex
1828 553 1988 617 quc,
2034 542 2350 615 quantum
2385 532 2521 597 cui·-

469 648 586 711 que
623 626 948 701 debeatur,
985 623 1340 711 intellegas.
1413 625 1548 702 sed,
1585 636 1661 692 ut
1692 648 1814 693 nec
1839 625 2070 691 medici
2098 648 2219 692 nec
2245 626 2521 713 impera·
2556 650 2607 691 eo

468 733 626 787 tores
668 742 789 785 nec
835 729 1116 785 oratores
1129 767 1149 797 ,
1198 719 1495 803 quamvis
1517 720 1688 787 «artis
1723 714 2067 807 praecepta
2098 719 2520 811 perceperint,

467 814 806 899 quicquam
837 836 1078 901 magna
1113 813 1303 879 laude
1342 813 1609 899 dignum
1645 814 1783 879 sine
1819 838 1942 881 usu
1978 825 2043 880 et
2070 815 2521 881 exercitatione

466 908 768 991 consequi
810 917 1109 993 possunt,
1167 906 1259 971 sic
1303 907 1498 971 officii
1543 908 1962 975 conservandi
2006 919 2350 994 praecepta
2392 920 2522 975 tra-

467 1002 701 1067 duntur
745 1001 856 1066 illa
901 999 1193 1085 quidem,
1239 1011 1310 1064 ut
1355 1000 1629 1065 facimus
1664 1002 1817 1087 ipsi,
1865 1002 1980 1067 sed
2014 1002 2109 1068 rei
2144 1003 2523 1087 magnitudo

469 1118 652 1161 usum
687 1116 944 1181 quoque
982 1095 1630 1179 exercitationemque
1668 1095 2005 1163 desiderat.
2094 1108 2286 1180 atque
2323 1096 2405 1161 ab
2440 1096 2519 1161 iis

467 1190 684 1265 rebus,
739 1210 905 1273 quae
951 1200 1100 1253 sunt
1144 1190 1212 1253 in
1257 1190 1394 1254 iure
1440 1190 1761 1255 societatis
1806 1190 2154 1269 humanae,
2200 1212 2393 1275 quem
2436 1192 2521 1255 ad

466 1284 725 1347 modum
772 1284 1042 1350 ducatur
1083 1283 1455 1362 honestum,
1503 1308 1583 1351 ex
1630 1307 1761 1369 quo
1786 1296 2030 1371 ‘aptum
2073 1297 2169 1350 est
2214 1285 2517 1363 officium,

463 1378 611 1443 satis
647 1378 782 1444 fere
819 1378 1118 1445 diximus.
2004 1431 2009 1437 .

589 1472 1102 1559 Intellegendum
1147 1485 1364 1540 autem
1409 1484 1534 1552 est,
1578 1497 1727 1540 cum
1761 1475 2089 1561 proposita
2122 1475 2250 1539 sint
2282 1498 2521 1561 genera
2555 1490 2606 1529 ⁶1

459 1579 778 1653 quattuor,
816 1591 851 1633 e
888 1568 1122 1655 quibus
1157 1569 1457 1637 honestas
1494 1570 1907 1654 officiumque
1942 1580 2257 1649 manaret,
2308 1571 2521 1655 splen-

460 1664 859 1729 didissimum
905 1663 1139 1743 videri,
1195 1665 1370 1749 quod
1412 1666 1625 1729 animo
1672 1687 1909 1750 magno
1955 1666 2249 1747 elatoque
2294 1662 2521 1729 huma-

461 1778 702 1841 nasque
763 1780 866 1821 res
929 1756 1321 1842 despiciente
1383 1757 1628 1823 factum
1690 1759 1790 1823 sit.
1879 1759 2097 1840 itaque
2149 1757 2217 1821 in
2267 1757 2517 1843 probris

461 1851 734 1915 maxime
769 1849 835 1913 in
869 1861 1172 1937 promptu
1208 1860 1322 1927 est,
1361 1852 1416 1915 si
1451 1851 1608 1936 quid
1642 1852 1769 1917 tale
1807 1852 1934 1916 dici
1966 1862 2177 1937 potest

699 2008 815 2051 vos
852 1986 1042 2062 enim,
1078 1986 1364 2064 iuvenes,
1402 1988 1690 2052 animum
1723 1988 1943 2073 geritis
1978 1986 2374 2063 muliebrem,
2410 1987 2520 2052 illa

1660 2105 1845 2168 v1rgo
1880 2106 2019 2158 vm,

454 2179 524 2234 et
559 2168 614 2233 si
649 2167 806 2252 quid
840 2167 976 2231 eius
1011 2166 1186 2231 modi

587 2336 590 2340 .
703 2269 1003 2348 Salmaci‚
1042 2271 1126 2335 da
1161 2271 1364 2357 spolia
1399 2271 1535 2336 sine
1572 2272 1805 2337 sudore
1841 2282 1905 2336 et
1940 2270 2272 2357 sanguine.

453 2429 804 2501 contraque
865 2415 932 2481 in
983 2416 1312 2495 laudibuS,
1378 2438 1544 2501 quae
1598 2439 1835 2503 magno
1888 2417 2100 2481 animo
2154 2427 2221 2481 et
2272 2415 2519 2481 fortiter

451 2512 966 2593 excellenterque
1027 2521 1214 2597 gesta
1266 2522 1444 2587 sunt,
1510 2534 1586 2576 ea
1638 2512 1855 2577 nescio
1907 2533 2035 2595 quo
2088 2511 2279 2574 modo
2334 2509 2521 2594 quasi

454 2605 739 2689 pleniore
776 2626 884 2669 ore
918 2604 1279 2670 laudamus.
1351 2604 1502 2669 hinc
1535 2604 1863 2673 rhetorum
1894 2628 2156 2691 campus
2186 2604 2266 2670 de
2296 2603 2520 2672 Mara-

455 2697 678 2775 thone,
731 2696 1090 2775 Salamine,
1133 2698 1448 2776 Plataeis,
1485 2698 1965 2785 Thermopylis,
2002 2698 2328 2774 Leuctris,
2376 2698 2519 2763 hinc

455 2801 670 2855 noster
708 2788 958 2867 Cocles,
997 2790 1146 2855 hinc
1181 2792 1392 2869 Decii,
1427 2792 1578 2857 hinc
1615 2790 1739 2857 Cn.
1779 2804 1842 2857 et
1867 2792 1948 2856 P.
1980 2790 2333 2876 Scipiones,
2368 2790 2523 2857 hinc

453 2884 556 2949 M.
595 2883 968 2960 Marcellus,
1003 2884 1501 2950 innumerabiles
1537 2885 1667 2963 alii,
1703 2886 2106 2969 maximeque
2139 2886 2278 2971 ipse
2311 2908 2521 2972 popu-

453 2978 558 3041 lus
623 2976 954 3042 Romanus
1029 2978 1225 3041 animi
1297 2979 1739 3065 magnitudine
1801 2979 2071 3061 excellit.
2162 2980 2521 3052 declaratur

451 3081 677 3135 autem
741 3070 1024 3135 studium
1081 3072 1346 3138 bellicae
1399 3074 1675 3159 gloriae,
1739 3075 1913 3159 quod
1964 3070 2207 3141 statuas
2262 3096 2519 3161 quoque

451 3166 751 3231 videmus
790 3177 1020 3231 ornatu
1055 3165 1190 3231 fere
1227 3167 1502 3233 militari.
1593 3169 1707 3234 sed
1742 3192 1819 3235 ea
1854 3168 2051 3234 animi
2085 3170 2275 3235 elatio
2284 3218 2303 3248 ,
2349 3192 2516 3254 quae
2553 3163 2620 3275 ἐξ

447 3261 740 3325 cernitur
773 3259 841 3324 in
874 3261 1172 3346 periculis
1202 3272 1264 3326 et
1289 3262 1638 3340 laboribus,
1676 3263 1731 3328 si
1758 3263 2001 3327 iustitia
2027 3274 2215 3329 vacat
2241 3275 2518 3349 pugnat-

447 3377 587 3439 que
623 3376 752 3419 non
787 3377 903 3441 pro
939 3356 1145 3421 salute
1183 3358 1528 3435 communi,
1567 3358 1682 3423 sed
1715 3379 1831 3442 pro
1866 3358 1999 3422 suis
2036 3358 2413 3434 commodis,
2448 3358 2513 3420 in

449 3449 615 3513 vitio
669 3460 794 3527 est3
848 3472 977 3515 non
1029 3450 1250 3532 modo·
1277 3449 1448 3515 enim
1499 3452 1568 3515 id
1611 3450 1864 3515 virtutis
1910 3472 2041 3518 nQn
2086 3460 2211 3527 est,
2264 3450 2378 3515 sed
2423 3461 2519 3515 est

449 3544 670 3629 potius
717 3543 1109 3609 inmanitatis
1157 3568 1410 3611 omnem
1446 3545 1909 3611 humanitatem
1944 3545 2325 3630 repellentis.
2397 3544 2519 3611 ita-

447 3660 586 3721 que
633 3639 832 3723 probe
881 3640 1182 3705 definitur
1225 3664 1264 3705 a
1302 3638 1532 3706 Stoicis
1567 3640 1905 3719 fortitud0‚
1954 3661 2103 3706 cum
2138 3662 2283 3705 eam
2318 3639 2519 3705 virtu-

447 3746 594 3796 tem
637 3756 776 3798 esse
824 3733 1046 3820 dicunt
1091 3745 1606 3821 propugnantem
1639 3756 1757 3820 pro
1793 3734 2131 3817 aequitate.
2222 3734 2521 3819 quocirca

449 3848 678 3903 nem0‚
726 3828 840 3910 qui
883 3827 1275 3894 fortitudinis
1320 3829 1590 3915 gloriam
1627 3840 2007 3895 consecutus
2043 3827 2418 3896 estinsidiis
2456 3839 2520 3893 et

446 3919 734 3995 malitia,
769 3922 1025 3987 laudem
1063 3934 1159 3988 est
1195 3924 1464 4010 adeptus
1476 3950 1495 4002 3
1548 3924 1706 3990 nihil
1743 3925 2081 3990 honestum
2116 3946 2255 3990 esse
2290 3933 2518 4010 potest,

443 4012 637 4099 quod
699 4013 936 4083 iustitia
991 4028 1196 4082 vacat.
1286 4012 1687 4103 praeclarum
1736 4018 1934 4105 igitur
1983 4018 2145 4083 illud
2195 4018 2517 4097 Platonis:
2554 4035 2607 4077 63

2091 4118 2162 4174 2.
