3292 4559
693 625 705 669 Ι
714 625 758 673 3⁴1

693 701 766 733 12¹4

1900 101 1923 147 Ι

794 296 922 361 203
1254 361 1259 366 ,
1403 307 1482 361 Μ.
1520 306 1796 363 TULLII
1831 303 2233 362 CICERONIS

798 457 918 497 uon
958 433 1010 493 εἰ·
1002 443 1209 509 antur,
1241 430 1559 497 medicina
1591 452 1721 495 non
1756 429 1964 505 datur,
1998 450 2129 514 qua
2154 426 2405 530 sublata
2437 428 2678 495 tollitur
2713 454 2851 498 om-

798 533 890 593 ῑιὶΞι
930 527 1273 593 auctoritas
1308 526 1725 591 somniorum·

930 625 1062 689 Sed
1094 620 1256 689 haec
1275 618 1636 709 [quoque]
1616 644 1687 685 m
1711 630 2018 706 promptu
2049 618 2321 685 fuerint.
2352 642 2527 685 nunc
2553 619 2852 687 interiora

802 721 1147 781 widem-snus.
1236 726 1350 781 aut
1393 714 1568 781 enim
1612 714 1831 781 divina
1865 714 1963 779 vis
1999 713 2318 799 quaedam
2353 714 2690 781 consulens
2735 738 2852 780 no·
2962 738 2963 749 ¹

802 813 890 877 his
950 810 1340 877 somniorum
1391 808 1888 897 significationes
1935 807 2120 886 facit,
2173 818 2288 874 aut
2339 807 2720 875 coniectores
2766 832 2850 875 ex
2962 834 2963 881 3

798 909 1078 989 quadam
1110 904 1555 971 convenientia
1598 915 1666 971 et
1699 902 2144 970 coniunctione
2177 914 2474 980 naturae,
2510 924 2699 987 quam
2728 925 2849 969 vo·
2962 898 2963 909 ’

798 1017 946 1065 mant
974 998 1424 1083 ῡυμπάθειαν,
1463 997 1620 1084 quid
1656 999 1891 1083 cuique
1925 998 2019 1064 rei
2053 998 2392 1063 conveniat
2418 996 2533 1085 [ex
2557 996 2847 1085 somniis]

798 1113 858 1161 et
898 1097 1058 1181 quid
1100 1116 1427 1182 quamque
1469 1117 1606 1162 rem
1659 1106 1963 1179 sequatur
2013 1094 2424 1181 intellegunt,
2469 1107 2582 1161 aut
2629 1118 2849 1162 eorum

798 1209 1095 1257 neutrum
1145 1200 1273 1267 est,
1344 1190 1462 1256 sed
1520 1190 1840 1274 quaedam
1891 1189 2252 1256 observatio
2304 1201 2604 1256 constans
2659 1203 2850 1276 atque

802 1289 1099 1351 diuturna
1128 1294 1244 1362 est,
1280 1306 1430 1350 cum
1457 1283 1615 1368 quid
1641 1284 1857 1350 visum
1884 1284 2241 1351 secundum
2257 1285 2540 1369 quietem
2563 1286 2669 1363 sit,
2697 1286 2850 1371 quid

798 1385 1050 1445 evenire
1094 1390 1159 1445 et
1198 1378 1355 1463 quid
1390 1379 1574 1464 sequi
1616 1380 1838 1446 soleat.
1925 1378 2204 1465 primum
2237 1380 2434 1466 igitur
2473 1380 2852 1467 intellegen-

798 1477 950 1537 dum
1006 1484 1099 1541 est
1148 1474 1393 1540 nullam
1444 1474 1581 1539 vim
1621 1496 1764 1540 esse
1815 1474 2098 1539 divinam
2143 1474 2528 1541 effectricem
2571 1476 2855 1540 somnio-

794 1593 966 1645 mnu
1038 1578 1231 1653 atque
1281 1568 1441 1634 illud
1502 1568 1765 1653 quidem
1823 1568 2235 1655 perspicuum
2286 1580 2414 1647 est,
2483 1570 2662 1637 nulla
2717 1570 2854 1637 visa

798 1665 1187 1729 somniorum
1246 1661 1566 1749 proficisci
1625 1686 1669 1729 a
1719 1663 1979 1730 numine
2039 1663 2339 1741 deorum3
2396 1676 2616 1730 nostra
2679 1666 2850 1730 enim

718 1781 766 1817 ··=:·
797 1783 942 1821 [aas
942 1785 986 1821 ιι
1022 1758 1087 1825 di
1120 1757 1190 1823 id
1222 1758 1527 1837 facerent,
1563 1769 1637 1824 ut
1670 1758 2004 1845 providere
2039 1758 2258 1826 futura
2283 1780 2635 1845 possemus.
2692 1782 2844 1845 quo-

798 1869 896 1917 tus
934 1853 1129 1937 igitur
1163 1864 1261 1921 est
1294 1854 1585 1939 quisque,
1620 1854 1734 1938 qui
1769 1853 2030 1920 somniis
2063 1876 2288 1939 pareat
2297 1900 2318 1931 ‚
2354 1854 2467 1938 qui
2497 1854 2852 1942 intellegat,

794 1951 902 2033 qui
950 1947 1344 2015 111eminerit?
1395 1970 1591 2033 quam
1631 1948 1818 2014 multi
1853 1970 2035 2025 vero,
2068 1948 2194 2033 „qui
2229 1960 2641 2015 contemnant
2678 1972 2853 2017 eam-

794 2069 918 2129 que
974 2045 1489 2133 superstitionem
1540 2044 1821 2111 inbecilli
1873 2044 2070 2109 animi
2112 2054 2306 2129 atque
2351 2043 2536 2110 anilis
2588 2045 2850 2129 putent!

794 2141 946 2221 quid
986 2153 1081 2205 est
1126 2140 1353 2226 igitur,
1400 2162 1517 2206 cur
1558 2139 1660 2204 his
1705 2139 2070 2227 hominibus
2107 2139 2444 2205 consulens
2480 2139 2642 2204 deus
2682 2161 2853 2205 som«

794 2237 914 2297 niis
954 2245 1208 2301 moneat
1241 2256 1373 2311 eoS,
1408 2235 1521 2318 qui
1553 2234 1665 2299 illa
1691 2256 1822 2299 non
1851 2234 2042 2299 modo
2075 2257 2248 2311 cura,
2284 2232 2399 2300 sed
2422 2257 2505 2301 ne
2539 2235 2851 2301 memoria

794 2329 1054 2413 quidem
1100 2328 1298 2413 digna
1342 2329 1617 2395 ducant?
1669 2351 1790 2394 nec
1834 2329 2004 2395 enim
2057 2330 2356 2415 ignorare
2409 2329 2568 2395 deus
2613 2342 2848 2415 potest,

794 2449 922 2505 qua
978 2431 1187 2487 mente
1235 2423 1508 2506 quisque
1550 2422 1665 2499 sit,
1716 2444 1836 2487 nec
1880 2422 2121 2490 frustra
2155 2447 2232 2491 ac
2277 2425 2412 2491 sine
2448 2419 2647 2504 causa
2694 2426 2850 2511 quid

794 2517 1002 2577 saffiro
1038 2516 1304 2601 dignum
1348 2517 1469 2581 deo
1506 2533 1635 2593 est,
1681 2517 1857 2600 quod
1892 2517 2192 2585 abhorret
2226 2520 2419 2585 etiam
2452 2519 2536 2585 ab
2570 2519 2848 2586 hominis

794 2610 1164 2675 c-onsssantia.
1249 2609 1343 2675 ita
1391 2610 1448 2674 si
1498 2610 1806 2696 pleraque
1860 2612 2108 2677 somnia
2150 2624 2265 2679 aut
2290 2614 2697 2699 ‘ignorantur
2742 2625 2850 2681 aut

793 2709 1248 2793 neg-loguntur,
1294 2715 1407 2770 aut
1448 2705 1653 2771 nescit
1686 2704 1809 2771 hoc
1843 2706 2002 2772 dens
2037 2718 2151 2772 aut
2183 2707 2421 2773 frustra
2457 2708 2850 2774 somniorum

794 2800 1251 2885 significatione
1295 2798 1497 2865 utitur
1505 2823 1524 2877 ;
1583 2811 1650 2866 et
1687 2798 1917 2890 horum
1957 2812 2259 2867 neutrum
2303 2802 2372 2867 in
2417 2801 2610 2867 deum
2646 2802 2820 2870 cadit
2835 2825 2855 2864 τ

794 2897 946 2957 nihi]
982 2897 1176 2978 igitur
1212 2916 1254 2959 a
1288 2892 1410 2960 deo
1447 2894 1709 2960 somniis
1745 2894 2088 2980 significari
2121 2895 2456 2963 fatendum
2491 2907 2610 2963 est.

918 2988 1089 3053 illud
1111 2988 1317 3053 ⁴etiam
1352 2990 1637 3075 requiro,
1674 3012 1819 3067 cur,
1865 2990 1920 3055 si
1955 2989 2112 3057 deus
2147 2991 2271 3056 ista
2303 2991 2445 3056 visa
2476 2991 2665 3057 nobis
2701 3013 2842 3079 pro-

746 3097 758 3101 ·
797 3085 1046 3145 videndi
1099 3104 1297 3149 causa
1350 3085 1493 3163 dat,
1554 3107 1686 3150 non
1747 3085 2161 3171 vigilantibus
2221 3086 2435 3171 potius
2487 3086 2599 3151 det
2649 3108 2851 3171 quam

790 3176 1276 3256 dormientibum
1329 3180 1467 3243 sive
1496 3179 1692 3245 ⁴enim
1737 3190 2034 3245 externus
2071 3190 2136 3260 et
2177 3180 2578 3246 adventicius
2619 3182 2852 3268 pulsus

790 3273 1034 3337 animus
1079 3271 1529 3337 dormientium
1583 3285 1971 3350 commovet,
2025 3274 2162 3339 sive
2205 3296 2322 3360 per
2367 3296 2436 3341 se
2479 3275 2605 3360 ipsi
2650 3275 2853 3341 animi

790 3377 1153 3446 numentum
1200 3367 1335 3433 sive
1369 3388 1537 3451 quae
1573 3389 1770 3433 causa
1804 3368 1930 3433 alia
1963 3379 2087 3445 est,
2123 3390 2238 3433 cur
2271 3369 2629 3435 secundum
2663 3370 2852 3455 quie-

790 3481 914 3529 tem
954 3462 1196 3545 aliquid
1230 3462 1469 3540 videre,
1504 3461 1749 3539 audire,
1785 3484 1977 3551 agere
2002 3462 2355 3542 videamur,
2392 3464 2618 3531 eadem
2641 3486 2853 3531 causa

790 3558 1201 3641 vigilantibus
1233 3580 1375 3625 esse
1407 3565 1686 3643 poterat3
1722 3554 1918 3639 idque
1945 3556 1999 3622 si
2033 3568 2251 3622 nostra
2285 3580 2481 3625 causa
2515 3559 2583 3625 di
2616 3579 2859 3627 secun-

786 3653 938 3717 [lum
978 3652 1259 3733 quietem
1293 3652 1605 3725 facerent,
1653 3649 2066 3737 vigilantibus
2101 3651 2274 3718 idem
2308 3652 2624 3731 facerent,
2659 3675 2855 3739 prae-

790 3749 1002 3809 serth‘n
1050 3768 1200 3810 cum
1246 3742 1648 3830 Chrysippus
1693 3744 2122 3813 Academicos
2172 3746 2473 3813 refellens
2524 3748 2854 3834 permulto

786 3841 1058 3901 clariora
1088 3849 1158 3904 et
1200 3837 1469 3903 certiora
1503 3860 1643 3905 esse
1681 3839 1881 3917 dicat,
1926 3861 2093 3923 quae
2127 3839 2543 3926 vigilantibus
2577 3841 2854 3907 videan-

788 3945 890 3997 tur
934 3953 1129 4013 qnam
1164 3951 1332 4013 quae
1385 3932 1884 3999 somniantibus:
1940 3932 2064 3998 fuit
2105 3933 2304 4019 igitur
2337 3934 2558 4001 divina
2600 3934 2853 4000 benefi-

786 4025 990 4085 nentia
1030 4023 1310 4109 dignius,
1346 4048 1498 4092 cum
1530 4027 1936 4094 consulerent
1969 4027 2176 4106 nobis,
2213 4028 2487 4095 clariora
2513 4028 2657 4095 visa
2686 4027 2853 4093 dare

790 4118 842 4181 113
850 4117 1074 4201 gilanti
1120 4141 1315 4205 quam
1360 4119 1731 4189 obscuriora
1781 4143 1900 4207 per
1941 4143 2264 4201 somnum3
2319 4123 2494 4209 quod
2537 4121 2850 4209 quoniam
