3292 4559
1150 231 1258 286 DE
1293 226 1624 288 OFFIOIIS
1658 229 1737 288 Π.
1773 229 2011 285 24-ε29.
2480 219 2566 284 57

515 356 880 431 crudelitas,
915 353 1030 442 qui
1061 373 1192 418 non
1225 373 1306 418 ex
1339 352 1584 422 insidiis
1617 331 1889 430 interiit,
1922 364 1995 416 ut
2028 353 2114 431 is,
2151 375 2343 437 quem
2374 357 2567 422 modo

519 450 684 528 dixi,
734 448 1133 528 Alexander,
1185 468 1318 512 non
1369 469 1408 510 a
1459 447 1714 532 paucis,
1766 459 1841 512 ut
1887 445 1995 512 hic
2044 457 2286 526 noster,
2339 449 2454 516 sed
2502 450 2571 516 in

517 566 713 628 quem
745 542 1045 608 universa
1072 539 1646 626 Agrigentinorum
1680 539 2023 607 multitudo
2056 541 2367 628 impetum
2394 542 2567 609 fecit.

517 638 714 724 quid?
771 635 1168 702 Macedones
1202 656 1418 700 nonne
1448 634 1853 702 Demetrium
1887 636 2283 720 reliquerunt
2314 637 2571 706 univer-

513 733 701 816 sique
749 754 820 797 se
871 731 958 796 ad
993 717 1332 840 'Pyrrhum
1381 731 1823 796 contulerunt?
1873 731 2065 814 quid?
2133 731 2570 800 Lacedaemo-

513 827 656 892 nios
707 825 940 891 iniuste
991 823 1361 908 imperantis
1403 845 1616 888 nonne
1660 836 1925 910 repente
1970 845 2190 890 omnes
2234 825 2369 892 fere
2414 827 2570 892 socii

515 921 934 986 deseruerunt
967 927 1484 1002 spectatoresque
1519 939 1590 982 se
1623 917 1862 982 otiosos
1897 918 2329 1002 praebuerunt
2356 919 2569 986 Leuc-

514 1013 714 1078 tricae
745 1010 1161 1078 calamitatis?
1245 1020 1510 1076 externa
1541 1010 1843 1088 libentius
1878 1011 1949 1076 in
1982 1012 2095 1075 tali
2128 1034 2197 1076 re
2230 1033 2427 1094 quam
2456 1014 2569 1079 do—

515 1105 782 1172 mestica
832 1103 1150 1172 recordor.
1254 1125 1480 1170 verum
1538 1117 1757 1170 tamen
1816 1125 2013 1188 quam
2066 1105 2179 1168 diu
2228 1104 2570 1192 imperium

515 1200 740 1286 populi
781 1197 1060 1266 Romani
1111 1197 1438 1264 beneficiis
1487 1198 1856 1276 tenebatur,
1908 1220 2039 1264 non
2079 1198 2355 1277 iniuriis,
2402 1199 2571 1266 bella

517 1304 630 1358 aut
680 1315 797 1378 pro
851 1291 1038 1358 sociis
1083 1303 1195 1358 aut
1238 1292 1318 1358 de
1363 1292 1630 1377 imperio
1675 1294 2091 1382 gerebantur,
2138 1293 2347 1360 exitus
2390 1306 2570 1360 erant

516 1388 830 1453 bellorum
881 1397 994 1451 aut
1043 1385 1230 1452 mites
1281 1396 1394 1452 aut
1435 1387 1807 1464 necessarii,
1858 1409 2085 1473 regum
2098 1435 2119 1466 ,
2162 1387 2567 1475 populorum,

513 1481 849 1547 nationum
889 1491 1110 1566 portus
1157 1491 1294 1546 erat
1325 1491 1392 1546 et
1425 1480 1747 1568 refugium
1782 1492 2070 1559 senatus,
2116 1483 2317 1548 nostri
2349 1494 2569 1551 autem

515 1575 926 1662 magistratus
985 1574 1528 1660 imperatoresque
1592 1599 1676 1641 ex
1737 1575 1859 1642 hac
1920 1597 2051 1641 una
2102 1599 2171 1642 re
2222 1577 2570 1645 maximam

517 1669 774 1735 laudem
815 1690 1045 1752 capere
1081 1668 1452 1744 studebant,
1496 1668 1551 1733 si
1593 1669 1983 1754 provincias,
2020 1668 2075 1734 si
2110 1669 2317 1735 socios
2352 1671 2570 1753 aequi-

503 1775 647 1830 ·tate
683 1774 748 1830 et
779 1763 908 1828 fide
943 1762 1396 1830 defendissent.
1481 1762 1701 1846 itaque
1744 1763 1905 1828 illud
1936 1762 2361 1849 patrocinium
2395 1764 2568 1830 orbis

517 1869 726 1924 terrae
770 1856 996 1921 verius.
1026 1877 1222 1940 quam
1253 1855 1594 1941 imperium
1626 1866 1877 1940 poterat
1909 1855 2242 1922 nominari.
2330 1857 2569 1923 sensim

389 2003 416 2015 -
517 1954 686 2018 hanc
729 1949 1252 2017 consuetudinem
1295 1963 1360 2016 et
1403 1950 1807 2036 disciplinam
1848 1950 1979 2016 iam
2013 1963 2205 2016 antea
2236 1951 2569 2018 minueba-

517 2069 682 2122 mus,
715 2055 861 2132 post
891 2067 1046 2110 vero
1081 2041 1304 2110 Sullae
1337 2044 1669 2112 victoriam
1702 2044 1954 2130 penitus
1990 2045 2348 2124 amisimus3
2402 2046 2569 2113 desi-

517 2155 659 2206 tum
701 2149 800 2205 est
843 2138 1014 2204 enim
1057 2138 1261 2204 videri
1303 2138 1651 2223 quicquam
1690 2138 1763 2204 in
1802 2138 2021 2204 socios.
2050 2138 2373 2223 iniquum,
2420 2163 2568 2206 cum

517 2233 862 2300 exstitisset
901 2232 972 2297 in
1013 2232 1170 2298 civis
1215 2243 1394 2298 tanta
1437 2233 1799 2299 crudelitas.
1886 2255 2043 2320 ergo
2086 2233 2155 2298 in
2196 2233 2305 2300 illo
2348 2247 2569 2302 secuta

517 2339 614 2394 est
672 2327 1007 2392 honestam
1069 2349 1328 2393 causam
1388 2349 1520 2392 non
1571 2328 1843 2392 honesta
1891 2326 2183 2405 victoria3
2252 2339 2349 2394 est
2400 2328 2568 2394 enim

517 2429 710 2488 ausus
747 2420 988 2498 dicere,
1033 2419 1217 2486 hasta
1258 2420 1469 2506 posita
1503 2442 1652 2486 cum
1685 2421 1857 2486 bona
1890 2420 1957 2486 in
1992 2420 2135 2487 foro
2167 2421 2473 2488 venderet
2506 2435 2571 2488 et

517 2517 830 2581 bonorum
871 2514 1154 2580 virorum
1197 2524 1262 2579 et
1304 2515 1721 2600 locupletium
1764 2526 1831 2580 et
1864 2525 2043 2582 certe
2069 2514 2305 2581 civium
2319 2562 2338 2591 ,
2382 2538 2568 2602 prae-

516 2609 663 2674 dam
708 2631 777 2674 se
823 2631 1007 2674 suam
1049 2608 1347 2675 vendere.
1433 2621 1693 2674 secutus
1738 2619 1836 2674 est
1881 2609 1993 2692 qui
2038 2609 2107 2672 in
2142 2629 2336 2674 causa
2367 2609 2566 2694 inpia,

515 2703 778 2768 victoria
838 2701 1032 2767 etiam
1089 2701 1374 2768 foediore.
1387 2748 1406 2780 ,
1469 2723 1602 2768 non
1656 2703 2053 2812 singulorum
2106 2701 2343 2766 civium
2396 2701 2567 2767 bona

513 2795 895 2881 publicaret,
931 2795 1048 2860 sed
1077 2795 1406 2862 universas
1440 2795 1803 2880 provincias
1838 2797 2261 2880 regionesque
2293 2815 2427 2860 uno
2460 2818 2567 2862 ca.-

512 2887 864 2953 lamitatis
845 2910 987 2952 mre
1020 2888 1582 2972 conprehenderet.
1652 2889 1875 2972 itaque
1909 2889 2155 2954 vexatis
2190 2911 2271 2954 ac
2300 2889 2563 2975 perditis

514 2978 749 3047 exteris
779 2979 1147 3045 nationibus
1179 2981 1266 3046 ad
1297 2982 1667 3068 exemplum
1699 2981 1915 3046 amissi
1948 2981 2199 3066 imperii
2233 2983 2473 3067 portari
2496 2983 2565 3048 in

513 3073 838 3159 triumpho
881 3071 1242 3141 Massiliam
1285 3073 1562 3140 vidimus
1607 3086 1673 3142 et
1714 3097 1797 3142 ex
1841 3099 1918 3141 ea
1962 3075 2123 3140 urbe
2166 3075 2563 3162 triumphari,

513 3169 650 3234 sine
701 3188 834 3251 qua
881 3188 1235 3249 numquam
1284 3167 1482 3232 nostri
1533 3167 1947 3253 imperatores
1997 3192 2081 3234 ex
2122 3169 2561 3256 Transalpinis

511 3261 698 3326 bellis
757 3259 1249 3369 triumpharunt:
1339 3260 1542 3325 multa
1599 3272 1933 3346 praeterea
2000 3284 2562 3329 commemorarem

511 3353 758 3420 nefaria
799 3353 868 3418 in
910 3353 1150 3430 socios,
1193 3353 1248 3418 si
1290 3353 1414 3418 hoc
1457 3375 1587 3418 uno
1630 3355 1981 3465 quicquam
2020 3357 2117 3420 sol
2158 3356 2422 3421 vidisset
2464 3357 2563 3419 in-

511 3447 790 3533 digmus.
875 3447 1014 3513 iure
1047 3447 1244 3532 igitur
1277 3447 1635 3532 plectimur.
1722 3447 1849 3512 nisi
1880 3448 2055 3514 enim
2084 3449 2483 3514 multorum
2464 3472 2562 3514 m-

510 3542 736 3627 punita
771 3541 1010 3606 scelera
1043 3541 1426 3619 tulissemus,
1461 3562 1815 3626 numquam
1850 3541 1933 3607 ad
1970 3564 2171 3608 unum
2206 3553 2385 3608 tanta
2418 3564 2562 3627 per-

511 3635 788 3702 venisset
829 3634 1116 3700 licentiat
1155 3659 1196 3700 a
1230 3656 1358 3718 quo
1391 3634 1655 3719 quidem
1688 3635 1783 3702 rei
1814 3634 2145 3702 familiaris
2180 3636 2264 3701 ad
2298 3656 2558 3722 paucos,

511 3727 936 3811 cupiditatum
985 3727 1069 3794 ad
1120 3729 1352 3794 multos
1401 3729 1706 3814 inprobos
1773 3729 1945 3795 venit
1997 3729 2335 3796 hereditas.
2440 3750 2561 3797 nec

517 3841 662 3882 vero
707 3842 1015 3904 umquam
1033 3872 1038 3878 .
1056 3822 1372 3888 bellorum
1414 3822 1697 3888 civilium
1740 3845 1959 3890 semen
2004 3833 2067 3888 et
2110 3845 2305 3888 causa
2339 3822 2559 3897 deerit,

511 3912 668 3978 dum
711 3913 997 3980 homines
1031 3916 1262 4000 perditi
1295 3915 1545 3980 hastam
1577 3915 1754 3980 illam
1790 3927 2120 3982 cruentam
2154 3927 2218 3982 et
2251 3914 2557 3980 memine-

511 4004 638 4072 rint
673 4015 738 4072 οι
771 4009 1136 4092 sperabunt,
1173 4031 1368 4094 quam
1400 4009 1478 4076 P.
1501 4007 1685 4078 Sulla
1721 4031 1869 4081 cum
1903 4010 2213 4076 vibrasset
2248 4008 2553 4076 dictatore

2603 1785 2652 1825 2²1

2600 2917 2651 2957 28
