3292 4559
586 990 638 1026 54

578 1806 646 1858 52ss

586 1878 638 1918 55.-

586 3522 638 3562 ΞΕ

686 262 815 326 14Ξ
1209 318 1213 327 .
1299 269 1377 324 Μ.
1414 266 1687 324 TULLII
1720 221 2122 325 CICERONIS
2220 322 2227 323 ff

682 410 851 474 eura,
919 406 979 461 et
1035 392 1430 458 convaluisse
1481 390 1853 458 Eudemum
1906 402 1971 457 et
2032 391 2114 456 ab
2168 390 2391 457 uxoris
2435 392 2755 461 fratribus

682 490 1088 554 interfectum
1127 502 1498 574 tyrannum3
1537 486 1759 570 quinto
1794 497 2011 552 autem
2047 508 2213 552 anno
2251 498 2555 563 exeunte,
2592 511 2753 554 cum

682 598 847 650 esset
899 606 1043 670 spes
1103 610 1183 650 ex
1232 583 1345 648 illo
1392 583 1671 659 somni0,
1722 581 1791 646 in
1829 577 2119 667 Cyprum
2161 581 2345 646 illum
2390 605 2471 647 ex
2518 581 2752 649 Sicilia

682 702 819 745 esse
859 682 1231 756 rediturum,
1267 677 1689 764 proeliantem
1724 698 1873 742 eum
1906 675 1990 741 ad
2017 674 2374 761 Syracusas
2392 676 2750 744 occidisse.

682 798 763 838 ex
807 794 935 857 quo
983 774 1071 838 ita
1115 772 1274 838 illud
1317 771 1634 837 somnium
1681 792 1822 836 esse
1874 770 2391 855 interpretatum,
2434 782 2537 849 ut,
2592 793 2748 837 cum

682 868 931 930 animus
967 866 1245 932 Eudemi
1283 890 1319 933 e
1357 887 1618 952 corpore
1656 863 2018 940 excesserit,
2054 875 2194 927 tum
2228 863 2494 930 domum
2527 888 2747 931 rever-

686 962 832 1026 tisse
875 962 1183 1026 videatur.
1257 960 1684 1046 adiungamus
1719 956 2117 1044 philosophis
2152 958 2592 1024 doctissimum
2624 960 2746 1026 ho-

682 1058 955 1130 minem,
991 1066 1248 1142 potitam
1281 1055 1542 1140 quidem
1578 1053 1899 1130 divinum,
1938 1051 2358 1139 Sophoclem:
2413 1054 2553 1138 qui,
2591 1077 2745 1121 cum

686 1174 763 1214 ez
803 1152 959 1214 aede
999 1151 1297 1217 Herculis
1342 1160 1565 1235 patera
1596 1170 1797 1214 aurea
1839 1147 2057 1234 gravis
2093 1147 2399 1234 subrepta
2434 1161 2630 1226 esset,
2671 1151 2745 1216 in

686 1248 923 1310 somnis
963 1246 1115 1310 vidit
1151 1246 1362 1330 ipsum
1397 1244 1592 1309 deum
1617 1243 1933 1308 dicentem
1970 1241 2082 1327 qui
2114 1241 2183 1306 id
2216 1242 2491 1336 fecisset.
2564 1245 2746 1328 quod

686 1342 881 1406 semel
919 1342 1023 1406 ille
1059 1342 1417 1424 itt-{rumque
1444 1338 1760 1426 neglexit3
1796 1339 1911 1402 ubi
1943 1337 2117 1402 idem
2144 1337 2421 1424 saepius,
2456 1338 2747 1404 ascendit

682 1434 751 1497 311
807 1434 1233 1518 Arispai-gum,
1289 1432 1517 1499 detulit
1567 1455 1725 1498 rem.
1831 1431 2255 1518 Ariopagitae
2307 1433 2743 1520 conprehendi

682 1526 903 1590 iubent
931 1550 1095 1602 eum,
1135 1527 1246 1610 qui
1271 1549 1311 1590 a
1339 1525 1660 1613 Sophocle
1688 1537 1825 1592 erat
1850 1526 2241 1591 nominatus:
2276 1526 2331 1591 is
2368 1528 2743 1611 quaestione

682 1622 967 1686 adhibita
1003 1622 1333 1686 confessus
1370 1632 1467 1687 est
1498 1631 1917 1707 pateramque
1951 1619 2195 1685 rettulit
2206 1643 2224 1697 3
2270 1641 2400 1704 quo
2433 1620 2605 1686 facto
2641 1621 2742 1687 fa-

682 1738 838 1778 num
875 1714 1031 1778 illud
1075 1714 1304 1780 [udicis
1339 1715 1642 1782 Herculis
1678 1715 2081 1779 nominatum
2115 1725 2231 1780 est.

815 1806 947 1873 Sed
987 1810 1139 1890 quid
1175 1831 1295 1895 ego
1317 1807 1772 1877 Graecorum?
1825 1809 2040 1883 nescio
2076 1830 2203 1892 quo
2238 1810 2429 1873 modo
2463 1832 2568 1876 me
2602 1832 2741 1875 ma·

682 1906 783 1986 gis
819 1915 1035 1966 nostra
1071 1906 1408 1970 delectant.
1498 1926 1722 1970 omnes
1756 1904 1879 1969 hoc
1913 1902 2230 1981 historici,
2264 1903 2482 1980 Fabii,
2522 1902 2738 1982 Gellii,

682 1998 795 2062 sed
835 2022 1145 2082 proximus
1187 1995 1478 2064 Caelius:
1525 2021 1676 2064 cum
1721 1997 1888 2065 bello
1925 1996 2164 2063 Latino
2197 1998 2335 2063 ludi
2371 1998 2565 2063 votivi
2601 2003 2738 2063 ma-

682 2094 859 2154 xumi
907 2094 1187 2178 primum
1230 2093 1484 2170 fierent,
1532 2094 1755 2158 civitas
1802 2092 1883 2156 ad
1920 2115 2098 2157 arma
2131 2103 2392 2178 repente
2428 2103 2523 2158 est
2568 2094 2737 2159 exci-

686 2202 843 2262 tata3
895 2190 1107 2270 itaque
1143 2187 1312 2252 ludis
1347 2187 1723 2253 intermissis
1758 2186 2162 2250 instaurativi
2198 2187 2542 2252 constituti
2559 2198 2733 2252 sunt:

682 2282 795 2362 qui
831 2298 975 2342 ante
1023 2302 1215 2362 quam
1260 2280 1486 2345 fierent
1522 2300 1795 2362 cumque
1840 2277 1970 2341 iam
2015 2279 2289 2364 populus
2327 2281 2734 2360 consedisset,

682 2398 903 2438 servus
943 2398 1055 2458 per
1091 2374 1348 2450 circum,
1388 2395 1535 2439 cum
1569 2372 1768 2456 virgis
1810 2371 2204 2449 caederetur,
2240 2371 2489 2438 furcam
2523 2376 2733 2442 ferens

682 2466 907 2530 ductus
971 2486 1083 2530 est.
1203 2466 1370 2530 exim
1433 2465 1689 2530 cuidam
1748 2465 1987 2529 rustico
2041 2466 2334 2530 Romano
2398 2469 2736 2537 dormienti

682 2562 855 2624 visus
895 2574 987 2622 est
1027 2562 1239 2626 venire
1276 2558 1386 2645 qui
1423 2559 1662 2624 diceret
1695 2559 2059 2643 praesulem
2094 2559 2218 2624 sibi
2251 2583 2381 2625 non
2416 2564 2734 2646 placuisse

678 2654 847 2718 ludis
883 2654 1075 2737 idque
1115 2654 1195 2718 ab
1230 2653 1455 2719 eodem
1489 2653 1737 2717 iussum
1772 2674 1911 2717 esse
1948 2675 2096 2718 eum
2124 2654 2374 2719 senatui
2408 2656 2736 2724 nuntiaret

678 2750 859 2814 illum
899 2774 1023 2814 non
1063 2770 1195 2814 ess-e
1232 2770 1480 2812 ausum.
1568 2746 1801 2812 iterum
1838 2769 1978 2812 esse
2013 2747 2185 2813 idem
2218 2747 2466 2813 iussum
2498 2759 2565 2814 et
2596 2771 2738 2816 mo-

682 2846 887 2906 nitum
923 2866 1003 2906 ns
1043 2844 1171 2906 vim
1206 2864 1388 2906 suam
1424 2841 1701 2928 experiri
1733 2840 1953 2907 vellet:
2002 2864 2086 2907 ne
2122 2852 2261 2907 tum
2296 2840 2557 2926 quidem
2593 2865 2733 2910 esse

682 2962 927 3002 ausum.
983 2938 1155 3001 ¹ffi-:im
1187 2936 1391 3001 filium
1426 2937 1563 3003 eius
1599 2958 1740 3002 esse
1776 2947 2118 3014 mortuum,
2156 2936 2427 3002 eandem
2462 2936 2530 3002 in
2568 2960 2735 3005 som-

678 3030 779 3094 nis
819 3030 1316 3096 admmfitionem
1361 3030 1561 3096 fuisse
1597 3031 1879 3113 tertiam:
1929 3035 2067 3097 tum
2111 3031 2293 3096 illum
2329 3032 2522 3098 etiam
2558 3033 2734 3099 debi-

678 3126 803 3190 lem
843 3126 1079 3186 fastum
1111 3145 1247 3190 rem·
1273 3124 1357 3190 ad
1383 3126 1620 3191 amicos
1641 3125 1964 3204 detulisse,
2001 3148 2277 3211 quorum
2312 3128 2393 3193 de
2421 3128 2733 3195 sententia

678 3220 971 3285 lecticula
1015 3222 1081 3282 in
1127 3220 1371 3286 curiam
1414 3242 1554 3286 esse
1599 3219 1912 3298 delatum,
1967 3242 2243 3305 cumque
2278 3223 2531 3288 senatui
2565 3246 2733 3290 som-

680 3314 859 3382 nium
895 3314 1335 3390 enarravisset,
1371 3313 1643 3400 pedibus
1672 3315 1803 3380 suis
1830 3316 2082 3380 salvum
2116 3316 2481 3395 revertisse3
2518 3318 2734 3403 itaque

682 3414 927 3474 somnis
959 3410 1347 3498 conprobato
1376 3433 1415 3474 a
1440 3420 1669 3476 senatu
1701 3409 1888 3474 ludos
1917 3410 2057 3475 illos
2084 3410 2315 3476 iterum
2349 3405 2733 3479 instauratos

682 3506 1023 3570 memoriae
1051 3506 1372 3590 proditum
1389 3515 1500 3570 est.
1551 3501 1760 3572 Gaius
1778 3526 1933 3571 vero
1955 3503 2291 3571 Gracchus
2316 3507 2531 3570 multis
2554 3506 2733 3584 dixit,

682 3614 755 3662 ui:
799 3602 1105 3686 seriptum
1151 3600 1322 3686 apud
1359 3598 1633 3664 eundem
1681 3596 1977 3665 Caelium
2033 3612 2157 3678 est,
2212 3600 2335 3665 sibi
2380 3601 2449 3664 in
2496 3601 2733 3666 somnis

682 3714 1088 3774 quaesturam
1127 3706 1337 3778 petere
1371 3693 1680 3758 dubitanti
1698 3693 2032 3761 Tiberium
2067 3694 2329 3761 fratrem
2358 3696 2568 3760 visum
2594 3717 2733 3762 esse

686 3790 923 3862 dicere,
979 3810 1167 3870 quam
1204 3785 1398 3851 vellet
1433 3797 1865 3864 cunctaretur,
1912 3799 2128 3854 tamen
2163 3789 2390 3856 eodem
2426 3789 2547 3854 sibi
2582 3790 2731 3866 leto,

682 3902 811 3962 quo
859 3882 995 3962 ipss
1039 3879 1384 3958 interisset,
1439 3903 1580 3947 esse
1626 3881 2044 3968 pereundum.
2143 3881 2294 3960 hoc,
2347 3892 2495 3948 ante
2538 3904 2733 3966 quam

682 3974 975 4034 tribunus
1031 3974 1203 4054 plebi
1247 3971 1326 4039 C.
1363 3972 1702 4041 Gracchus
1754 3975 1964 4040 factus
2008 3986 2194 4051 esset,
2248 3986 2313 4041 et
2365 3999 2433 4041 se
2478 3976 2732 4042 audisse

684 4066 899 4126 scribit
943 4062 1299 4135 Caelius'et
1332 4071 1507 4135 illum
1542 4069 1779 4134 dixisse
1813 4068 2048 4136 multis.
2129 4091 2257 4154 quo
2294 4071 2538 4134 somnio
2574 4070 2737 4155 quid
