3292 4559
1264 311 1471 368 CATO
1506 311 1756 367 MAIOR
1791 314 1843 367 1.
2449 299 2578 366 235

1046 859 1143 924 M.
1183 857 1512 922 TULLII
1548 855 2052 924 CICERONIS

1207 966 1490 1033 CATO
1544 965 1896 1033 MAIOR

1163 1086 1285 1140 DE
1342 1085 1934 1142 SENEOTUTE

755 1267 764 1275 .
846 1207 979 1272 AD
1035 1209 1112 1273 Τ.
1167 1206 1754 1274 POMPONIUM
1805 1205 2258 1276 ATTICUM.

1216 1460 1881 1518 ARGUMENTUM.

628 1567 740 1622 Hic
754 1566 916 1635 liber,
956 1581 1121 1636 quem
1138 1565 1336 1620 Cicero
1354 1569 1485 1634 post
1504 1563 1762 1620 Caesaris
1781 1566 2032 1635 caedem,
2067 1565 2238 1635 paulo
2259 1573 2388 1622 ante
2404 1567 2578 1624 libros

524 1645 597 1701 de
616 1643 983 1712 divinatione,
1025 1660 1074 1697 a.
1094 1659 1151 1695 u.
1172 1643 1291 1696 710.
1317 1643 1568 1712 scripsit,
1609 1643 1814 1698 aetatis
1839 1659 1989 1698 anno
2017 1643 2366 1714 sexagesimo
2392 1645 2576 1715 tertio,

523 1727 581 1776 et
599 1722 672 1774 ad
689 1720 939 1774 Atticum
956 1719 1108 1772 misit
1124 1719 1301 1772 tribus
1322 1719 1482 1772 annis
1499 1719 1769 1773 maiorem
1787 1718 1883 1788 (cf.
1904 1717 2020 1772 Cic.
2043 1718 2112 1773 de
2135 1718 2363 1772 divinat.
2375 1718 2450 1772 H.
2465 1723 2512 1786 ξ.
2525 1720 2576 1774 3.

522 1797 599 1852 ad
616 1797 735 1849 Att.
754 1796 915 1863 XIV,
934 1797 1020 1863 21,
1042 1797 1092 1850 3.
1111 1795 1223 1850 XV
1223 1795 1269 1862 Ι,
1292 1796 1345 1863 3,
1366 1797 1415 1847 1.
1446 1797 1533 1862 11,
1553 1795 1647 1866 3.)‚
1688 1794 1975 1866 dialogum
2002 1795 2277 1864 continet,
2315 1796 2410 1865 qui
2439 1813 2474 1850 a
2498 1796 2577 1851 M.

522 1873 739 1929 Catone
760 1871 1027 1926 Censorio
1048 1888 1098 1924 a.
1118 1887 1172 1923 u.
1192 1871 1311 1924 604.
1331 1869 1560 1924 habitus
1576 1869 1812 1941 fingitur
1830 1887 1956 1924 cum
1970 1871 2033 1926 O.
2055 1870 2254 1925 Laelio
2275 1877 2333 1926 et
2348 1873 2576 1928 P.Afri·

522 1965 666 2005 cano
700 1947 1016 2002 Aemiliano
1028 1987 1043 2014 ,
1092 1963 1325 2018 quorum
1358 1951 1550 2000 tamen
1592 1951 1786 2016 partes
1823 1947 2121 2001 admodum
2155 1952 2286 2002 sunt
2320 1948 2575 2020 exiguae.

490 2049 510 2063 =
521 2026 797 2082 Versatur
814 2028 1000 2079 autem
1020 2022 1252 2079 Catonis
1270 2039 1451 2076 sermo
1469 2023 1528 2076 in
1544 2023 1850 2078 senectutis
1869 2028 1928 2078 et
1951 2024 2214 2078 laudibus
2231 2026 2578 2096 explicandis

522 2109 585 2158 et
599 2101 937 2172 repellendis
955 2099 1450 2154 criminationibus.
1525 2099 1805 2165 Quattuor
1822 2105 2008 2156 autem
2027 2102 2098 2155 de
2117 2100 2300 2156 causis
2319 2107 2577 2158 senectus

521 2184 754 2250 putatur
769 2179 990 2246 misera,
1030 2194 1171 2248 quas
1192 2177 1444 2250 singulas
1468 2177 1762 2250 redarguit
1779 2177 1939 2246 Cato,
1976 2183 2041 2232 ut
2058 2194 2204 2247 quae
2233 2183 2576 2236 senectutem

522 2257 613 2312 vel
630 2273 744 2312 non
763 2256 1053 2328 attingant
1070 2255 1162 2310 vel
1180 2271 1294 2308 non
1311 2255 1551 2310 reddant
1568 2255 1847 2310 miseram.
1917 2254 2108 2310 Prima
2127 2259 2229 2324 est,
2267 2255 2418 2326 quod
2446 2272 2576 2311 >avo-

522 2340 613 2390 cet
632 2351 667 2389 a
682 2334 851 2390 rebus
878 2333 1137 2406 gerendis
1166 2334 1316 2406 (cap.
1336 2333 1549 2404 6—8.),
1588 2333 1785 2402 altera,
1826 2333 1977 2403 quod
2006 2349 2208 2404 corpus
2224 2332 2401 2388 faciat
2425 2332 2578 2388 infir-

519 2412 665 2467 mius
683 2413 831 2484 (cap.
860 2412 1110 2483 9—11.)‚
1144 2411 1341 2480 tertia,
1380 2411 1531 2481 quod
1554 2411 1739 2481 privet
1765 2409 2022 2466 omnibus
2047 2410 2168 2466 fere
2195 2410 2578 2482 voluptatibus

522 2491 670 2564 (cap.
692 2491 957 2564 12-18.)‚
996 2493 1213 2561 quarta,
1250 2489 1401 2559 quod
1418 2488 1571 2544 haud
1586 2489 1786 2560 procul
1804 2486 1954 2544 absit
1973 2505 2008 2543 a
2023 2493 2202 2544 morte
2221 2489 2292 2560 (c.
2311 2489 2577 2562 19—23.).

737 2772 802 2839 O
839 2773 1007 2851 Tite,
1043 2775 1099 2839 si
1133 2774 1288 2858 quid
1322 2785 1385 2839 te
1421 2775 1685 2840 adiuero
1721 2797 2022 2842 curamve
2055 2774 2326 2851 levasso,

736 2887 901 2950 quae
936 2888 1107 2932 nunc
1142 2877 1205 2932 te
1234 2869 1450 2950 coquit
1476 2878 1542 2934 et
1576 2879 1787 2934 versat
1822 2869 1890 2933 in
1923 2879 2179 2955 pectore
2211 2868 2361 2945 fixa,

736 2959 966 3041 ecquid
1000 2960 1120 3024 erit
1152 2961 1434 3045 praemi?

518 3098 670 3164 licet
706 3095 877 3161 enim
911 3093 1069 3158 mihi
1103 3095 1395 3161 versibus
1432 3095 1674 3162 eisdem
1703 3096 1908 3162 adfari
1943 3108 2027 3176 te,
2062 3099 2303 3178 Attice,
2341 3100 2576 3186 quibus

521 3192 778 3259 adfatur
809 3188 1245 3254 Flamininum

735 3320 842 3385 ille
877 3318 977 3382 vir
1010 3316 1185 3382 haud
1218 3339 1457 3403 magna
1490 3341 1638 3384 cum
1674 3342 1765 3397 re,
1801 3319 1915 3386 sed
1949 3321 2177 3406 plenus
2211 3321 2410 3386 fideie.

523 3477 915 3544 quamquam
949 3464 1121 3522 certo
1157 3455 1289 3520 scio
1324 3476 1473 3533 non,
1508 3466 1581 3520 ut
1616 3454 2074 3534 Flamininum,

736 3586 1062 3652 sollicitari
1098 3597 1193 3665 te,
1229 3585 1407 3664 Tite,
1444 3586 1537 3651 sic
1572 3584 1904 3669 noctisque
1941 3583 2234 3669 diesque3

520 3725 672 3790 novi
707 3725 877 3790 enim
922 3724 1424 3791 moderationem
1472 3723 1670 3788 animi
1712 3721 1808 3788 tui
1838 3732 1907 3788 et
1951 3721 2337 3808 aequitatem
2383 3731 2572 3805 teque

520 3842 651 3884 non
684 3841 1043 3905 cognomen
1076 3821 1283 3884 solum
1314 3817 1592 3884 Athenis
1628 3817 2030 3903 deportasse,
2067 3816 2182 3883 sed
2215 3815 2575 3882 humanita-

521 3922 655 3976 tem
689 3924 753 3977 et
792 3913 1199 3998 prudentiam
1241 3913 1564 4000 intellego.
1653 3922 1718 3979 et
1763 3921 1979 3977 tamen
2022 3921 2086 3978 te
2133 3910 2421 3997 suspicor
2453 3911 2576 3976 eis-

523 4004 671 4069 dem
714 4006 907 4071 rebus
950 4008 1183 4091 quibus
1229 4031 1335 4075 me
1375 4009 1587 4094 ipsum
1621 4007 1943 4074 interdum
1987 4007 2248 4093 gravius
2293 4027 2574 4072 commo-

522 4098 689 4177 veri,
735 4120 1022 4184 quarum,
1042 4102 1389 4169 consolatio
1424 4113 1489 4170 et
1531 4102 1737 4168 maior
1771 4113 1868 4169 est
1903 4113 1970 4168 et
2000 4101 2068 4169 in
2103 4102 2279 4169 aliud
2313 4113 2574 4188 tempus
