3292 4559
717 276 803 342 70
1342 287 1420 344 Μ.
1456 287 1732 344 TULLII
1768 284 2168 342 CICERONIS

718 413 1159 480 confusionem
1201 423 1564 498 temporum
1606 411 1675 478 in
1719 410 2119 496 possessione
2165 432 2284 475 sua
2316 408 2638 497 principes
2673 435 2770 478 re-

715 509 1060 584 tinuerunt,
1096 529 1300 583 nunc,
1335 518 1411 572 ut
1444 506 1720 572 honores
1734 551 1753 582 ,
1789 514 1862 570 ut
1895 526 2114 570 omnes
2151 503 2476 588 dignitatis
2509 506 2772 592 gradus,

716 603 811 668 sic
862 602 1052 667 huius
1108 600 1413 667 scientiae
1467 600 1769 685 splendor
1821 598 2071 665 deletus
2123 610 2249 676 est,
2301 599 2496 684 idque
2551 622 2628 665 eo
2677 600 2775 666 in—

718 696 996 783 dignius,
1033 696 1209 780 quod
1243 717 1321 761 eo
1358 706 1645 780 tempore
1681 692 1806 760 hoc
1841 693 2129 779 contigit,
2165 714 2314 758 cum
2346 693 2403 759 is
2437 705 2629 771 esset,
2664 695 2773 778 qui

718 790 924 854 omnis
962 790 1341 876 superiores,
1378 789 1612 874 quibus
1647 789 1890 853 honore
1924 810 2044 874 par
2069 798 2258 865 esset,
2294 788 2562 853 scientia
2586 788 2778 854 facile

716 883 996 948 vicisset.
1085 883 1245 949 haec
1288 883 1485 970 igitur
1520 905 1717 969 opera
1750 893 1938 970 grata
1971 882 2190 948 multis
2227 892 2294 948 et
2326 881 2412 948 ad
2446 881 2777 948 beneficiis

630 1000 685 1042 ss
716 978 1203 1064 obstringendos
1264 978 1554 1043 homines
1616 976 2116 1044 accommodata.
2205 988 2398 1061 atque
2436 977 2603 1042 'huic
2657 978 2778 1043 arti

580 1068 586 1073 ’
715 1073 1011 1138 finituma
1044 1083 1142 1138 est
1177 1072 1430 1137 dicendi
1470 1068 1786 1158 [gravior]
1823 1071 2096 1137 facultas
2132 1081 2197 1135 et
2228 1070 2471 1156 gratior
2497 1081 2566 1137 et
2590 1093 2779 1137 orna·

716 1168 869 1244 tior3
915 1167 1074 1253 quid
1116 1168 1288 1233 enim
1334 1167 1701 1251 eloquentia
1732 1165 2181 1252 praestabilius
2216 1167 2322 1232 vel
2355 1165 2778 1232 admiratione

717 1261 1115 1326 audientium
1156 1261 1260 1326 vel
1306 1283 1420 1346 spe
1464 1259 1892 1347 indigentium
1934 1260 2040 1327 vel
2084 1281 2334 1338 eorum,
2379 1260 2493 1346 qui
2526 1260 2779 1326 defensi

716 1364 898 1431 sunt,
942 1353 1186 1439 gratia?
1272 1354 1424 1418 huic
1468 1375 1727 1438 quoque
1763 1377 1918 1441 ergo
1953 1377 1994 1420 a
2026 1354 2377 1419 maioribus
2410 1354 2645 1420 nostris
2681 1365 2784 1420 est
2974 1375 2982 1446 ζ

714 1446 784 1511 in
835 1457 989 1533 toga
1041 1447 1370 1534 dignitatis
1422 1447 1818 1534 principatus
1863 1447 2071 1514 datus.
2160 1448 2381 1514 diserti
2421 1449 2622 1535 igitur
2663 1446 2782 1514 ho-
2973 1458 2983 1568 ξ

715 1539 905 1605 minis
949 1553 1015 1606 et
1060 1541 1247 1607 facile
1281 1543 1630 1608 laborantis
1667 1543 1970 1627 quodque
2003 1543 2071 1607 in
2104 1542 2326 1628 patriis
2360 1554 2458 1609 est
2490 1543 2782 1610 moribus
2975 1571 2983 1642 g

716 1635 1063 1700 multorum
1108 1658 1334 1702 causas
1381 1647 1444 1702 et
1488 1658 1618 1701 non
1653 1647 1920 1722 gravate
1956 1647 2022 1702 et
2053 1635 2336 1722 gratuito
2370 1636 2779 1703 defendentis

632 1753 683 1795 οῖ
718 1727 1030 1794 beneficia
1074 1739 1139 1795 et
1188 1730 1544 1815 patrocinia
1595 1731 1722 1796 late
1766 1741 2006 1815 patent.
2095 1730 2481 1797 admonebat
2523 1754 2632 1797 me
2674 1753 2778 1797 res

717 1831 791 1886 ut
840 1821 965 1889 hoc
1010 1844 1266 1909 quoque
1306 1824 1449 1891 loco
1494 1824 2026 1891 intermissionem
2071 1825 2470 1910 eloquentiae
2483 1872 2501 1902 ,
2552 1848 2638 1890 ne
2683 1826 2781 1890 di·

716 1937 858 1981 cam
909 1917 1266 1995 interitum,
1319 1918 1749 2005 deplorarem,
1801 1918 1872 1983 ni
1922 1939 2176 1984 vererer
2226 1941 2310 1985 ne
2361 1919 2441 1984 de
2485 1941 2591 1985 me
2635 1919 2781 2005 ipso

716 2011 961 2095 aliquid
1002 2011 1255 2079 viderer
1299 2015 1511 2097 queri:
1600 2013 1718 2080 sed
1764 2024 1980 2079 tamen
2023 2013 2347 2091 videmus,
2392 2012 2630 2096 quibus
2666 2036 2779 2079 ex-

716 2105 962 2171 stinctis
1006 2107 1365 2172 oratoribus
1410 2130 1605 2193 quam
1648 2108 1719 2173 in
1753 2107 1977 2194 paucis
2013 2129 2188 2193 spes,
2235 2118 2479 2191 quanto
2510 2106 2582 2172 in
2616 2130 2779 2194 pau—

716 2197 995 2264 cioribus
1060 2199 1363 2278 facultas,
1427 2223 1627 2286 quam
1686 2201 1756 2267 in
1815 2201 2033 2267 multis
2095 2202 2179 2267 sit
2229 2200 2520 2266 audacia.
2627 2224 2777 2268 cum

714 2304 932 2358 autem
986 2316 1207 2358 omnes
1258 2315 1389 2358 non
1430 2295 1708 2380 possint,
1759 2318 1844 2361 ne
1887 2294 2073 2361 multi
2118 2294 2377 2379 quidem
2390 2342 2410 2372 ,
2462 2305 2578 2360 aut
2619 2295 2777 2363 iuris

713 2386 899 2471 periti
934 2409 1075 2451 esse
1112 2397 1223 2451 aut
1257 2387 1495 2465 diserti,
1532 2390 1682 2454 licet
1715 2401 1931 2456 tamen
1964 2411 2160 2477 opera
2192 2389 2497 2475 prodesse
2531 2389 2779 2469 multis,

714 2478 1026 2543 beneficia
1058 2491 1414 2566 petentem,
1453 2484 2010 2554 commendantem
2042 2482 2392 2561 iudicibus,
2435 2484 2778 2570 magistra-

712 2571 907 2649 tibus,
945 2571 1317 2659 vigilantem
1351 2598 1469 2662 pro
1502 2599 1572 2643 re
1609 2577 1900 2655 alterius,
1936 2600 2047 2646 eos
2081 2578 2285 2664 ipsos,
2326 2577 2442 2662 qui
2475 2589 2592 2644 aut
2623 2599 2779 2644 con·

716 2665 1011 2730 suluntur
1070 2679 1182 2734 aut
1242 2669 1626 2749 defendunt,
1688 2683 2055 2759 rogantem:
2121 2672 2296 2756 quod
2356 2672 2470 2756 qui
2514 2673 2780 2755 *faciunt

712 2758 1062 2845 plurimum
1104 2763 1351 2848 gratiae
1398 2777 1878 2850 consequuntur
1909 2766 2344 2851 latissimeque
2379 2790 2605 2833 eorum
2640 2791 2780 2833 ma—

628 2882 681 2923 33
714 2863 826 2916 nat
876 2854 1208 2920 industria.
1312 2857 1443 2924 iam
1494 2859 1657 2924 illud
1709 2882 1839 2926 non
1893 2871 2044 2926 sunt
2098 2858 2485 2927 admonendi
2537 2899 2631 2909 —
2679 2872 2781 2928 est
2975 2795 2977 2938 l

710 2946 884 3011 enim
928 2949 997 3012 in
1031 2962 1333 3038 promptu
1366 2989 1483 3031 —-,
1526 2965 1597 3018 ut
1633 2954 1918 3020 animum
1954 2954 2320 3033 advertant,
2368 2977 2518 3021 cum
2552 2956 2779 3023 iuvare

712 3039 869 3103 alios
920 3043 1148 3120 velint,
1210 3067 1293 3110 ne
1344 3067 1509 3130 quos
1565 3048 1916 3114 offendant.
2026 3071 2221 3135 saepe
2274 3049 2445 3116 enim
2498 3061 2614 3115 aut
2667 3072 2778 3116 eos
2973 3073 2975 3167 4

710 3130 994 3238 laedunt,
1032 3156 1196 3218 quos
1230 3159 1361 3202 non
1398 3139 1655 3218 debent,
1691 3152 1802 3208 aut
1838 3164 1968 3220 eos,
2014 3164 2179 3227 quos
2213 3165 2344 3208 non
2379 3143 2675 3228 expedit:
2722 3144 2778 3208 si

708 3225 1154 3310 mprudentes,
1216 3233 1665 3321 neglegentiae
1726 3246 1852 3313 est,
1905 3236 1959 3301 si
2011 3237 2315 3315 scientes,
2378 3237 2778 3303 temeritatis.

709 3320 1021 3387 utendum
1074 3323 1266 3392 etiam
1322 3339 1421 3392 est
1468 3330 1877 3396 excusatione
1919 3329 2228 3397 adversus
2275 3353 2414 3409 eos,
2466 3352 2634 3415 quos
2678 3331 2780 3397 in-

708 3416 879 3482 vitus
913 3417 1232 3502 offendas,
1268 3443 1676 3509 quacumque
1710 3425 1944 3510 possis,
1979 3446 2112 3509 qua
2143 3448 2214 3492 re
2248 3426 2347 3504 id,
2389 3427 2570 3509 quod
2600 3426 2778 3491 fece·

706 3509 823 3585 ris,
870 3535 1132 3581 necesse
1175 3516 1369 3583 fuerit
1412 3539 1535 3583 nec
1577 3519 1762 3584 aliter
1804 3517 2017 3585 facere
2051 3520 2369 3604 potueris,
2415 3520 2774 3602 ceterisque
2969 3482 2971 3625 ⁴

707 3605 918 3688 operis
965 3619 1029 3672 et
1070 3608 1298 3676 officiis
1344 3612 1465 3677 erit
1506 3610 1606 3690 id,
1653 3613 1828 3696 quod
1871 3613 2180 3679 violatum
2225 3613 2575 3701 videbitur,
2616 3633 2778 3678 con-

707 3701 1126 3782 pensandum.
2968 3774 2969 3778 ,

604 3797 675 3851 20
838 3790 973 3860 Sed
1018 3817 1168 3861 cum
1208 3798 1276 3862 in
1320 3798 1687 3866 hominibus
1731 3800 2028 3867 iuvandis
2072 3812 2186 3868 aut
2235 3824 2448 3869 mores
2493 3801 2782 3888 spectari
2967 3782 2969 3855 l

615 3868 666 3908 ⁶⁹
708 3896 821 3948 aut
853 3886 1109 3955 fortuna
1143 3893 1364 3971 soleat,
1400 3893 1575 3960 dictu
1610 3894 1869 3979 quidem
1898 3906 1994 3963 est
2021 3897 2304 3983 proclive
2328 3898 2550 3980 itaque
2579 3897 2783 3983 volgo

704 3976 1081 4059 loquuntur,
1127 4006 1196 4049 se
1237 3985 1306 4049 in
1353 3988 1678 4053 beneficiis
1727 3989 2135 4056 conlocandis
2169 4014 2379 4058 mores
2414 3990 2782 4068 hominum,
2966 4008 2967 4085 χ

708 4089 838 4132 non
888 4071 1212 4141 fortunam
1266 4080 1477 4164 sequi:
1531 4081 1802 4149 honesta
1854 4084 2054 4150 oratio
2108 4098 2233 4163 est;
2306 4085 2419 4151 sed
2472 4085 2624 4170 quis
2677 4095 2781 4150 est

2960 4232 2966 4321 1
