3292 4559
660 351 666 362 Δ
714 265 843 334 252
1333 276 1412 332 Μ.
1448 275 1722 332 TULLII
1755 271 2156 331 CICERONIS

614 803 671 844 53

606 2029 663 2070 54

710 403 873 469 fulta
908 412 1023 482 est,
1058 401 1262 468 fertur
1290 400 1374 466 ad
1407 411 1663 477 terram,
1700 399 1945 477 eadem,
1979 409 2054 464 ut
2079 420 2150 464 se
2179 397 2404 486 erigat,
2441 399 2769 470 claviculis

712 497 843 564 suis
878 495 1063 580 quasi
1087 495 1382 560 manibus
1412 494 1719 578 quicquid
1746 505 1845 559 est
1869 503 2060 558 nacta
2087 494 2536 578 conplectitur3
2573 519 2770 582 quam

712 601 1071 677 serpentem
1134 587 1467 674 multiplici
1519 587 1706 673 lapsu
1758 599 1824 652 et
1884 586 2151 654 erratico
2204 588 2376 654 ferro
2431 603 2767 676 amputans

714 691 962 752 coe'rcet
996 707 1098 750 ars
1134 683 1581 770 agricolarum,
1616 705 1702 748 ne
1735 682 2034 748 silvescat
2067 684 2400 749 sarmentis
2435 696 2501 750 et
2533 685 2602 750 in
2631 709 2770 751 om-

712 780 811 846 nis
863 780 1060 867 partis
1112 777 1311 843 nimia
1360 777 1688 842 fundatur.
1783 776 2000 860 itaque
2043 777 2306 842 ineunte
2349 800 2498 844 vere
2549 779 2617 843 in
2662 779 2762 858 iis,

712 897 879 961 quae
911 873 1132 940 relicta
1166 883 1343 950 sunt,
1381 871 1627 937 exsistit
1660 881 1988 954 tamquam
2025 871 2110 936 ad
2145 873 2445 938 articulos
2480 895 2763 938 sarmen-

712 981 923 1035 torum
974 991 1079 1046 ea,
1134 989 1299 1051 quae
1352 987 1611 1053 gemma
1663 964 1924 1042 dicitur,
1975 988 2020 1030 a
2071 986 2202 1048 qua
2254 965 2462 1032 oriens
2515 990 2644 1034 uva
2695 991 2762 1034 se

711 1063 1017 1142 ostendit,
1070 1085 1236 1148 quae
1280 1073 1345 1128 et
1391 1083 1545 1128 suco
1591 1070 1798 1128 terrae
1844 1071 1908 1126 et
1953 1059 2164 1128 calore
2215 1062 2368 1128 solis
2411 1085 2764 1150 augescens

710 1159 915 1246 primo
959 1167 1055 1226 est
1095 1157 1445 1243 peracerba
1485 1165 1778 1242 gustam,
1825 1153 2055 1220 deinde
2097 1164 2416 1222 maturata
2459 1156 2766 1224 dulcescit

714 1253 1069 1337 vestitaque
1110 1251 1431 1337 pampinis
1473 1271 1595 1316 nec
1634 1249 1890 1315 modico
1935 1261 2154 1336 tepore
2201 1262 2374 1317 caret
2417 1261 2484 1316 et
2534 1251 2762 1316 nimios

712 1347 861 1413 solis
910 1345 1197 1412 defendit
1242 1344 1528 1410 ardores:
1574 1346 1706 1428 qua
1746 1344 1902 1428 quid
1943 1355 2156 1431 potest
2188 1367 2328 1410 esse
2365 1367 2512 1411 cum
2546 1345 2762 1414 fructu

708 1441 937 1506 laetius
970 1450 1107 1506 tum
1142 1450 1406 1526 aspectu
1440 1439 1808 1525 pulchrius?
1844 1439 2026 1504 cuius
2061 1439 2320 1523 quidem
2353 1443 2482 1504 non
2518 1439 2758 1506 utilitas

709 1557 812 1601 me
843 1536 1075 1612 solum,
1110 1545 1183 1599 ut
1218 1544 1367 1600 ante
1402 1534 1555 1610 dixi,
1594 1533 1708 1598 sed
1743 1533 1935 1599 etiam
1970 1534 2221 1599 cultura
2253 1543 2318 1599 et
2351 1545 2582 1600 natura
2615 1534 2762 1621 ipsa

711 1630 1009 1708 delectat,
1062 1629 1591 1694 adminiculorum
1624 1627 1910 1706 ordines,
1965 1629 2248 1715 capitum
2287 1629 2558 1716 iugatio‚
2612 1630 2763 1697 reli-

710 1725 883 1810 gatio
920 1735 987 1790 et
1027 1724 1403 1812 propagatio
1438 1724 1695 1800 vitium,
1742 1733 2206 1789 sarmentorum
2239 1747 2341 1802 ea,
2377 1746 2572 1809 quam
2607 1723 2760 1801 dixi,

712 1819 981 1883 aliorum
1024 1819 1404 1904 amputatio,
1448 1817 1721 1882 aliorum
1764 1817 2068 1882 inmissiO.
2158 1818 2317 1902 quid
2361 1840 2482 1906 ego
2525 1819 2764 1906 inriga-

710 1912 944 1988 tiones,
996 1913 1152 1997 quid
1198 1911 1509 1978 fossiones
1546 1912 1686 1998 agri
1719 1912 2374 1998 repastinationesque
2419 1913 2759 1997 proferam,

710 2007 944 2090 quibus
978 2006 1052 2070 fit
1080 2006 1281 2071 multo
1316 2016 1485 2072 terra
1509 2005 1883 2072 fecundior?
1919 2007 2078 2090 quid
2112 2007 2194 2073 de
2229 2007 2502 2074 utilitate
2536 2009 2764 2092 loquar

712 2101 1139 2166 stercorandi?
1200 2101 1333 2165 dixi
1385 2101 1456 2166 in
1508 2122 1585 2167 eo
1636 2101 1832 2177 libro,
1887 2122 2081 2185 quem
2131 2101 2216 2166 de
2267 2100 2460 2169 rebus
2509 2103 2762 2169 rusticis

711 2195 955 2280 scripsi,
990 2195 1072 2260 de
1108 2216 1237 2278 qua
1273 2195 1499 2259 doctus
1516 2195 1844 2265 Hesiodus
1879 2217 1962 2260 ne
1999 2197 2269 2261 verbum
2295 2197 2556 2280 quidem
2590 2196 2760 2274 fecit,

712 2310 859 2354 cum
904 2287 984 2353 de
1029 2289 1277 2352 cultura
1312 2289 1451 2374 agri
1486 2288 1820 2366 scriberet3
1866 2301 1935 2355 at
1967 2290 2321 2366 Homerus,
2367 2291 2480 2374 qui
2523 2292 2758 2368 multis,

711 2392 786 2446 ut
826 2380 982 2445 mihi
1026 2379 1305 2460 videtur,
1360 2392 1509 2448 ante
1546 2382 1817 2447 saeculis
1862 2382 2013 2461 fuit,
2066 2382 2375 2450 Laertam
2418 2384 2760 2451 lenientem

713 2472 1125 2550 desiderium,
1179 2474 1353 2557 quod
1406 2475 1699 2560 capiebat
1755 2499 1791 2541 e
1833 2475 1994 2553 filio,
2049 2477 2364 2543 colentem
2417 2501 2642 2564 agrum
2694 2489 2758 2544 et

712 2587 859 2630 eum
912 2576 1365 2632 stercorantem
1418 2568 1591 2634 facit.
1680 2591 1801 2634 nec
1853 2591 2005 2635 vero
2060 2571 2386 2656 segetibus
2438 2572 2644 2637 solum
2697 2584 2763 2638 et

710 2658 907 2745 pratis
952 2670 1016 2724 et
1059 2661 1262 2728 vineis
1298 2672 1363 2728 et
1408 2662 1684 2728 arbustis
1719 2685 1822 2728 res
1856 2664 2130 2730 rusticae
2173 2665 2380 2732 laetae
2413 2679 2591 2744 sunt,
2646 2668 2761 2734 sed

710 2752 909 2818 hortis
960 2754 1153 2820 etiam
1204 2766 1271 2820 et
1319 2757 1652 2843 pomariis,
1705 2769 1844 2822 tum
1895 2757 2220 2845 pecudum
2268 2773 2488 2847 pastu,
2541 2761 2759 2847 apium

712 2847 1139 2926 examinibus,
1193 2850 1422 2916 florum
1475 2851 1760 2917 omnium
1804 2851 2129 2920 varietate.
2217 2875 2337 2921 nec
2380 2857 2756 2922 consitiones

708 2941 903 3006 modo
932 2941 1265 3022 delectant,
1303 2945 1416 3010 sed
1442 2946 1636 3012 etiam
1669 2945 2021 3026 insitiones,
2055 2948 2290 3032 quibus
2323 2950 2482 3015 nihil
2516 2951 2758 3018 invenit

610 3023 679 3135 ἐξ
713 3033 853 3119 agri
887 3036 1137 3100 cultura
1171 3037 1506 3104 sollertius.
1592 3061 1858 3125 possum
1891 3043 2190 3126 persequi
2231 3045 2548 3130 permulta
2581 3045 2758 3109 oble-

616 3989 669 4030 ⁶6

711 3138 1029 3194 ctamenta
1062 3153 1275 3196 rerum
1300 3133 1702 3212 rusticarum,
1737 3134 1854 3200 sed
1879 3157 1957 3201 ea
1987 3135 2150 3220 ipsa,
2179 3158 2345 3220 quae
2369 3137 2521 3212 dixi,
2549 3138 2753 3201 sentio

710 3221 909 3288 fuisse
952 3223 1270 3311 longiora:
1323 3226 1666 3314 ignoscetis
1703 3239 1950 3308 autem3
2003 3252 2154 3295 nam
2190 3240 2252 3294 et
2293 3229 2500 3294 studio
2536 3251 2748 3294 rerum

708 3317 1089 3384 rusticarum
1130 3333 1470 3406 provectus
1513 3345 1657 3388 sum
1693 3334 1758 3389 et
1800 3335 2092 3391 senectus
2128 3334 2225 3388 est
2267 3333 2496 3389 natura
2526 3323 2752 3408 loqua-

710 3411 870 3489 cior,
915 3435 999 3480 ne
1044 3414 1125 3480 ab
1170 3415 1467 3481 omnibus
1511 3438 1657 3482 eam
1699 3417 1868 3482 vitiis
1905 3419 2124 3484 videar
2166 3416 2509 3484 vindicare.
2597 3438 2752 3504 ergo

707 3505 776 3570 in
811 3507 933 3572 hac
967 3508 1099 3573 vita
1132 3509 1253 3574 Μ’.
1293 3507 1550 3588 Curius,
1586 3533 1734 3576 cum
1769 3511 1850 3578 de
1887 3510 2315 3591 Samnitibus,
2350 3512 2433 3578 de
2471 3511 2748 3590 Sabinis,

710 3599 790 3664 de
815 3599 1068 3683 Pyrrho
1103 3602 1642 3688 triumphavisset,
1679 3607 2076 3692 consumpsit
2109 3618 2467 3674 extremum
2501 3618 2750 3693 tempus

710 3693 964 3758 aetatis:
1020 3695 1201 3760 cuius
1246 3696 1505 3780 quidem
1548 3718 1670 3784 ego
1714 3699 1934 3765 villam
1981 3702 2420 3788 contemplans
2452 3735 2540 3748 —-
2573 3701 2756 3766 abest

711 3785 881 3852 enim
913 3808 1045 3853 non
1087 3788 1279 3875 longe
1314 3813 1355 3854 a
1387 3813 1491 3856 me
1522 3826 1613 3839 -—
1644 3792 1946 3860 admirari
1991 3795 2144 3860 satis
2179 3817 2312 3862 non
2355 3817 2618 3881 possum
2649 3796 2754 3861 vel

709 3881 981 3946 hominis
1024 3881 1225 3967 ipsius
1272 3884 1724 3952 continentiam
1768 3888 1874 3956 vel
1918 3899 2282 3975 temporum
2335 3889 2756 3976 disciplinam.

714 3970 913 4037 Curio
948 3975 1031 4039 ad
1074 3975 1294 4042 focum
1326 3978 1572 4044 sedenti
1612 4003 1923 4067 magnum
1958 3984 2100 4050 auri
2142 3984 2394 4070 pondus
2431 3982 2755 4056 Samnites

712 4085 861 4128 cum
895 4067 1272 4148 attulissent,
1306 4072 1621 4158 repudiati
1653 4084 1830 4153 sunt3
1881 4098 2013 4142 non
2045 4078 2220 4144 enim
2253 4101 2482 4144 aurum
2518 4076 2759 4144 habere-

2419 4247 2452 4258 ιο·
