3292 4559
578 1165 630 1204 4¹1

580 2102 631 2141 «¹8

456 2872 462 2876 η
574 2851 627 2892 49

570 3787 625 3828 50

676 251 805 333 250
1286 259 1363 312 M.
1401 219 1674 314 TULLII
1708 253 2108 313 CICERONIS

670 387 823 454 ralis
857 385 1117 461 modus,
1160 404 1290 447 non
1323 382 1626 466 intellego
1661 401 1742 446 ne
1777 379 1845 444 in
1879 379 2014 444 istis
2051 378 2309 462 quidem
2351 380 2506 466 ipsis
2542 381 2728 445 volu-

673 480 955 568 ptatibus
991 498 1208 543 carere
1243 498 1433 541 sensu
1470 484 1876 540 senectutem.
1929 497 2034 538 me
2069 494 2222 538 vero
2257 485 2322 538 et
2355 475 2726 560 magisteria

676 577 993 640 delectant
1044 595 1085 637 a
1134 569 1479 635 maioribus
1529 569 1820 634 instituta
1869 579 1935 635 et
1983 569 2038 633 is
2093 589 2330 646 serm0,
2381 570 2494 652 qui
2543 592 2723 635 more

674 667 987 732 maiorum
1022 688 1063 730 a
1094 686 1341 728 summo
1377 662 1714 728 adhibetur
1745 662 1815 727 in
1849 663 2106 748 poculo,
2153 674 2218 730 et
2249 663 2508 747 pocula,
2553 665 2723 730 sicut

674 763 743 826 in
780 759 1117 846 Symposio
1156 757 1603 842 Xenophontis
1638 767 1764 831 est,
1808 757 2054 821 minuta
2087 767 2280 840 atque
2313 758 2618 834 rorantia,
2654 770 2720 823 et

675 853 1069 940 refrigeratio
1106 863 1345 916 aestate
1377 863 1440 917 et
1476 850 1752 916 vicissim
1779 859 1893 913 aut
1917 850 2012 915 sol
2047 861 2162 915 aut
2192 851 2360 936 ignis
2387 850 2733 930 hibernus}

676 971 840 1032 quae
876 947 1135 1030 quidem
1170 946 1361 1009 etiam
1396 945 1461 1008 in
1492 942 1749 1010 Sabinis
1785 943 2083 1028 persequi
2117 945 2291 1010 soleo
2327 945 2718 1010 convivium-

675 1063 799 1124 que
836 1041 1190 1104 vicinorum
1224 1037 1455 1104 cotidie
1488 1036 1784 1122 conpleo,
1827 1036 2002 1120 quod
2037 1037 2121 1102 ad
2165 1039 2435 1104 multam
2468 1050 2720 1104 noctem

677 1157 871 1219 quam
906 1133 1183 1199 maxime
1218 1154 1557 1218 possumus
1591 1131 1769 1196 vario
1805 1153 2096 1198 sermone
2129 1132 2561 1217 producimus.
2625 1138 2723 1199 ‘at

676 1251 807 1293 non
868 1239 966 1294 est
1024 1228 1421 1312 voluptatum
1483 1235 1662 1290 tanta
1713 1225 1898 1307 quasi
1961 1225 2236 1290 titillatio
2285 1227 2358 1292 in
2417 1225 2719 1292 senibus.'

676 1323 864 1387 credo
877 1370 896 1399 ,
950 1322 1063 1386 sed
1103 1343 1187 1386 ne
1223 1319 1617 1386 desideratur
1661 1319 1949 1403 quidem3
2002 1320 2161 1385 nihil
2195 1331 2408 1386 autem
2443 1330 2538 1386 est
2581 1341 2719 1386 mo-

675 1416 938 1492 lestum,
991 1415 1165 1497 quod
1208 1435 1339 1478 non
1382 1412 1719 1479 desideres.
1807 1413 1972 1480 bene
2009 1412 2388 1500 Sophocles,
2443 1435 2590 1478 cum
2635 1436 2718 1480 ex

676 1531 753 1575 eo
789 1509 1047 1594 quidam
1071 1509 1203 1573 iam
1230 1507 1481 1573 adfecto
1506 1517 1716 1574 aetate
1741 1519 2092 1592 quaereret,
2125 1519 2487 1574 utereturne
2523 1507 2718 1574 rebus

676 1603 967 1680 veneriis,
1005 1602 1103 1666 ‘di
1137 1601 1426 1667 meliora!
1442 1601 1458 1629 '
1494 1600 1702 1685 inquit
1737 1607 1890 1686 ‘ego
1924 1624 2077 1668 vero
2107 1601 2295 1666 istinc
2329 1601 2495 1668 sicut
2527 1624 2568 1665 a
2603 1600 2718 1665 do-

674 1697 847 1762 mino
883 1695 1127 1782 agresti
1170 1716 1248 1760 ac
1291 1695 1531 1762 furioso
1574 1694 1874 1781 profugi.'
1981 1695 2226 1780 cupidis
2281 1695 2450 1760 enim
2503 1717 2717 1760 rerum

675 1791 895 1855 talium
924 1790 1223 1854 odiosum
1265 1788 1535 1854 fortasse
1570 1801 1631 1854 et
1675 1788 2015 1855 molestum
2049 1801 2147 1857 est
2179 1811 2423 1867 carere,
2475 1787 2718 1854 satiatis

675 1906 826 1949 vero
870 1895 933 1951 et
976 1883 1245 1969 expletis
1289 1883 1628 1948 iucundius
1665 1893 1762 1948 est
1805 1905 2020 1950 carere
2055 1905 2252 1968 quam
2283 1883 2442 1948 frui:
2495 1903 2718 1965 quam-

674 2000 868 2062 quam
909 2001 1039 2044 non
1074 1988 1249 2044 caret
1280 1977 1366 2055 ie,
1412 1978 1525 2060 qui
1556 1999 1688 2042 non
1724 1977 2069 2055 desiderat3
2115 2001 2270 2064 ergo
2303 2000 2434 2043 non
2471 1970 2723 2044 deside-

672 2096 812 2139 rare
848 2073 989 2138 dico
1026 2094 1165 2138 esse
1198 2071 1559 2138 iucundius.
1624 2071 1799 2155 quod
1835 2072 1890 2136 si
1922 2071 2059 2137 istis
2093 2072 2250 2157 ipsis
2284 2071 2720 2156 voluptatibus

673 2166 841 2233 bona
876 2177 1049 2233 aetas
1085 2167 1321 2231 fruitur
1354 2166 1686 2243 libentius,
1730 2166 2008 2251 primum
2041 2168 2320 2252 parvolis
2353 2167 2586 2234 fruitur
2616 2190 2722 2234 ‚re-

672 2261 821 2338 buS,
875 2273 948 2326 ut
992 2261 1297 2337 diximus,
1352 2259 1583 2326 deinde
1615 2259 1728 2336 iis,
1781 2259 2014 2344 quibus
2061 2272 2382 2339 senectus,
2436 2262 2626 2326 etiam
2661 2262 2716 2326 si

672 2377 798 2420 non
854 2355 1109 2420 abunde
1162 2355 1428 2462 potitur,
1479 2375 1609 2420 non
1663 2355 1922 2418 omnino
1975 2365 2166 2420 caret.
2261 2366 2337 2420 ut
2389 2355 2716 2440 Turpione

670 2448 977 2512 Ambivio
1021 2448 1228 2533 magis
1273 2448 1622 2514 delectatur
1656 2448 1786 2558 ‘qui
1829 2448 1896 2512 in
1942 2447 2150 2532 prima
2201 2471 2400 2514 cavea
2451 2459 2716 2534 spectat,

672 2543 1023 2607 delectatur
1070 2553 1285 2608 tamen
1329 2543 1519 2608 etiam
1564 2542 1678 2627 qui
1722 2543 1789 2606 in
1832 2542 2088 2620 ultima,
2142 2544 2234 2607 sic
2285 2541 2718 2608 adulescentia

670 2639 1028 2724 voluptates
1070 2649 1328 2748 propter
1370 2639 1625 2704 intuens
1677 2639 1884 2724 magis
1928 2637 2196 2712 fortasse
2249 2638 2550 2715 laetatur,
2601 2637 2717 2703 sed

672 2735 1021 2800 delectatur
1074 2733 1265 2799 etiam
1318 2743 1608 2800 senectus
1662 2734 1887 2818 procul
1941 2755 2048 2798 eas
2102 2745 2396 2818 spectans
2449 2745 2714 2808 tantum,

671 2839 982 2912 quantum
1016 2838 1116 2892 sat
1150 2839 1265 2892 est.
1354 2838 1422 2892 at
1453 2827 1564 2892 illa
1596 2827 1821 2910 quanti
1857 2838 2034 2904 sunt,
2070 2827 2354 2892 animum
2389 2839 2716 2911 tamquam

672 2924 947 2989 emeritis
1011 2922 1339 3006 stipendiis
1398 2921 1678 2986 libidinis
1691 2969 1709 3000 ,
1773 2921 2166 3000 ambitionis,
2221 2923 2718 2998 contentionum,

668 3017 1169 3094 inimicitiarum,
1224 3017 1643 3102 cupiditatum
1694 3017 1978 3082 omnium
2021 3038 2242 3084 secum
2284 3039 2424 3083 esse
2467 3037 2719 3080 secum·

670 3133 795 3194 que
808 3158 827 3187 ,
870 3121 944 3174 ut
978 3111 1232 3189 dicitur,
1278 3111 1522 3176 vivere!
1588 3111 1643 3176 si
1678 3131 1830 3176 vero
1864 3111 2060 3178 habet
2094 3110 2353 3195 aliquod
2385 3119 2714 3190 tamquam

668 3204 974 3291 pabulum
1003 3206 1194 3270 studii
1230 3217 1421 3290 atque
1451 3205 1796 3280 doctrinae,
1829 3205 1988 3270 nihil
2022 3216 2120 3270 est
2151 3205 2351 3268 otiosa
2385 3209 2708 3266 senectute

667 3299 1025 3366 iucundius.
1113 3300 1489 3366 videbamus
1531 3299 1599 3364 in
1644 3301 1854 3365 studio
1901 3297 2262 3366 dimetiendi
2303 3316 2505 3382 paene
2551 3293 2711 3361 caeli

669 3405 856 3478 atque
911 3404 1115 3460 terrae
1160 3391 1240 3458 C.
1287 3391 1558 3471 Galum,
1611 3393 1990 3460 familiarem
2038 3391 2232 3480 patris
2285 3390 2407 3466 tui,
2464 3387 2712 3474 Scipio:

670 3488 961 3571 quotiens
1004 3489 1186 3554 illum
1238 3489 1353 3552 lux>
1396 3499 1591 3554 noctu
1646 3489 1888 3572 aliquid
1931 3487 2288 3554 describere
2330 3485 2711 3570 ingressum,

668 3582 961 3666 quotiens
1008 3605 1137 3647 nox
1182 3583 1523 3667 oppressit,
1570 3604 1719 3648 cum
1763 3604 1948 3648 mane
1986 3580 2326 3668 coepisset!
2373 3601 2562 3664 quam
2603 3577 2713 3642 de·-

666 3676 942 3742 lectabat
976 3699 1123 3740 eum
1160 3676 1548 3742 defectiones
1592 3678 1742 3742 solis
1779 3689 1840 3743 et
1885 3677 2076 3743 lunae
2109 3677 2313 3742 multo
2349 3685 2496 3740 ante
2531 3671 2714 3736 nobis

666 3769 1061 3855 praedicere!
1108 3769 1261 3853 quid
1297 3770 1363 3834 in
1396 3770 1742 3836 levioribus
1779 3770 2036 3848 studiis,
2073 3772 2188 3836 sed
2223 3781 2438 3836 tamen
2473 3767 2716 3833 acutis?

668 3885 861 3949 quam
896 3863 1221 3949 gaudebat
1256 3866 1423 3932 bello
1460 3889 1575 3931 suo
1612 3866 1864 3933 Punico
1900 3867 2207 3943 Naevius,
2245 3888 2440 3950 quam
2465 3865 2722 3928 Trucu-

666 3957 836 4023 lento
852 3957 1146 4036 Plautus,
1182 3981 1376 4043 quam
1392 3960 1750 4027 Pseudulol
1787 3962 1919 4026 vidi
1955 3961 2146 4027 etiam
2181 3983 2401 4028 senem
2425 3957 2714 4034 Livium,

663 4048 780 4132 >qui
822 4071 968 4118 cum
1014 4075 1127 4120 sex
1172 4056 1353 4122 annis
1399 4059 1545 4121 ante
1590 4076 1785 4139 quam
1837 4078 1958 4141 ego
1999 4066 2190 4121 natus
2237 4077 2382 4120 sum
2422 4051 2714 4118 fabulam
