3292 4559
680 2224 715 2334 ηοω

766 226 900 293 252
1389 234 1469 289 Μ.
1506 232 1782 291 TULLII
1816 230 2218 290 CICERONIS

751 362 897 429 'alio
943 361 1089 447 plus
1135 358 1331 449 habet
1366 357 1595 421 virium
1610 406 1629 436 ,
1675 367 1893 421 tamen
1929 355 2086 440 quid
2119 366 2252 421 tam
2285 356 2453 422 exile
2489 378 2692 441 quam
2728 358 2832 424 isti

768 454 1030 521 omnes?
1081 452 1315 519 Fannii
1360 460 1577 517 autem
1612 452 1808 517 aetati
1844 450 2218 516 coniunctus
2255 450 2602 537 Antipater
2637 454 2829 538 paulo

768 549 1015 615 inflavit
1057 548 1497 615 vehementius
1540 546 1896 631 habuitque
1931 546 2084 611 viris
2119 546 2388 632 agrestis
2423 547 2532 611 ille
2567 547 2829 632 quidem

770 654 965 729 atque
1005 643 1326 722 horridas,
1373 642 1510 709 sine
1552 641 1760 707 nitore
1807 663 1884 705 ac
1917 640 2264 727 palaestra,
2309 640 2428 706 sed
2461 652 2685 707 tamen
2721 644 2828 708 ad-

768 760 1031 820 monere
1074 735 1365 822 reliquos
1417 736 1629 823 potuit
1681 745 1756 799 ut
1807 734 2168 801 accuratius
2219 734 2592 801 scriberent.
2685 758 2826 803 ecce

772 842 989 898 autem
1024 850 1386 897 successere
1420 828 1570 895 huic
1608 828 1880 905 Gellius,
1919 826 2208 905 Clodius,
2243 829 2516 908 Asellio,
2551 830 2717 895 nihil
2749 832 2826 895 ad

772 924 1098 1005 Caelium,
1144 927 1259 993 sed
1300 926 1513 1012 potius
1558 924 1643 990 ad
1687 924 2094 1008 antiquorum
2126 922 2502 1011 languorem
2541 934 2609 989 et
2641 925 2826 990 insci-

771 1023 948 1088 tiam.
1036 1044 1187 1086 nam
1239 1021 1394 1105 quid
1444 1016 1748 1085 Macrum
1797 1018 2168 1084 numerem?
2237 1018 2419 1083 cuius
2470 1018 2824 1102 loquacitas

769 1117 962 1183 habet
1009 1114 1249 1199 aliquid
1294 1106 1720 1200 argutiarum,
1765 1136 1884 1180 nec
1926 1110 1994 1177 id
2036 1124 2254 1178 tamen
2297 1136 2381 1179 ex
2420 1113 2536 1177 illa
2581 1114 2827 1179 erudita

773 1210 1171 1277 Graecorum
1208 1210 1413 1295 copia,
1450 1210 1565 1275 sed
1600 1229 1683 1274 ex
1714 1205 2050 1274 librariolis
2087 1206 2374 1285 Latinis3
2419 1208 2490 1271 in
2527 1208 2826 1273 orationi-

768 1304 891 1370 bus
936 1316 1149 1370 autem
1192 1306 1424 1383 multa,
1472 1304 1584 1370 sed
1619 1303 1840 1391 inepta
1873 1301 2062 1369 elatio
2073 1351 2092 1381 ,
2138 1323 2392 1367 summa
2423 1302 2821 1387 inpudentia.

772 1396 1076 1476 Sisenna,
1121 1419 1301 1463 meus
1348 1399 1621 1477 amicuS,
1667 1400 1872 1463 omnis
1919 1398 2133 1463 adhuc
2177 1406 2425 1463 nostros
2463 1398 2825 1483 scriptores,

767 1492 891 1557 nisi
935 1492 1047 1578 qui
1090 1492 1257 1558 forte
1301 1492 1587 1558 nondum
1630 1489 1996 1569 ediderunt,
2045 1491 2126 1557 de
2178 1492 2410 1575 quibus
2459 1490 2826 1557 existimare

768 1610 898 1653 non
949 1610 1289 1674 possumus
1302 1636 1321 1666 ,
1374 1588 1561 1654 facile
1606 1588 1934 1673 superavit
1940 1612 1959 1664 3
2013 1587 2068 1651 is
2113 1596 2330 1651 tamen
2361 1602 2581 1669 neque
2617 1596 2828 1651 orator

768 1682 837 1746 in
899 1698 1167 1747 numero
1229 1694 1443 1747 vestro
1502 1699 1812 1765 umquam
1865 1692 1963 1746 est
2013 1680 2269 1745 habitus
2323 1691 2388 1746 et
2435 1678 2508 1743 in
2561 1680 2827 1745 historia

770 1776 1015 1863 puerile
1059 1774 1363 1860 quiddam
1408 1787 1836 1851 consectatur,
1895 1784 1965 1839 ut
2009 1793 2211 1839 unum
2255 1769 2668 1840 Clitarchum
2721 1796 2828 1840 ne-

770 1892 897 1953 que
946 1880 1277 1957 praeterea
1330 1890 1718 1954 quemquam
1770 1868 1851 1934 de
1897 1867 2167 1935 Graecis
2217 1869 2452 1954 legisse
2479 1868 2826 1946 -videatur,

769 1987 918 2028 eum
970 1980 1188 2029 tamen
1238 1964 1402 2030 velle
1456 1964 1611 2028 dum
1661 1974 1837 2027 taxat
1890 1962 2154 2027 imitari:
2209 1984 2403 2047 quem
2455 1962 2510 2027 si
2554 1962 2828 2047 adsequi

654 2082 686 2087 ·⁴
766 2068 1012 2143 posset,
1060 2057 1459 2143 aliquantum
1503 2058 1585 2122 ab
1639 2068 1901 2143 optumo
1955 2068 2170 2121 tamen
2213 2055 2486 2122 abesset.
2579 2078 2719 2141 qua
2761 2080 2826 2121 re

766 2164 951 2217 tuum
988 2164 1085 2219 est
1118 2176 1353 2217 munus
1388 2152 1529 2229 hoc,
1576 2176 1617 2217 a
1651 2162 1714 2217 te
1749 2162 2175 2237 exspectatur,
2220 2152 2345 2216 nisi
2379 2150 2536 2235 quid
2575 2150 2824 2234 Quinto

766 2247 1019 2313 videtur
1053 2270 1257 2313 secus.
1352 2246 1424 2327 Q.
1470 2246 1639 2311 Mihi
1675 2269 1824 2311 vero
1861 2246 2035 2323 nihil,
2073 2258 2138 2311 et
2173 2268 2364 2332 saepe
2399 2246 2479 2312 de
2513 2246 2641 2311 isto
2678 2268 2826 2313 con-

765 2342 964 2407 locuti
999 2364 1219 2407 sumus
1229 2366 1249 2419 3
1286 2341 1401 2407 sed
1434 2353 1531 2406 est
1567 2342 1885 2425 quaedam
1919 2342 2082 2407 inter
2114 2363 2232 2406 nos
2259 2364 2462 2427 parva
2489 2341 2822 2407 dissensio.

764 2439 895 2499 Act.
954 2434 1143 2518 Quae
1188 2433 1485 2500 tandem?
1560 2435 1633 2516 Q.
1689 2437 1756 2499 A
1800 2436 2034 2521 quibus
2075 2436 2465 2522 temporibus
2503 2434 2824 2501 scribendi

764 2528 1053 2614 capiatur
1087 2528 1449 2593 exordium:
1486 2551 1610 2615 ego
1646 2530 1818 2595 enim
1845 2531 1927 2594 ab
1964 2530 2200 2595 ultimis
2230 2552 2479 2607 cense0,
2517 2532 2822 2614 quoniam

760 2621 871 2687 ina
915 2621 1007 2687 sic
1043 2622 1279 2708 scripta
1312 2633 1490 2701 sunt,
1532 2633 1609 2705 ut
1641 2647 1726 2690 ne
1760 2625 2058 2709 legantur
2091 2623 2381 2709 quidem,
2425 2624 2564 2709 ipse
2603 2638 2820 2691 autem

764 2716 1097 2801 aequalem
1150 2718 1374 2783 aetatis
1427 2741 1582 2783 suae
1634 2720 2009 2785 memoriam
2061 2718 2375 2806 deposcit,
2428 2730 2503 2784 ut
2545 2742 2626 2785 ea
2669 2743 2819 2785 con-

761 2812 1108 2896 plectatur,
1171 2812 1405 2896 quibus
1467 2812 1607 2900 ipse
1669 2813 1974 2879 interfuit.
2062 2816 2194 2878 Aa.
2257 2812 2405 2900 Ego
2459 2835 2614 2879 vero
2667 2812 2818 2879 huic

760 2907 974 2991 potius
1023 2906 1343 2971 adsentior
1352 2932 1371 2984 3
1418 2917 1569 2971 sunt
1612 2907 1783 2972 enim
1825 2908 2142 2974 maximae
2178 2931 2279 2973 res
2313 2908 2382 2972 in
2415 2907 2538 2973 hac
2574 2930 2820 2973 memo-

761 3000 858 3063 ria
902 3012 1095 3083 atque
1141 3012 1348 3067 aetate
1391 3012 1638 3079 nostra3
1692 3012 1830 3066 tum
1875 3014 2090 3067 autem
2133 3001 2406 3068 hominis
2453 3002 2822 3067 amicissimi

762 3090 886 3156 Cn.
923 3093 1222 3179 Pompeii
1263 3094 1487 3162 laudes
1532 3096 1924 3174 inlustrabit,
1971 3097 2252 3161 incurret
2297 3098 2487 3162 etiam
2530 3097 2599 3161 in
2635 3098 2820 3161 illum

758 3187 1239 3252 memorabilem
1292 3213 1532 3254 annum
1578 3213 1795 3255 suum:
1852 3212 2016 3274 quae
2063 3192 2145 3255 ab
2191 3192 2312 3255 isto
2356 3190 2527 3255 malo
2561 3191 2817 3276 praedi-

760 3280 891 3345 cari
927 3302 1141 3371 quam,
1178 3294 1249 3347 ut
1284 3284 1481 3361 aiunt,
1519 3284 1598 3349 de
1634 3284 1842 3349 Remo
1879 3297 1943 3350 et
1977 3286 2271 3350 Romulo.
2342 3284 2434 3349 M.
2500 3278 2818 3371 Intellego

760 3374 1059 3457 equidem
1093 3400 1132 3441 a
1165 3400 1267 3440 me
1311 3376 1506 3441 istum
1548 3378 1835 3443 laborem
1871 3378 2000 3443 iam
2035 3378 2147 3443 diu
2182 3378 2519 3465 postulari,
2565 3378 2816 3444 Attice:

666 3466 673 3471 ’
759 3490 953 3550 quem
988 3492 1119 3535 non
1151 3492 1512 3536 recusarem
1527 3518 1545 3548 ,
1592 3471 1647 3535 si
1682 3472 1842 3537 mihi
1878 3473 2079 3537 ullum
2114 3473 2501 3538 tribueretur
2537 3494 2818 3537 vacuum

758 3572 1011 3647 tempus
1064 3575 1125 3628 et
1180 3564 1451 3629 liberum
1460 3588 1481 3642 3
1534 3587 1745 3650 neque
1793 3566 1964 3631 enim
2009 3578 2320 3652 occupata
2365 3588 2562 3652 opera
2605 3588 2819 3650 neque

758 3654 1042 3739 inpedito
1087 3658 1297 3722 animo
1342 3681 1445 3724 res
1492 3669 1669 3724 tanta
1705 3660 1943 3747 suscipi
1977 3672 2217 3747 potest:
2272 3672 2616 3745 utrumque
2654 3684 2820 3747 opus

760 3760 884 3825 est,
931 3762 996 3816 et
1040 3773 1193 3817 cura
1237 3776 1465 3819 vacare
1502 3764 1567 3818 et
1600 3754 1879 3839 negotio·
1971 3760 2103 3820 Act.
2169 3755 2386 3839 Quid?
2447 3758 2532 3820 ad
2576 3768 2814 3833 cetera,

758 3863 923 3924 quae
958 3846 1262 3930 scripsisti
1295 3847 1481 3933 plura
1515 3869 1711 3931 quam
1747 3849 2087 3933 quisquam
2123 3874 2158 3915 e
2195 3850 2446 3926 nostris,
2485 3850 2663 3932 quod
2699 3850 2821 3914 tibi

758 3936 1018 4001 tandem
1061 3949 1311 4026 tempus
1349 3965 1626 4008 vacuum
1661 3942 1786 4008 fuit
1821 3946 2236 4033 concessum?
2304 3945 2394 4009 M.
2463 3942 2818 4009 Subsiciva

756 4028 1075 4107 quaedam
1110 4044 1399 4120 tempora
1429 4036 1782 4117 incurrunt,
1817 4060 1985 4123 quae
2019 4061 2141 4125 ego
2177 4039 2384 4126 perire
2415 4054 2550 4103 non
2580 4038 2821 4123 patior,
