3292 4559
1065 252 1171 306 DE
1205 250 1543 309 LEGIBUS
1578 254 1658 309 ΙΙ.
1693 254 1936 309 32-37.
2401 242 2530 307 283

424 378 597 464 lege
642 376 1000 443 sanximus.
1088 378 1219 442 iam
1254 378 1333 443 de
1368 376 1782 465 haruspicum
1815 378 2152 465 religione,
2197 375 2278 447 de
2311 382 2532 467 expia-

425 472 749 538 tionibus
802 484 868 539 et
918 471 1473 560 procurationibus
1530 473 1685 539 satis
1731 493 1872 539 esse
1917 475 2046 539 iam
2089 476 2158 540 in
2200 475 2345 562 ipsa
2384 477 2531 563 lege

427 568 712 633 dictum
755 578 934 654 puto.
1023 570 1157 632 Ate.
1222 566 1604 645 Adsentior,
1657 569 1962 652 quoniam
2006 569 2214 635 omnis
2257 570 2419 636 haec
2463 572 2532 635 in

428 662 777 749 religione
830 672 1122 727 versatur
1173 662 1396 727 oratio.
1494 664 1587 727 M.
1661 662 1758 727 At
1808 684 1963 727 vero
2016 663 2190 747 quod
2244 664 2532 747 sequitur

428 778 581 841 quo
632 754 833 822 modo
878 766 990 821 aut
1031 766 1101 820 tu
1146 756 1505 821 adsentiare
1551 768 1659 821 aut
1701 778 1826 843 ego
1870 757 2332 843 reprehendam
2377 780 2530 823 sane

432 872 731 937 quaero,
766 850 934 915 Tite.
1005 853 1139 915 Act.
1185 848 1367 931 Quid
1400 851 1664 916 tandem
1698 851 1768 915 id
1802 852 1938 916 est?
1994 853 2088 916 M.
2133 850 2240 917 De
2275 863 2532 917 noctur·
2573 878 2626 921 ³5

430 946 547 1010 nis
611 944 947 1010 sacrificiis
992 944 1351 1010 mulierum.
1438 948 1571 1010 Aa.
1636 944 1785 1031 Ego
1829 967 1982 1011 vero
2027 945 2377 1025 adsentior,
2421 968 2533 1011 ex-

435 1050 651 1127 cepto
706 1039 1077 1125 praesertim
1122 1040 1190 1104 in
1233 1041 1373 1126 ipsa
1414 1034 1560 1127 lege
1604 1042 1897 1107 sollemni
1939 1042 2248 1109 sacrificio
2293 1064 2370 1107 ac
2409 1066 2532 1130 pu·-

432 1134 653 1201 blico.
714 1136 807 1199 M.
856 1132 1035 1215 Quid
1070 1156 1226 1221 ergo
1264 1146 1412 1221 aget
1440 1135 1714 1201 Iacchus
1741 1134 2295 1223 Eumolpidaeque
2329 1126 2531 1203 nostri

436 1240 510 1295 et
550 1238 847 1315 augusta
880 1228 991 1294 illa
1024 1230 1358 1315 mysteria,
1404 1231 1461 1295 si
1502 1230 1766 1315 quidem
1801 1253 1985 1297 sacra
2018 1243 2332 1319 nocturna
2364 1232 2532 1297 tolli·-

434 1323 648 1389 mus?
721 1344 853 1387 non
912 1323 1083 1387 enim
1147 1325 1384 1410 populo
1437 1324 1762 1403 Romane,
1829 1326 1944 1391 sed
1996 1326 2294 1391 omnibus
2344 1326 2530 1392 bonis

436 1418 797 1501 firmisque
856 1418 1113 1503 populis
1165 1419 1343 1505 leges
1396 1419 1645 1485 damus.
1735 1422 1868 1485 Aa.
1948 1419 2243 1507 Excipis,
2316 1421 2528 1499 cred0,
2573 1448 2626 1488 se

435 1512 585 1589 illa,
628 1511 870 1595 quibus
904 1512 1028 1598 ipsi
1061 1512 1292 1577 initiati
1328 1535 1569 1579 sumus.
1657 1515 1750 1579 M.
1812 1512 1962 1599 Ego
1995 1536 2148 1581 vero
2183 1515 2527 1601 excipiam:

438 1628 611 1672 nam
661 1605 821 1671 mihi
858 1627 1005 1671 cum
1038 1606 1243 1671 multa
1278 1606 1512 1673 eximia
1538 1608 1884 1691 divinaque
1911 1607 2214 1673 videntur
2229 1608 2529 1674 Athenae

439 1713 609 1767 tuae
668 1700 995 1785 peperisse
1049 1712 1243 1786 atque
1285 1702 1351 1766 in
1398 1702 1593 1767 vitam
1640 1702 1972 1767 hominum
2016 1702 2335 1779 attulisse,
2390 1712 2530 1766 tum

440 1796 622 1861 nihil
671 1795 899 1861 melius
944 1795 1069 1861 illis
1106 1796 1454 1882 mysteriis,
1502 1797 1738 1881 quibus
1773 1820 1855 1863 ex
1890 1796 2130 1883 agresti
2159 1796 2532 1880 inmanique

442 1890 595 1955 vita
636 1889 877 1955 exculti
913 1889 997 1954 ad
1031 1890 1497 1956 humanitatem
1532 1901 1598 1956 et
1630 1891 1907 1978 mitigati
1943 1911 2186 1968 sumus,
2222 1890 2530 1973 initiaque

443 1996 525 2051 ut
574 1984 1015 2070 appellantur,
1068 1984 1161 2049 ita
1205 2004 1276 2050 re
1321 2006 1477 2051 vera
1520 1986 1836 2071 principia
1870 1984 2041 2051 vitae
2079 1983 2528 2072 cognovimus3

445 2100 679 2163 neque
732 2079 938 2143 solum
991 2099 1137 2144 cum
1190 2079 1433 2145 laetitia
1484 2079 1748 2145 vivendi
1791 2080 2100 2147 rationem
2145 2078 2530 2164 accepimus,

446 2174 577 2239 sed
624 2173 820 2238 etiam
866 2195 1013 2238 cum
1061 2197 1175 2261 spe
1208 2175 1470 2241 meliore
1506 2173 1841 2239 moriendi.
1931 2172 2088 2259 quid
2123 2184 2340 2239 autem
2374 2171 2532 2236 mihi

448 2267 801 2354 displiceat
850 2267 919 2333 in
966 2269 1329 2347 nocturnis,
1381 2274 1609 2355 poetae
1656 2268 1940 2333 indicant
1981 2268 2238 2346 comici;
2283 2288 2414 2351 qua
2455 2268 2532 2332 li-

450 2362 683 2429 centia
724 2362 967 2431 Romae
1014 2365 1165 2431 data
1210 2364 1517 2450 quidnam
1560 2365 1799 2451 egisset
1837 2364 1975 2443 ille,
2021 2364 2134 2448 qui
2179 2365 2248 2430 in
2292 2364 2532 2453 sacrifi-

452 2458 642 2523 cium
686 2457 1029 2543 cogitatam
1072 2459 1403 2527 libidinem
1446 2459 1689 2536 intulit,
1741 2480 1872 2544 quo
1922 2480 2006 2525 ne
2057 2458 2531 2545 inprudentiam

450 2550 728 2635 quidem
782 2554 1111 2618 oculorum
1166 2554 1330 2619 adici
1384 2554 1485 2619 fas
1536 2553 1702 2617 fuit?
1769 2556 1904 2618 Att.
1976 2552 2084 2619 Tu
2136 2572 2290 2619 vcro
2341 2552 2530 2617 istam

452 2646 717 2712 Romae
766 2648 979 2731 legem
1030 2658 1288 2735 rogato:
1343 2648 1529 2713 nobis
1582 2658 1836 2712 nostras
1888 2670 1972 2713 ne
2024 2648 2358 2712 ademeris.
2436 2646 2530 2709 M.
2565 2642 2635 2695 15

452 2739 581 2803 Ad
635 2749 883 2802 nostras
937 2740 1135 2823 igitur
1184 2752 1499 2806 revertor:
1554 2741 1791 2822 quibus
1845 2740 2134 2824 profecto
2178 2738 2533 2822 diligentis·
2574 2713 2624 2753 ⁵⁷

456 2833 632 2898 sime
692 2831 1108 2897 sanciendum
1174 2844 1299 2910 est,
1361 2844 1435 2897 ut
1498 2832 1842 2896 mulierum
1893 2832 2132 2896 famam
2184 2833 2532 2895 multorum

457 2924 675 2991 oculis
724 2927 840 2991 lux
887 2927 1059 2991 clara
1105 2926 1451 3006 custodiat,
1506 2926 1968 3009 initienturque
2013 2946 2090 2989 eo
2133 2925 2265 2989 ritu
2310 2922 2532 2991 Cereri

328 3102 341 3115 ι
460 3043 602 3106 quo
638 3021 887 3088 Romae
929 3021 1290 3100 initiantur3
1344 3042 1472 3106 quo
1516 3021 1585 3086 in
1619 3042 1858 3107 genere
1893 3018 2299 3085 severitatem
2333 3020 2533 3085 maio-

460 3132 617 3181 rum
660 3126 920 3182 senatus
962 3128 1149 3183 vetus
1198 3116 1542 3182 auctoritas
1588 3116 1672 3181 de
1717 3112 2232 3180 Bacchanalibus
2275 3125 2340 3180 et
2383 3136 2533 3179 con-

464 3211 685 3275 sulum
722 3211 1005 3277 exercitu
1030 3210 1317 3277 adhibito
1344 3210 1633 3296 quaestio
1665 3206 2202 3296 [animadversio]
2231 3209 2529 3277 declarat.

466 3317 668 3388 atque
719 3306 935 3371 omnia
976 3316 1317 3385 nocturna,
1360 3328 1443 3371 ne
1486 3326 1606 3370 nos
1653 3303 1944 3369 duriores
1977 3302 2143 3369 forte
2177 3302 2529 3379 videamur,

463 3400 537 3463 in
590 3398 803 3463 media
856 3397 1135 3465 Graecia
1185 3398 1567 3487 Diagondas
1612 3397 1968 3465 Thebanus
2021 3398 2168 3483 lege
2221 3407 2532 3481 perpetua

466 3491 761 3569 sustulit3
814 3514 1017 3559 novos
1070 3516 1226 3559 vero
1280 3494 1433 3559 deos
1489 3505 1555 3560 et
1600 3494 1671 3560 in
1714 3492 1814 3558 his
1859 3491 2143 3559 colendis
2187 3502 2529 3555 nocturnas

466 3586 992 3673 pervigilationes
1029 3589 1122 3655 sic
1149 3589 1638 3677 Aristophanes,
1675 3588 2103 3654 facetissimus
2139 3591 2330 3672 poeta
2355 3596 2532 3651 vete-

468 3680 561 3745 ris
598 3683 993 3762 comoediae,
1041 3695 1266 3763 vexat,
1310 3694 1385 3749 ut
1420 3684 1595 3771 apud
1630 3706 1780 3749 eum
1819 3681 2134 3749 Sabazius
2171 3690 2235 3746 et
2269 3678 2530 3764 quidam

473 3776 585 3839 alii
628 3777 733 3843 dei
774 3780 1099 3867 peregrini
1140 3778 1408 3846 iudicati
1442 3802 1479 3845 e
1515 3778 1774 3845 civitate
1823 3778 2149 3845 eiciantur.
2235 3771 2531 3861 publicus

473 3880 693 3935 autem
754 3870 1051 3941 sacerdos
1116 3873 1593 3961 inprudentiam
1657 3872 1920 3939 consilio
1983 3870 2305 3956 expiatam
2357 3879 2532 3933 metu

473 3964 703 4032 liberet
723 4016 741 4045 ,
813 3970 1148 4035 audaciam
1227 3969 1296 4034 in
1366 3968 1773 4035 admittendis
1843 3965 2258 4054 religionibus
2327 3962 2532 4029 foedis

476 4058 737 4127 damnet
771 4074 961 4147 atque
996 4063 1235 4150 inpiam
1267 4063 1526 4129 iudicet.
