3292 4559
1199 246 1544 307 TIMAEUS
1579 248 1751 305 8-9.
2098 264 2105 269 ·
2186 260 2190 269 ·
2382 231 2507 300 139

427 378 838 463 reliquorum
883 374 1162 439 siderum
1203 394 1372 455 quae
1417 394 1614 437 causa
1637 368 2037 437 eon-locandi
2082 368 2277 437 fuerit
2310 388 2509 451 quae-

429 492 576 553 que
623 492 842 536 eorum
887 468 968 533 sit
1011 466 1394 541 conlocatio,
1440 464 1508 529 in
1555 486 1913 530 sermonem
1966 463 2163 529 alium
2208 461 2509 529 differen-

436 565 606 630 dum
643 574 771 641 est,
812 584 896 627 ne
929 561 995 625 in
1033 580 1140 636 ee,
1187 558 1362 643 quod
1397 557 1844 645 attingendum
1878 556 2031 634 fuit,
2076 578 2274 641 quam
2306 556 2376 623 in
2410 578 2508 631 eo,

436 658 634 723 ouius
660 678 854 724 eausa
877 655 946 723 id
975 654 1368 739 attingimus,
1394 652 1646 737 longior
1670 663 1947 738 ponatur
1972 652 2194 719 oratio.
2249 650 2509 735 quando

433 752 646 837 igitur
689 749 814 818 sibi
857 747 1158 832 quodque
1203 768 1426 813 eorum
1462 745 1745 813 siderum
1781 768 2040 813 cursum
2076 745 2381 811 decorum
2414 755 2521 809 est·

435 845 786 929 adeptum,
833 865 914 907 ex
957 841 1192 924 quibus
1238 850 1375 907 erat
1417 850 1630 907 motus
1677 839 1981 925 temporis
2018 838 2512 923 consignandas,-

435 937 913 1023 conligatisque
931 934 1306 1019 corporibus
1321 934 1592 1001 vinculis
1613 933 1995 1001 animalibus
2013 931 2361 1000 animantia
2371 942 2514 997 orta

437 1042 601 1101 sunt
636 1053 840 1115 eaque
865 1029 1132 1115 imperio
1161 1050 1384 1114 parere
1413 1028 1794 1105 didicerunt,
1821 1038 1975 1093 tunc
2000 1050 2082 1093 ex
2112 1027 2371 1093 alterius
2396 1050 2513 1091 na-

434 1140 637 1193 turae
677 1124 958 1191 motione
1003 1133 1366 1189 transversa
1397 1122 1466 1187 in
1503 1122 1791 1189 eiusdem
1822 1133 2091 1189 naturae
2125 1131 2371 1186 motum
2414 1120 2513 1187 in·-

437 1217 772 1285 currentia
821 1218 894 1283 in
936 1238 1140 1301 eaque
1184 1216 1512 1283 haerentia
1569 1227 1763 1301 atque
1814 1216 2129 1302 inpedita,
2182 1238 2333 1283 cum
2388 1216 2513 1280 alia
2548 1215 2553 1220 “

435 1313 762 1381 maiorem
783 1312 1125 1379 lustrarent
1145 1312 1387 1387 orbem,
1416 1310 1542 1377 alia
1567 1311 1903 1389 minorem,
1930 1312 2173 1379 tardius
2192 1332 2359 1395 quae
2376 1334 2513 1375 ma·-

437 1410 652 1477 iorem
667 1454 688 1484 ,
731 1406 1001 1476 celerius
1035 1428 1203 1490 quae
1247 1405 1590 1481 minorem,
1636 1415 1818 1470 motu
1861 1406 2053 1471 unius
2098 1405 2513 1489 eiusdemque

438 1514 722 1569 naturae
756 1522 924 1585 quae
959 1499 1357 1569 velocissime
1389 1499 1841 1577 movebantur,
1878 1522 1956 1567 ea
1990 1499 2308 1565 eeleritate
2342 1498 2515 1565 vinei

442 1620 486 1661 a
515 1594 904 1663 tardioribus
922 1606 1010 1671 et,
1035 1616 1185 1661 eum
1203 1594 1613 1679 superabant,
1636 1593 1927 1679 superari
1946 1593 2351 1669 videbantur3
2376 1614 2515 1657 om·-

443 1691 553 1756 nis
585 1689 756 1757 enim
773 1689 946 1753 orbis
967 1709 1190 1755 eorum
1207 1688 1393 1772 quasi
1411 1688 1655 1755 helicae
1670 1688 2009 1753 inflexione
2026 1686 2336 1764 vertebat,
2362 1687 2519 1769 quia

447 1782 755 1850 bifariam
793 1782 1107 1847 contrarie
1137 1782 1326 1849 simul
1353 1781 1766 1867 procedentia
1792 1777 2177 1857 efficiebant,
2211 1790 2304 1858 ut,
2339 1780 2516 1864 quod

449 1886 626 1945 esset
659 1874 1124 1953 tardissimum,
1171 1875 1240 1941 id
1274 1876 1636 1960 proximum
1670 1874 1853 1941 fieret
1886 1874 2235 1941 celerrimo.
2323 1884 2515 1958 atque

447 1981 528 2037 ut
576 1980 744 2037 esset
785 1991 1090 2035 mensura
1133 1967 1452 2051 quaedam
1499 1968 1791 2046 evidens,
1837 1988 2003 2051 quae
2035 1968 2105 2033 in
2138 1978 2283 2033 oeto
2318 1967 2517 2033 cursi-

450 2066 582 2129 bus
619 2063 974 2129 celeritates
1012 2060 1472 2146 tarditatesque
1507 2061 1888 2137 declararet,
1936 2062 2097 2129 deus
2140 2062 2279 2149 ipse
2314 2062 2515 2126 solem

451 2157 643 2243 quasi
687 2158 903 2223 lumen
950 2155 1242 2223 accendit
1286 2156 1368 2221 ad
1415 2155 1768 2223 seeundum
1812 2178 2009 2241 supra
2042 2167 2277 2222 terram
2312 2156 2517 2221 ambi-

447 2265 627 2328 tum,
669 2262 741 2316 ut
785 2271 982 2334 quam
1025 2250 1303 2317 maxime
1349 2252 1600 2317 caelum
1645 2250 1947 2317 omnibus
1982 2251 2347 2317 conluceret
2380 2250 2517 2315 ani-

448 2356 861 2429 mantesque,
897 2344 1134 2429 quibus
1167 2344 1270 2411 ius
1307 2355 1478 2411 esset
1511 2344 1757 2422 doceri,
1794 2346 1877 2409 ab
1914 2345 2200 2411 eiusdem
2235 2355 2414 2411 motu
2450 2356 2517 2410 et

451 2442 540 2507 ab
577 2440 742 2516 eius,
779 2440 954 2524 quod
987 2439 1192 2507 simile
1227 2450 1426 2515 esset,
1473 2460 1890 2509 numerorum
1922 2449 2221 2505 naturam
2256 2438 2515 2523 vimque

451 2545 932 2621 cognoscerent.
1019 2556 1150 2600 nox
1191 2534 1390 2620 igitur
1435 2544 1500 2599 et
1533 2533 1671 2599 dies
1708 2533 1792 2601 ad
1825 2534 1999 2600 hunc
2032 2533 2298 2599 modum
2332 2544 2397 2599 et
2431 2534 2515 2597 ob
2606 2600 2611 2606 ,

448 2632 572 2696 has
625 2639 930 2715 generata
979 2650 1208 2695 causas
1252 2652 1456 2695 unum
1501 2628 1906 2695 circumitum
1950 2628 2125 2693 orbis
2172 2628 2369 2693 efficit
2413 2651 2517 2692 sa-

449 2722 922 2809 pientissimum
983 2732 1178 2805 atque
1241 2722 1587 2807 optimum,
1647 2722 1885 2786 mensis
1949 2733 2194 2798 autem,
2258 2722 2518 2804 quando

449 2817 614 2881 luna
670 2817 938 2879 lustrato
1001 2836 1118 2879 suo
1179 2834 1373 2881 cursu
1429 2816 1630 2885 solem
1694 2825 2039 2881 consecuta
2098 2824 2225 2889 est,
2290 2836 2515 2891 annus,

453 2910 574 2977 ubi
619 2910 714 2973 sol
762 2928 951 2973 suum
986 2917 1192 2971 totum
1229 2907 1506 2974 confecit
1541 2918 1606 2973 et
1639 2908 2009 2993 peragravit
2042 2907 2295 2983 orbem;
2350 2916 2519 2973 cete-

455 3024 676 3069 rorum
717 3011 938 3067 autem
973 2999 1257 3067 siderum
1291 3000 1572 3067 ambitus
1606 3000 1977 3086 ignorantes
2011 2999 2299 3065 homines
2334 3022 2519 3086 prae-

455 3112 559 3167 ter
619 3097 966 3163 admodum
1027 3116 1266 3181 paucos
1325 3116 1538 3179 neque
1603 3094 1863 3161 nomine
1924 3095 2249 3181 appellant
2308 3116 2519 3179 neque

455 3196 626 3261 inter
686 3215 755 3257 se
817 3206 1084 3257 numero
1147 3190 1666 3257 commetiuntur.
1770 3190 1991 3274 itaque
2048 3190 2341 3255 nesciunt
2400 3190 2519 3255 hos

459 3288 742 3355 siderum
779 3306 1024 3353 errores
1057 3284 1126 3349 id
1159 3284 1374 3371 ipsum
1411 3307 1569 3361 esse,
1609 3284 1786 3368 quod
1820 3284 1940 3349 rite
1976 3285 2208 3350 dicitur
2240 3295 2516 3369 tempus,

458 3380 868 3447 multitudine
919 3378 1194 3456 infinita,
1263 3371 1590 3446 varietate'
1621 3378 1982 3444 admirabili
2032 3376 2381 3463 praeditosz
2444 3398 2521 3441 ac

458 3488 678 3543 tamen
711 3472 871 3541 illud
905 3473 1178 3559 perspici
1213 3484 1278 3541 et
1310 3472 1597 3558 intellegi
1621 3481 1852 3557 potest,
1890 3471 2183 3537 absoluto
2208 3468 2523 3554 perfecto-

461 3592 592 3654 que
643 3589 910 3633 numero
961 3567 1268 3655 temporis
1323 3566 1693 3633 absolutum
1746 3588 1987 3633 annum
2038 3562 2523 3649 perfectumque

461 3676 619 3729 tunc
672 3661 954 3748 conpleri
1005 3661 1280 3746 denique
1294 3709 1313 3739 ,
1367 3683 1516 3727 cum
1567 3683 1638 3727 se
1694 3670 1839 3727 octo
1892 3659 2171 3727 ambitus
2217 3656 2523 3723 confectis

467 3758 600 3823 suis
635 3758 927 3823 cursibus
962 3756 1047 3823 ad
1079 3756 1252 3821 idem
1287 3766 1482 3843 caput
1514 3754 1896 3821 rettulerunt
1928 3774 2205 3836 cumque
2241 3774 2350 3816 eos
2378 3772 2525 3836 per-
2561 3806 2566 3812 .

465 3872 726 3917 mensus
771 3862 868 3917 est
911 3851 1085 3918 idem
1121 3862 1186 3917 et
1216 3872 1470 3937 >semper
1503 3850 1604 3916 sui
1639 3848 1861 3916 similis
1896 3848 2089 3914 orbis.
2176 3846 2293 3911 has
2326 3846 2524 3931 igitur

467 3945 556 4010 ob
599 3967 824 4014 causas
867 3957 1022 4013 nata
1058 3957 1232 4012 astra
1263 3956 1443 4023 sunt,
1489 3966 1655 4029 quae
1690 3966 1807 4030 per
1842 3943 2090 4009 caelum
2124 3940 2525 4029 penetrantia

465 4039 783 4105 solstitiali
820 4064 888 4106 se
923 4051 988 4107 et
1022 4040 1300 4107 brumali
1333 4039 1741 4107 revocatione
1776 4046 2249 4113 converterent,
2292 4044 2367 4099 ut
2399 4032 2523 4099 hoc
