3292 4559
720 245 853 315 192
1340 260 1420 314 M.
1457 257 2168 326 TULanoERoms

717 389 983 450 necesse
1018 395 1115 451 est
1146 383 1391 468 aliquid
1426 406 1508 449 ex
1542 404 1654 449 ore
1689 381 1917 448 cadere
1952 392 2019 448 et
2051 393 2287 448 terram
2321 382 2569 468 pavire,
2605 385 2792 452 terri-

719 479 987 565 pavium
1023 480 1249 565 primo,
1284 488 1432 563 post
1465 477 1888 562 terripudium
1921 475 2166 542 dictum
2196 485 2326 552 est-3
2362 475 2490 542 hoc
2526 479 2788 562 quidem

714 572 853 638 iam
902 573 1255 658 tripudium
1306 572 1556 636 dicitur.
1642 593 1797 636 cum
1849 570 2045 657 igitur
2095 568 2228 634 offa
2273 570 2504 637 cecidit
2551 595 2633 637 ex
2677 595 2790 638 ore

721 667 913 755 pulli,
972 677 1122 734 tum
1174 667 1535 777 auspicanti
1595 663 1946 752 tripudium
1999 663 2382 730 solistimum
2433 668 2787 732 nuntiatur.

620 760 691 816 35
728 782 881 850 ergo
913 761 1039 828 hoc
1074 761 1429 848 auspicium
1463 759 1664 824 divini
1691 758 2038 843 quicquam
2071 757 2310 823 habere
2343 768 2568 844 potest,
2607 761 2785 844 quod

655 833 859 922 ⁸tam
892 857 975 922 sit
1007 867 1303 953 emotum
1337 865 1402 922 et
1431 853 1848 940 expressum?
1881 873 2012 937 quo
2048 853 2540 935 antiquissumos
2575 877 2784 940 augu-

722 973 826 1017 res
860 973 992 1016 non
1023 972 1167 1016 esse
1200 971 1355 1016 usos
1388 958 1768 1035 argumento
1805 957 1920 1024 est,
1953 947 2130 1029 quod
2165 946 2497 1012 decretum
2531 948 2784 1034 collegii

719 1055 905 1111 vetus
955 1043 1271 1111 habemus
1334 1064 1591 1108 omnem
1654 1062 1840 1107 avem
1902 1038 2254 1126 tripudium
2305 1039 2520 1106 facere
2573 1063 2784 1126 posse.

720 1149 858 1203 tum
888 1138 1091 1224 igitur
1112 1146 1290 1205 esset
1324 1135 1712 1224 auspicium,
1748 1135 1805 1201 si
1837 1133 2031 1200 modo
2067 1144 2232 1200 esset
2281 1133 2344 1200 ei
2373 1133 2652 1200 liberum
2660 1182 2680 1213 ,
2717 1157 2786 1200 se

720 1231 1104 1308 ostendisse;
1140 1241 1280 1296 tum
1314 1229 1452 1295 avis
1485 1230 1597 1295 illa
1612 1229 1817 1295 videri
1849 1239 2066 1314 posset
2093 1227 2404 1314 interpres
2433 1239 2500 1294 et
2531 1229 2788 1295 satelles

721 1325 918 1390 Iovis.
1004 1347 1179 1390 nunc
1222 1344 1375 1390 vero
1419 1323 1669 1388 inclusa
1709 1324 1778 1388 in
1815 1345 2013 1388 cavea
2047 1333 2111 1387 et
2151 1322 2326 1388 fame
2357 1333 2584 1388 enecta
2619 1323 2674 1387 si
2715 1323 2787 1388 in

722 1417 920 1482 offam
944 1419 1141 1504 pultis
1167 1417 1404 1483 invasit
1431 1427 1496 1482 et
1514 1417 1570 1482 si
1596 1415 1840 1500 aliquid
1865 1440 1949 1482 ex
1973 1418 2112 1483 eius
2142 1438 2252 1482 ore
2281 1415 2527 1493 cecidit,
2559 1415 2686 1482 hoc
2713 1427 2786 1482 tu

724 1512 1085 1598 auspicium
1120 1522 1233 1577 aut
1265 1510 1389 1576 hoc
1422 1510 1613 1576 modo
1641 1509 1992 1577 Romulum
2016 1510 2340 1596 auspicari
2373 1511 2632 1576 solitum
2665 1532 2788 1596 pu-

629 1629 681 1668 '14
724 1605 863 1670 tas?
914 1606 1046 1670 iam
1088 1605 1171 1670 de
1216 1605 1393 1670 caelo
1439 1625 1696 1670 servare
1729 1625 1858 1670 non
1901 1604 2077 1690 ipsos
2115 1627 2336 1670 censes
2373 1604 2622 1683 solitos,
2673 1605 2786 1690 qui

725 1699 1260 1786 auspicabantur?
1321 1715 1491 1764 nunc
1542 1699 1860 1785 imperant
1919 1699 2220 1784 pullari0,
2282 1699 2390 1767 ille
2441 1699 2781 1766 renuntiat.

722 1794 969 1860 fulmen
1001 1794 1329 1858 sinistrum
1364 1792 1724 1879 auspicium
1758 1803 2092 1879 optumum
2127 1791 2440 1858 habemus
2471 1793 2556 1858 ad
2581 1792 2788 1858 omnis

720 1911 825 1954 res
859 1898 1309 1974 >praeterquam
1344 1887 1431 1952 ad
1466 1886 1755 1964 comitia3
1791 1887 1968 1970 quod
2001 1885 2264 1970 quidem
2297 1887 2660 1953 institutum
2689 1888 2785 1952 rei

722 1981 1017 2068 publicae
1053 2003 1250 2048 causa
1282 1993 1410 2060 est,
1465 1993 1539 2048 ut
1573 1982 1976 2049 comitiorum
2020 1982 2126 2048 vel
2172 1982 2241 2046 in
2274 1982 2526 2048 iudiciis
2559 1983 2787 2069 populi

727 2076 827 2142 vel
860 2075 929 2142 in
964 2077 1104 2142 iure
1138 2076 1360 2162 legum
1384 2073 1492 2141 v'el
1516 2075 1587 2142 in
1620 2077 1912 2143 creandis
1946 2076 2428 2162 magistratibus
2463 2077 2786 2163 principes

724 2170 999 2236 civitatis
1036 2181 1250 2237 essent
1284 2172 1681 2256 interpretes.
1737 2176 1834 2236 ‘at
1860 2169 1964 2235 Ti.
1985 2169 2270 2238 Gracchi
2303 2171 2528 2238 litteris
2565 2170 2786 2258 Scipio

724 2275 791 2330 et
822 2264 1099 2349 Figulus
1148 2265 1473 2341 consules,
1526 2286 1674 2329 cum
1720 2287 2001 2350 augures
2040 2265 2430 2331 iudicassent
2473 2288 2582 2332 eos
2628 2267 2787 2332 vitio

724 2369 970 2425 creatos
1023 2380 1193 2435 esse,
1246 2359 1627 2444 magistratu
1681 2381 1748 2424 se
1802 2359 2301 2426 abdicaverunt?
2391 2360 2536 2445 quis
2587 2374 2786 2448 negat

724 2473 1045 2536 augurum
1088 2450 1488 2537 disciplinam
1532 2453 1714 2517 esse?
1761 2452 2216 2520 divinationem
2258 2476 2447 2539 nego.
2537 2461 2636 2522 ‘at
2665 2455 2787 2520 ha·-

722 2545 1009 2631 ruspices
1045 2544 1275 2622 divini3
1325 2567 1487 2628 quos
1523 2567 1670 2610 cum
1705 2545 1808 2610 Ti.
1847 2544 2184 2612 Gracchus
2218 2558 2480 2634 propter
2513 2557 2785 2614 mortem

723 2639 1123 2726 repentinam
1178 2641 1346 2716 eius,
1400 2639 1514 2723 qui
1562 2641 1632 2706 in
1682 2642 2132 2726 praerogativa
2181 2642 2520 2708 referenda
2569 2642 2786 2708 subito

725 2734 1126 2812 concidisset,
1160 2734 1230 2798 in
1266 2743 1555 2799 senatum
1590 2734 2066 2813 introduxisset,
2100 2757 2231 2801 non
2257 2736 2498 2802 iustum
2524 2747 2785 2823 rogato-

630 2851 681 2894 ·25
725 2851 861 2894 rem
905 2829 1104 2893 fuisse
1149 2827 1485 2893 dixerunt?
1575 2829 1854 2915 primum
1887 2828 2036 2895 vide
2071 2852 2154 2895 ne
2197 2831 2266 2894 in
2302 2853 2450 2896 eum
2487 2831 2782 2908 dixerint,

724 2923 837 3006 qui
879 2931 1143 3007 rogator
1186 2922 1509 2988 centuriae
1553 2922 1808 2999 fuisset3
1860 2923 1917 2988 is
1953 2923 2124 2988 enim
2159 2934 2295 2989 erat
2340 2935 2660 3002 mortuus3
2711 2925 2786 2988 id

725 3026 941 3082 autem
970 3017 1105 3082 sine
1136 3016 1523 3084 divinatione
1551 3018 1916 3084 coniectura
1951 3029 2246 3104 poterant
2274 3019 2484 3086 dicere
2495 3044 2515 3098 3
2554 3019 2788 3086 deinde

723 3111 995 3176 fortasse
1031 3132 1213 3188 casu,
1260 3112 1372 3196 qui
1414 3112 1592 3178 nullo
1626 3111 1820 3177 modo
1855 3122 1957 3178 est
2001 3134 2084 3177 ex
2119 3112 2242 3178 hoc
2275 3135 2512 3199 genere
2555 3114 2785 3178 tollen-

724 3205 877 3270 dus:
916 3205 1074 3290 quid
1108 3204 1278 3272 enim
1306 3205 1485 3281 'scire
1514 3204 1779 3274 Etrusci
1811 3205 2185 3293 haruspices
2222 3219 2336 3272 aut
2368 3207 2450 3272 de
2486 3207 2786 3274 taberna-

724 3300 871 3366 culo
903 3309 1075 3366 recte
1112 3310 1299 3386 capto
1330 3310 1447 3366 aut
1470 3297 1563 3366 =de
1596 3300 1866 3386 pomerii
1897 3301 2038 3366 iure
2062 3301 2447 3386 potuerunt?
2481 3300 2785 3386 equidem

724 3393 1045 3460 adsentior
1100 3391 1180 3459 C.
1234 3388 1549 3460 Marcello
1598 3395 1813 3480 potius
1867 3413 2061 3478 quam
2113 3394 2246 3480 Ap.
2301 3391 2606 3473 Claudio,
2667 3395 2785 3480 qui

725 3487 915 3552 ambo
952 3487 1096 3554 ..mei
1148 3488 1433 3574 collegae
1482 3488 1776 3565 fuerumt,
1821 3486 2251 3572 existimoque
2294 3487 2396 3554 ius
2441 3511 2784 3575 augurum,

724 3581 841 3646 etsi
866 3581 1275 3647 divinationis
1302 3581 1599 3667 opinione
1634 3580 1946 3666 princi-pio
1973 3583 2392 3648 constitutum
2427 3582 2529 3660 sit,
2565 3592 2786 3648 tamen

724 3685 949 3759 postea
980 3674 1077 3740 rei
1109 3674 1407 3760 publicae
1438 3695 1639 3740 causa
1674 3685 2122 3742 conservamur
2141 3697 2233 3744 ‘ac
2267 3686 2606 3746 retentum.

620 3762 691 3874 ἓξ
856 3767 992 3834 Sed
1028 3769 1108 3833 de
1153 3767 1279 3832 hoc
1310 3768 1453 3832 loeo
1496 3769 1684 3853 plura
1715 3767 1784 3834 in
1821 3768 1991 3846 aliis,
2041 3791 2215 3835 nunc
2238 3769 2580 3836 hactenus.
2667 3791 2790 3835 ex·-

725 3869 909 3926 terna
944 3859 1117 3926 enim
1148 3861 1453 3948 auguria,
1484 3879 1658 3944 qnae
1683 3872 1843 3926 sunt
1874 3883 2008 3927 non
2029 3873 2176 3929 tam
2209 3862 2551 3931 artificiosa
2583 3881 2782 3947 quam

726 3954 1191 4038 superstitiosa,
1242 3953 1593 4020 videamus.
1678 3955 1978 4022 >omnibus
2019 3955 2167 4022 iere
2217 3955 2446 4022 avibus
2489 3963 2786 4032 utuntur,

724 4066 843 4110 nos
878 4045 1222 4114 admodum
1252 4046 1505 4134 paucis3
1541 4047 1669 4113 alia
1699 4048 1823 4114 illis
1858 4048 2111 4116 sinistra
2145 4061 2326 4129 sunt,
2361 4049 2492 4116 alia
2525 4049 2785 4116 nostris.

602 4188 635 4198 e—
