3292 4559
736 224 867 293 308
1352 234 1430 289 Μ.
1470 230 1746 289 runnu
1781 228 2182 287 cml-:RONIS

738 360 978 447 itaque,
1013 371 1086 425 ut
1122 358 1411 425 omittam
1445 356 1786 442 largitione
1823 364 2122 440 corrupta
2155 348 2492 437 suffragia,
2535 373 2672 416 non
2709 352 2804 415 vi-

739 456 883 533 des,
929 456 983 519 si
1028 454 1286 538 quando
1334 452 1613 516 ambitus
1661 451 1873 526 sileat,
1921 448 2143 533 quaeri
2185 448 2253 511 in
2289 445 2614 531 suffragiis
2645 445 2806 529 quid

740 550 966 637 optimi
998 549 1121 614 viri
1156 548 1469 615 sentiant?
1540 567 1736 629 quam
1773 545 1857 609 ob
1891 566 2026 609 rem
2060 542 2208 627 lege
2241 552 2458 607 nostra
2489 539 2804 603 libertatis

742 644 987 730 species
1024 643 1241 719 datur,
1279 641 1623 707 auctoritas
1659 642 1974 749 bonorum
2008 638 2344 713 retinetur,
2385 634 2808 701 contentionis

746 760 943 803 causa
978 736 1238 803 tollitur.

641 831 710 885 18
871 830 1129 897 Deinde
1174 830 1488 915 sequitur,
1546 828 1844 912 quibus·
1825 850 1926 891 ius
1969 827 2055 892 sit
2097 848 2246 892 eum
2287 824 2528 910 populo
2574 822 2808 908 agendi

646 902 702 943 ⁴⁰
746 939 859 993 aut
910 950 1059 992 cum
1112 938 1356 996 senatu.
1446 924 1662 1011 gravis
1716 936 1808 1000 et,
1860 933 1936 987 ut
1985 922 2284 996 arbitror,
2337 918 2674 1005 praeclara
2715 927 2812 983 est

745 1024 880 1089 lex·
920 1030 1109 1109 ‘quae
1143 1044 1277 1086 eum
1302 1022 1539 1106 populo
1574 1040 1870 1103 quaeque
1903 1018 1972 1081 in
2004 1016 2293 1103 patribus
2331 1024 2637 1099 agentur,
2673 1034 2812 1077 mo-

746 1116 892 1181 dica
943 1115 1195 1192 suntoss
1246 1114 1316 1178 id
1368 1123 1466 1179 est
1516 1112 1808 1177 modesta
1859 1122 2050 1194 atque
2093 1110 2342 1185 sedata3
2413 1117 2595 1171 actor
2639 1106 2811 1171 enim

745 1208 1115 1275 moderatur
1150 1219 1213 1274 et
1244 1207 1431 1291 fingit
1465 1228 1595 1271 ιιοιι
1628 1206 1822 1269 modo
1857 1215 2136 1269 mentem
2172 1224 2248 1267 ac
2275 1201 2661 1277 voluntates,
2699 1199 2814 1264 sed

744 1324 951 1388 paene
987 1302 1195 1366 voltus
1231 1321 1472 1376 eorum,
1510 1300 1686 1385 apud
1721 1321 1885 1384 quos
1921 1298 2072 1385 agit.
2145 1296 2320 1381 quod
2355 1306 2454 1360 est
2487 1295 2556 1358 in
2583 1305 2811 1359 senatu

746 1416 877 1459 non
912 1394 1171 1459 difficile
1182 1419 1201 1471 3
1238 1405 1334 1459 est
1372 1394 1542 1459 enim
1576 1404 1834 1458 senator
1866 1392 1942 1470 is,
1979 1391 2162 1457 ouius
2197 1411 2325 1454 non
2361 1389 2447 1453 ad
2483 1399 2810 1453 auctorem

746 1488 1061 1555 referatur
1094 1487 1365 1563 animus,
1404 1488 1517 1552 sed
1552 1488 1665 1571 qui
1699 1510 1814 1574 per
1851 1510 1919 1553 se
1956 1486 2096 1571 ipse
2131 1483 2407 1570 spectari
2433 1481 2610 1549 velit.
2663 1481 2810 1544 huic

746 1582 921 1649 iussa
954 1582 1077 1645 tria
1112 1593 1287 1646 sunt:
1325 1592 1397 1645 ut
1434 1581 1629 1657 adsit3
1667 1601 1818 1645 nam
1853 1580 2234 1667 gravitatem
2267 1600 2372 1642 res
2411 1576 2630 1653 habet,
2666 1596 2810 1639 cum

746 1675 1049 1759 frequens
1082 1676 1239 1740 ordo
1276 1686 1401 1753 est3
1438 1686 1513 1740 ut
1544 1673 1688 1739 loco
1725 1675 1915 1752 dicat,
1950 1674 2020 1738 id
2046 1684 2144 1738 est
2167 1683 2462 1757 rogatus3
2499 1680 2573 1733 ut
2597 1668 2810 1743 modo,

748 1792 831 1835 ne
874 1770 957 1833 sit
996 1769 1281 1835 infinitus
1292 1794 1311 1846 3
1364 1791 1515 1833 nam
1559 1768 1841 1833 brevitas
1885 1790 2016 1832 non
2060 1767 2253 1831 modo
2303 1764 2644 1839 senatoris,
2697 1762 2814 1826 sed

746 1864 941 1928 etiam
976 1864 1243 1928 oratoris
1278 1886 1516 1948 magna
1548 1864 1692 1927 laus
1727 1874 1826 1927 est
1865 1861 1959 1949 [in
1995 1859 2361 1946 sententia]‚
2401 1881 2522 1925 nec
2547 1870 2644 1923 est
2671 1880 2813 1922 um-

747 1978 943 2040 quam
977 1958 1173 2043 longa
1208 1957 1492 2023 oratione
1528 1958 1872 2034 utendum,
1915 1956 2054 2020 nisi·
2073 1965 2187 2023 aut
2220 1965 2528 2041 peccante
2561 1963 2811 2027 senatu,

746 2051 921 2133 quod
972 2051 1045 2115 fit
1096 2052 1444 2116 ambitione
1498 2052 1900 2137 saepissime,
1965 2050 2140 2114 nullo
2192 2048 2572 2133 magistratu
2629 2046 2814 2110 adiu·-

746 2156 938 2211 vante
982 2146 1116 2211 tolli
1160 2146 1329 2213 diem
1374 2145 1528 2211 utile
1574 2157 1700 2224 est,
1755 2156 1868 2209 aut
1913 2166 2060 2211 cum
2105 2155 2284 2209 tanta
2329 2164 2524 2207 causa
2567 2152 2696 2216 est,
2741 2151 2812 2203 ut

746 2260 911 2323 opus
957 2238 1039 2304 sit
1082 2239 1353 2305 oratoris
1398 2240 1585 2325 copia
1626 2240 1732 2305 vel
1778 2241 1862 2304 ad
1897 2239 2282 2303 hortandum
2319 2238 2423 2302 vel
2459 2237 2545 2300 ad
2577 2236 2812 2301 docen-

748 2333 931 2410 dum3
976 2354 1251 2416 quorum
1292 2356 1605 2418 generum
1650 2334 1719 2397 in
1765 2346 2037 2417 utroque
2080 2352 2353 2419 magnus
2389 2342 2606 2395 noster
2644 2326 2810 2394 Cato

653 2454 705 2491 ιι
752 2436 869 2489 est.
956 2427 1259 2509 quodque
1308 2426 1487 2489 addit
1541 2434 1801 2491 ‘causas
1837 2427 2060 2513 populi
2092 2426 2358 2502 teneto’,
2403 2436 2503 2491 est
2535 2423 2812 2489 senatori

743 2518 1179 2583 necessarium
1213 2540 1403 2584 nosse
1436 2542 1575 2584 rem
1611 2521 1970 2605 publicam,
2005 2522 2200 2605 idque
2234 2522 2363 2585 late
2397 2529 2604 2604 patet:
2661 2517 2811 2601 quid

748 2612 983 2677 habeat
1018 2612 1313 2690 militum,
1350 2614 1506 2697 quid
1540 2616 1755 2680 valeat
1791 2616 2057 2692 aerario,
2095 2635 2254 2698 quos
2290 2614 2494 2679 socios
2537 2612 2670 2699 [res
2695 2635 2809 2697 pu-

748 2706 945 2793 blica]
984 2706 1239 2786 habeat,
1276 2728 1437 2791 quos
1475 2709 1736 2787 amicos,
1773 2731 1936 2793 quos
1971 2707 2434 2795 stipendiarios,
2471 2728 2604 2791 qua
2641 2705 2809 2791 quis·-

750 2823 876 2883 que
911 2801 994 2867 sit
1027 2803 1171 2887 lege
1184 2849 1202 2878 ,
1246 2803 1651 2880 condicione,
1687 2804 1976 2880 foedere3
2032 2814 2250 2868 tenere
2286 2801 2814 2866 consuetudinem

748 2896 1153 2973 decernendi,
1190 2918 1378 2962 nosse
1415 2899 1710 2984 exempla
1743 2897 2079 2961 maiorum.
2167 2895 2398 2961 videtis
2443 2894 2578 2958 iam
2609 2916 2816 2980 genus

750 2989 874 3055 hoo
908 2989 1097 3055 omne
1134 3014 1273 3056 esse
1310 2993 1631 3085 scientiae,
1671 2992 2061 3078 diligentiae,
2097 2991 2473 3067 memoriae,
2511 2990 2654 3055 sine
2691 3010 2816 3073 quo

749 3092 1011 3178 paratus
1048 3105 1187 3148 esse
1224 3098 1481 3150 senator
1515 3088 1692 3151 nullo
1727 3097 1916 3173 pacto
1952 3096 2182 3172 potest.

650 3204 705 3242 ιιι
876 3174 1205 3263 Deinceps
1250 3191 1401 3244 sunt
1447 3202 1595 3244 cum
1638 3180 1879 3265 populo
1925 3180 2236 3254 actiones,
2272 3179 2360 3249 ‚in
2403 3176 2642 3261 quibus
2687 3176 2819 3261 pri-

750 3292 927 3337 mum
964 3281 1028 3335 et
1062 3272 1443 3337 maximum:
1482 3276 1607 3338 ‘vis
1642 3274 1905 3339 abest0.’
1968 3274 2128 3339 nihil
2163 3284 2262 3338 est
2283 3272 2460 3337 enim
2487 3270 2818 3337 exitiosius

750 3364 1143 3443 civitatibus,
1196 3366 1357 3432 nihil
1408 3378 1541 3432 tam
1594 3368 1983 3433 contrarium
2033 3368 2158 3433 iuri
2201 3388 2278 3431 ac
2321 3366 2606 3451 legibus,
2659 3363 2819 3427 nihil

750 3460 962 3525 minus
1009 3460 1193 3524 civile
1240 3472 1303 3526 et
1348 3461 1703 3526 humanum
1749 3483 1944 3546 quam
1989 3462 2320 3547 conposita
2363 3473 2426 3525 et
2471 3460 2819 3524 constituta

750 3576 819 3617 re
855 3552 1115 3637 publica
1148 3555 1491 3639 quicquam
1526 3558 1636 3643 agi
1670 3580 1786 3643 per
1821 3558 1971 3621 vim.
2035 3579 2261 3643 parere
2293 3556 2477 3619 iubet
2509 3554 2815 3619 interces-

752 3646 908 3722 sori,
963 3668 1093 3729 quo
1144 3648 1304 3714 nihil
1347 3653 1776 3735 praestantius
1787 3676 1806 3728 3
1861 3650 2136 3735 inpediri
2182 3650 2351 3715 enim
2396 3650 2638 3713 bonam
2681 3670 2817 3711 rem

650 3762 717 3815 19
750 3740 981 3805 melius
1034 3763 1229 3825 quam
1282 3745 1548 3809 concedi
1600 3748 1829 3811 malae.
1919 3746 2095 3829 quod
2147 3767 2298 3810 vero
2343 3744 2576 3808 actoris
2623 3742 2816 3807 iubeo

752 3854 890 3898 esse
926 3834 1251 3913 fraudem,
1286 3839 1356 3902 id
1390 3850 1595 3904 totum
1630 3841 1766 3903 dixi
1801 3863 1881 3906 ex
1919 3837 2171 3917 Crassi,
2210 3838 2664 3924 sapientissimi
2701 3837 2816 3900 ho-

749 3928 968 4031 minis,
1018 3933 1357 3997 sententia:
1412 3956 1603 4017 quem
1651 3946 1748 4000 est
1781 3946 2041 4002 senatus
2078 3948 2362 4011 secutu8,
2409 3956 2557 3997 cum
2597 3933 2818 3997 decre·

742 4020 1061 4085 xusset-C.
1103 4022 1376 4089 Claudio
1422 4030 1683 4095 consule
1733 4029 1814 4093 de
1851 4025 1973 4093 Cn.
2014 4025 2330 4095 Carbonis
2365 4026 2679 4093 seditione
2715 4048 2819 4091 re-
