3292 4559
1161 289 1368 349 CATO
1406 290 1657 347 MAIOR
1694 292 1933 349 79-85.
2458 284 2585 351 261

508 432 645 489 tem
683 430 754 486 et
779 417 1072 503 quietam
1099 416 1234 483 sine
1269 418 1402 482 ullo
1427 417 1648 482 labore
1674 427 1737 481 et
1773 417 2177 485 contentione
2212 418 2587 487 traducere?

511 514 630 582 sed
663 512 890 579 nescio
928 532 1058 596 quo
1102 512 1293 578 modo
1331 512 1580 577 animus
1618 511 1871 599 erigens
1908 535 1976 579 se
2022 514 2463 599 posteritatem
2495 516 2587 583 ita

515 631 771 696 semper
806 606 1274 693 prospiciebat,
1317 607 1532 691 quasi,
1580 629 1729 673 cum
1764 607 2144 674 excessisset
2179 632 2216 675 e
2250 610 2413 686 vita,
2448 620 2588 677 tum

517 704 794 788 denique
833 702 1120 767 victurus
1167 711 1363 778 esset3
1411 702 1587 787 quod
1631 701 1895 787 quidem
1938 702 2007 768 ni
2050 703 2141 768 ita
2184 726 2254 771 se
2298 704 2585 783 haberet,

518 810 592 865 ut
625 796 824 865 animi
857 796 1224 862 inmortales
1261 806 1492 874 essent,
1528 797 1708 862 haud
1735 798 1960 883 optimi
1995 798 2306 883 cuiusque
2334 800 2584 865 animus

513 886 798 959 maxime
835 892 921 956 ad
954 890 1426 957 inmortalitatis
1460 892 1734 979 gloriam
1768 892 2093 958 niteretur.
2183 893 2376 977 quid?
2410 894 2587 979 quod

514 986 1031 1074 sapientissimus
1075 984 1348 1070 quisque
1395 986 1781 1071 aequissimo
1827 986 2039 1051 animo
2087 986 2382 1064 moritur,
2430 989 2589 1053 stul·-

514 1081 806 1147 tissimus
838 1079 1271 1164 iniquissimo,
1305 1102 1519 1147 nonne
1553 1081 1739 1147 vobis
1774 1081 2030 1147 videtur
2063 1081 2119 1145 is
2155 1080 2404 1147 animus
2419 1130 2438 1159 ,
2474 1082 2585 1165 qui

518 1176 672 1261 plus
717 1184 934 1240 cernat
978 1184 1045 1239 et
1088 1174 1370 1261 longius,
1427 1174 1644 1241 videre
1690 1198 1759 1242 se
1804 1176 1887 1241 ad
1934 1175 2197 1241 meliora
2247 1175 2583 1261 proficisci,

515 1270 628 1335 ille
664 1279 914 1344 autem,
967 1267 1073 1333 cui
1109 1268 1398 1334 obtusior
1432 1268 1516 1334 sit
1556 1270 1779 1347 aoiesy
1808 1291 1939 1334 non
1973 1269 2231 1336 videre?
2284 1270 2583 1353 equidem

517 1361 754 1429 efferor
787 1360 1000 1426 studio
1034 1372 1249 1447 patres
1277 1374 1542 1439 vestros,
1578 1384 1739 1447 quos
1768 1364 1937 1429 colui
1960 1375 2027 1429 et
2054 1364 2267 1441 dilexi,
2301 1364 2582 1443 videndi,

515 1478 730 1541 neque
763 1477 919 1521 vero
949 1478 1058 1521 eos
1094 1456 1303 1521 solum
1332 1459 1671 1524 convenire
1700 1480 1881 1535 aveo,
1918 1480 2079 1543 quos
2114 1460 2253 1545 ipse
2289 1459 2582 1546 cognovi,

515 1550 638 1617 sed
670 1550 813 1615 illos
850 1549 1072 1626 etiam,
1109 1550 1189 1615 de
1227 1551 1461 1635 quibus
1497 1552 1717 1618 audivi
1762 1564 1825 1619 et
1858 1552 1987 1640 legi
2034 1564 2099 1619 et
2130 1554 2269 1638 ipse
2304 1555 2584 1621 conscri—

515 1645 640 1732 psi.
728 1665 858 1728 quo
894 1643 1154 1729 quidem
1200 1668 1304 1711 me
1350 1646 1857 1732 proficiscentem
1903 1647 2080 1713 haud
2115 1670 2269 1713 sane
2305 1649 2447 1731 quis
2485 1648 2584 1712 fa-

513 1740 640 1806 cile
674 1739 1012 1805 retraxerit
1044 1761 1165 1804 nec
1199 1729 1529 1825 tamquam
1561 1741 1816 1807 Peliam
1850 1742 2193 1819 recoxerit3
2241 1752 2303 1807 et
2348 1744 2405 1808 si
2438 1744 2582 1827 quis

516 1834 679 1900 deus
715 1832 874 1898 mihi
917 1832 1225 1919 largiatur
1269 1846 1342 1900 ut
1387 1857 1470 1901 ex
1513 1835 1636 1900 hac
1672 1845 1880 1901 aetate
1923 1857 2373 1921 repuerascam
2408 1848 2472 1902 et
2514 1839 2584 1902 in

513 1927 701 1993 cunis
744 1927 1038 2012 vagiam,
1092 1927 1280 1994 valde
1326 1951 1619 1995 recusem
1662 1952 1783 1995 nec
1826 1951 1979 1995 vero
2015 1930 2211 1995 velim
2253 1931 2438 2014 quasi
2474 1932 2583 1996 de-

513 2043 708 2088 curso
762 2022 970 2109 spatio
1024 2021 1109 2086 ad
1161 2044 1447 2089 carceres
1495 2047 1534 2089 a
1579 2023 1755 2089 calce
1808 2023 2112 2089 revocari.
2203 2024 2359 2107 quid
2412 2025 2583 2090 enim

515 2117 717 2183 habet
751 2116 883 2182 vita
910 2118 1267 2184 commodi?
1303 2118 1459 2203 quid
1492 2141 1622 2184 non
1647 2119 1862 2205 potius
1891 2118 2165 2185 laboris?
2201 2120 2315 2185 sed
2350 2120 2585 2186 habeat

511 2234 696 2289 sane,
732 2210 932 2277 habet
967 2222 1138 2279 certe
1175 2224 1392 2278 tamen
1427 2225 1540 2279 aut
1575 2215 1934 2280 satietatem
1969 2224 2082 2279 aut
2115 2214 2398 2279 modum.
2453 2237 2583 2280 non

513 2306 708 2373 lubet
741 2306 908 2371 enim
939 2307 1100 2374 mihi
1136 2307 1465 2395 deplorare
1500 2309 1729 2386 vitam,
1784 2309 1959 2394 quod
2002 2310 2189 2374 multi
2223 2320 2290 2375 et
2332 2311 2379 2375 ii
2414 2309 2584 2377 docti

515 2422 722 2485 saepe
756 2399 1070 2479 fecerunt,
1123 2424 1333 2487 neque
1366 2426 1472 2469 me
1507 2404 1744 2469 vixisse
1789 2403 2100 2489 paenitet,
2154 2406 2457 2489 quoniam
2492 2405 2583 2471 ita

517 2496 675 2573 vixi,
713 2506 784 2560 ut
815 2518 945 2561 non
981 2496 1220 2593 frustra
1254 2520 1358 2562 me
1392 2508 1619 2564 natum
1656 2498 2066 2576 existumem,
2106 2510 2169 2564 et
2206 2523 2287 2565 ex
2322 2501 2456 2565 vita
2488 2500 2582 2567 ita

517 2589 782 2655 discedo
833 2601 1165 2675 tamquam
1220 2614 1304 2656 ex
1355 2592 1660 2679 hospitio,
1714 2615 1844 2658 non
1894 2606 2225 2678 tamquam
2272 2617 2307 2659 e
2361 2595 2579 2671 domo;

519 2684 960 2749 commorandi
1005 2684 1174 2750 enim
1216 2696 1447 2751 natura
1482 2687 1921 2752 devorsorium
1955 2688 2140 2752 nobis
2156 2733 2175 2764 ,
2226 2710 2356 2752 non
2401 2687 2582 2751 habi-

520 2779 702 2845 tandi
736 2780 931 2846 dedit.
1021 2801 1061 2845 o
1096 2782 1494 2866 praeclarum
1532 2782 1733 2860 diem,
1787 2804 1937 2847 cum
1976 2781 2046 2847 in
2088 2782 2247 2848 illud
2294 2782 2580 2845 divinum

519 2873 880 2939 animorum
934 2874 1273 2940 concilium
1328 2886 1709 2959 coetumque
1762 2875 2129 2961 proficiscar
2180 2898 2454 2960 cumque
2501 2900 2582 2941 ex

518 2968 643 3035 hac
677 2968 869 3036 turba
905 2978 972 3035 et
1007 2970 1385 3035 conluvione
1432 2969 1793 3035 discedam!
1847 2970 2213 3055 proficiscar
2248 2970 2418 3036 enim
2452 2992 2580 3036 non

519 3064 606 3127 ad
641 3084 751 3129 eos
788 3063 1000 3128 solum
1033 3063 1226 3141 viros,
1264 3064 1343 3130 de
1381 3064 1613 3148 quibus
1652 3073 1799 3130 ante
1824 3064 1979 3141 dixi,
2015 3087 2240 3130 verum
2269 3065 2461 3131 etiam
2497 3066 2581 3130 ad

521 3154 841 3223 Catonem
888 3180 1132 3236 meum,
1187 3180 1314 3243 quo
1349 3180 1539 3225 nemo
1587 3158 1685 3223 vir
1719 3159 1944 3225 melior
1988 3171 2176 3225 natus
2213 3172 2337 3238 est,
2390 3182 2578 3226 nemo

517 3250 760 3337 pietate
793 3251 1246 3336 praestantior3
1285 3252 1467 3318 cuius
1506 3276 1545 3317 a
1577 3276 1683 3319 me
1720 3275 1952 3341 corpus
1990 3265 2087 3320 est
2124 3266 2473 3320 crematum
2494 3289 2579 3300 -

515 3344 706 3428 quod
756 3355 974 3410 contra
1018 3346 1232 3412 decuit
1275 3346 1357 3411 ab
1404 3348 1512 3411 illo
1557 3369 1776 3413 meum
1808 3385 1923 3426 —,
1970 3348 2219 3413 animus
2264 3368 2416 3411 vero
2452 3368 2579 3410 non

517 3460 632 3503 me
671 3437 985 3517 deserens,
1023 3441 1137 3506 sed
1171 3452 1538 3526 respectans
1566 3442 1633 3506 in
1661 3464 1738 3507 ea
1771 3441 2057 3528 profecto
2093 3442 2237 3505 loca
2272 3439 2579 3515 discessit,

517 3555 654 3618 quo
690 3532 848 3598 mihi
879 3534 1004 3620 ipsi
1041 3535 1342 3602 cernebat
1378 3558 1516 3602 esse
1545 3538 1959 3603 veniendum:
1998 3556 2191 3619 quem
2218 3555 2338 3620 ego
2365 3556 2581 3598 meum

520 3648 745 3693 casum
797 3627 1047 3695 fortiter
1099 3629 1267 3697 ferre
1320 3630 1495 3695 visus
1542 3653 1716 3709 sum,
1769 3653 1898 3696 non
1944 3651 2072 3714 quo
2117 3650 2321 3712 aequo
2367 3627 2578 3692 animo

521 3721 789 3799 ferrem,
845 3721 960 3788 sed
1001 3746 1104 3789 me
1148 3724 1286 3810 ipse
1323 3726 1698 3792 consolabar
1732 3726 2123 3791 existumans
2158 3744 2289 3788 non
2331 3722 2583 3807 longin-

523 3836 725 3899 quum
769 3816 937 3883 inter
977 3840 1096 3883 nos
1141 3819 1504 3904 digressum
1539 3831 1605 3885 et
1651 3820 2000 3885 discessum
2044 3819 2200 3884 fore.
2288 3817 2387 3882 his
2421 3816 2578 3881 mihi

520 3908 736 3986 rebus,
777 3907 1018 3995 Scipio,
1054 3948 1143 3961 -—-
1175 3913 1242 3977 id
1278 3914 1447 3979 enim
1483 3924 1546 3979 te
1584 3934 1732 3979 cum
1767 3913 1993 3979 Laelio
2032 3912 2332 3979 admirari
2375 3912 2577 3976 solere

517 4002 743 4068 dixisti
777 4040 868 4051 ——
899 4005 1059 4071 levis
1097 3994 1193 4073 est
1228 4018 1541 4086 senectus,
1577 4031 1699 4075 nec
1735 4008 1942 4073 solum
1977 4029 2106 4071 non
2142 4005 2427 4115 molesta,
2464 4004 2579 4071 scd

515 4096 720 4162 etiam
754 4096 1056 4165 iucunda.
1146 4102 1320 4186 quod
1355 4102 1409 4167 si
1443 4102 1510 4168 in
1551 4102 1675 4169 hoc
1710 4124 1881 4180 err0,
1933 4101 2046 4186 qui
2090 4100 2333 4167 animos
2376 4098 2579 4166 homi-

2624 910 2673 949 83

2622 2038 2672 2078 84

2619 3825 2671 3867 85
