3292 4559
637 666 686 707 64

654 1680 679 1705 l

635 1942 685 1983 65

631 3585 684 3626 66

726 222 858 288 282
1344 230 1422 285 Μ.
1462 226 1737 287 TULLII
1772 227 2174 286 CICERONIS

727 359 928 423 multo
972 356 1084 421 illa
1124 354 1385 421 malint?
1435 352 1735 419 inbecilla
1770 351 1942 419 enim
1978 362 2075 417 est
2116 362 2347 417 natura
2383 352 2468 418 ad
2504 364 2790 421 contem-

726 453 1006 521 nendam
1041 450 1421 537 potentiam3
1459 470 1655 533 quam
1684 448 1876 518 etiam
1911 447 1965 512 si
2000 447 2296 533 neglecta
2321 448 2602 515 amicitia
2636 452 2801 517 con-⁴

731 546 934 614 secuti
986 546 1141 623 sint,
1194 546 1606 610 obscuratum
1658 543 1739 607 iri
1790 542 2206 620 arbitrantur,
2261 544 2415 627 quia
2466 567 2597 611 non
2650 546 2787 612 sine

730 664 968 729 magna
1003 662 1199 706 causa
1241 638 1324 703 sit
1365 638 1680 723 neglecta
1704 636 1999 701 amicitia.
2086 636 2306 720 itaque
2340 660 2532 705 verae
2569 640 2787 705 amici-

730 738 858 803 tiae
894 734 1265 800 difficillime
1299 732 1703 819 reperiuntur
1737 730 1805 795 in
1838 732 1936 809 iis,
1973 731 2178 815 quiin
2211 732 2559 801 honoribus
2588 756 2785 819 reque

729 830 992 917 publica
1025 837 1389 893 versantur:
1425 826 1539 891 ubi
1567 825 1739 891 enim
1763 826 1959 891 istum
1982 826 2293 905 invenias,
2329 828 2443 912 qui
2476 828 2785 895 honorem

733 924 920 990 amici
957 932 1303 1008 anteponat
1338 920 1492 985 suo?
1527 919 1722 1004 quid?
1757 919 1917 986 haec
1952 931 2025 985 ut
2060 921 2371 999 omittam,
2407 944 2601 1008 quam
2636 947 2787 1011 gra-

732 1042 842 1085 ves
855 1066 873 1096 ,
928 1041 1122 1104 quam
1172 1016 1462 1082 difficiles
1505 1016 1827 1102 plerisque
1870 1015 2169 1082 videntur
2212 1018 2645 1085 calamitatum
2682 1041 2787 1085 so-

733 1112 1018 1181 cietatosl
1066 1111 1150 1177 ad
1193 1133 1354 1196 quas
1396 1132 1527 1176 non
1563 1120 1661 1177 est
1694 1110 1883 1201 facile
1916 1111 2182 1177 inventu
2218 1112 2331 1198 qui
2375 1113 2783 1181 descendant.

733 1220 1126 1293 quamquam
1161 1205 1412 1271 Ennius
1447 1216 1618 1271 recte

1103 1301 1345 1367 amicus
1383 1310 1592 1366 certus
1625 1300 1695 1364 in
1729 1322 1798 1365 re
1833 1300 2075 1365 incerta
2110 1302 2416 1379 cernitur,

731 1410 946 1463 tamen
997 1396 1157 1461 haec
1203 1395 1330 1460 duo
1384 1394 1659 1461 levitatis
1706 1406 1771 1460 et
1819 1394 2203 1461 infirmitatis
2247 1398 2583 1482 plerosque
2629 1420 2783 1464 con-

709 1493 1024 1569 -vincunt,
1078 1501 1190 1556 aut
1234 1490 1286 1555 si
1323 1490 1390 1554 in
1425 1489 1610 1554 bonis
1656 1489 1849 1554 rebus
1885 1501 2304 1555 contemnunt
2347 1501 2459 1557 aut
2492 1492 2561 1557 in
2596 1494 2782 1558 malis

731 1587 1051 1654 deserunt.
1124 1580 1262 1671 'qui
1312 1585 1508 1672 igitur
1560 1595 1832 1669 utraque
1891 1584 1959 1649 in
2010 1608 2081 1651 re
2132 1607 2426 1673 gravem,
2488 1599 2786 1654 constan-

729 1692 882 1759 tem,
919 1680 1214 1746 stabilem
1239 1702 1307 1745 se
1335 1681 1402 1743 in
1430 1679 1709 1745 amicitia
1741 1680 2143 1765 praestiterit,
2179 1680 2351 1746 hunc
2386 1703 2471 1747 ex
2501 1684 2783 1750 maxime

730 1797 873 1840 raro
905 1797 1144 1861 genere
1179 1773 1510 1839 hominum
1545 1772 1829 1839 iudicare
1865 1772 2171 1840 debemus
2207 1785 2271 1841 et
2303 1798 2509 1861 paene
2546 1777 2783 1844 divinO.

626 1870 696 1925 18
727 1870 1200 1936 firmamentum
1245 1880 1456 1933 autem
1513 1866 1873 1932 stabilitatis
1919 1868 2439 1954 constantiaeque
2485 1882 2583 1937 est
2625 1872 2785 1953 eius,

730 1987 924 2050 quam
958 1966 1025 2030 in
1054 1963 1334 2029 amicitia
1359 1962 1750 2048 quaerimUS,
1784 1962 1944 2029 fides
1954 1987 1972 2040 3
2008 1962 2167 2030 nihil
2196 1974 2293 2030 est
2310 1965 2500 2031 enim
2535 1967 2782 2046 stabile,

730 2060 904 2142 quod
953 2058 1224 2124 infidum
1276 2068 1391 2124 est.
1483 2057 1837 2144 simplicem
1889 2069 2221 2143 praeterea
2264 2070 2329 2126 et
2382 2081 2786 2127 communem

728 2163 794 2219 et
827 2153 1347 2229 consentientem,
1383 2152 1451 2217 id
1488 2162 1600 2229 est,
1638 2152 1751 2236 qui
1784 2152 1979 2217 rebus
2005 2152 2213 2218 isdem
2237 2166 2595 2233 moveatur,
2634 2156 2785 2243 eligi

726 2270 844 2333 par
879 2257 994 2326 est,
1031 2269 1196 2332 quae
1226 2247 1439 2311 omnia
1471 2246 1791 2333 pertinent
1818 2246 1902 2311 ad
1928 2246 2301 2313 fidelitatem
2312 2272 2331 2327 3
2366 2271 2577 2335 neque
2613 2250 2785 2317 enim

727 2343 930 2408 fidum
963 2352 1176 2428 potest
1209 2366 1347 2409 esse
1381 2342 1718 2428 multiplex
1764 2342 2097 2429 ingenium
2131 2353 2196 2409 et
2229 2354 2617 2422 tortuosum,
2670 2368 2785 2412 ne-

729 2459 855 2519 que
887 2457 1042 2502 vero
1057 2484 1074 2512 ,
1119 2436 1231 2520 qui
1263 2458 1394 2502 non
1438 2435 1644 2503 isdem
1681 2437 1875 2503 rebus
1910 2447 2205 2503 movetur
2237 2446 2595 2523 naturaque
2632 2461 2785 2505 con-

728 2530 948 2609 sentit,
1012 2541 1124 2595 aut
1183 2530 1350 2595 fidus
1405 2542 1518 2597 aut
1580 2532 1826 2597 stabilis
1887 2542 2100 2618 potest
2151 2554 2311 2599 esse.
2418 2533 2786 2600 addendum
2872 2614 2879 2616 -

729 2623 954 2690 eodem
1009 2634 1135 2703 est,
1187 2636 1260 2689 ut
1311 2647 1394 2690 ne
1447 2626 1818 2690 criminibus
1872 2637 1984 2691 aut
2033 2626 2382 2693 inferendis
2437 2627 2787 2695 delectetur

727 2729 840 2785 aut
874 2719 1090 2785 credat
1127 2717 1386 2797 oblatis,
1439 2740 1604 2803 quae
1643 2720 1963 2805 pertinent
2000 2721 2217 2787 omnia
2252 2721 2336 2787 ad
2371 2744 2542 2801 eam,
2588 2744 2785 2808 quam

724 2814 857 2879 iam
891 2813 1136 2880 dudum
1167 2824 1387 2891 tracto,
1425 2815 1867 2879 constantiam.
1922 2814 2013 2880 ita
2045 2815 2120 2880 fit
2142 2838 2369 2882 verum
2392 2816 2574 2895 illud,
2608 2816 2783 2902 quod

725 2908 906 2973 initio
953 2908 1115 2986 dixi,
1171 2908 1520 2975 amicitiam
1566 2910 1691 2975 nisi
1734 2910 1900 2975 inter
1945 2910 2150 2975 bonos
2197 2934 2338 2977 esse
2381 2935 2513 2978 non
2564 2934 2782 2999 posse3

729 3013 826 3068 est
860 3002 1030 3068 enim
1064 3003 1218 3068 boni
1252 3004 1394 3081 viri,
1431 3025 1625 3088 quem
1661 3004 1938 3070 eundem
1977 3005 2333 3091 sapientem
2367 3007 2519 3073 licet
2553 3007 2783 3082 dicere,

727 3095 887 3161 haec
922 3096 1050 3161 duo
1085 3108 1300 3163 tenere
1334 3098 1403 3163 in
1439 3098 1751 3164 amicitia:
1798 3098 2098 3185 primum,
2132 3124 2217 3166 ne
2252 3100 2409 3186 quid
2443 3100 2664 3166 fictum
2700 3101 2785 3165 sit

725 3212 890 3257 neve
935 3190 1329 3270 simulatum3
1383 3203 1600 3279 aperte
1645 3193 1818 3259 enim
1862 3194 1966 3259 vel
2012 3193 2223 3259 odisse
2268 3194 2473 3279 magis
2518 3194 2783 3279 ingenui

727 3297 825 3353 est
858 3307 1055 3371 quam
1088 3286 1298 3353 fronte
1335 3288 1655 3354 occultare
1694 3288 2105 3367 sententiam3
2144 3288 2371 3355 deinde
2407 3309 2536 3353 non
2573 3289 2783 3353 solum

724 3382 811 3447 ab
846 3381 1062 3467 aliquo
1107 3383 1354 3448 adlatas
1397 3382 1870 3451 criminationes
1906 3384 2241 3470 repellere,
2296 3382 2410 3448 sed
2442 3406 2525 3449 ne
2570 3383 2783 3470 ipsum

726 3476 986 3561 quidem
1031 3500 1170 3543 esse
1217 3476 1627 3562 suspitiosum
1637 3526 1661 3557 ,‚
1712 3501 1966 3567 semper
2014 3467 2257 3564 aliquid
2310 3477 2783 3544 existimantem

726 3571 810 3635 ab
845 3572 1051 3637 amico
1089 3594 1228 3637 esse
1261 3570 1590 3637 violatum.
1681 3594 1831 3641 acce
1840 3574 1951 3639 dat
1984 3572 2112 3638 huc
2147 3572 2428 3638 suavitas
2464 3571 2784 3657 quaedam

727 3676 978 3752 oportet
1019 3688 1383 3732 sermonum
1417 3675 1613 3751 atque
1646 3690 1899 3734 morum
1912 3716 1931 3746 ,
1966 3668 2142 3734 haud
2179 3689 2505 3754 quaquam
2539 3666 2790 3733 medio-

726 3782 832 3826 cre
877 3760 1355 3827 condimentum
1398 3760 1737 3829 amicitiae.
1825 3764 2083 3830 tristitia
2124 3775 2343 3830 autem
2388 3774 2452 3830 et
2494 3762 2563 3827 in
2612 3762 2789 3827 omni

723 3878 794 3920 re
831 3855 1136 3920 severitas
1180 3854 1377 3921 habet
1418 3856 1530 3923 illa
1572 3858 1835 3942 quidem
1878 3860 2263 3945 gravitatem
2276 3908 2295 3938 ,
2352 3858 2468 3927 sed
2502 3856 2786 3923 amicitia

724 3946 1047 4013 remissior
1090 3972 1229 4016 esse
1276 3950 1469 4016 debet
1513 3963 1578 4017 et
1619 3952 1880 4017 liberior
1915 3965 1979 4019 et
2016 3953 2264 4020 dulcior
2298 3964 2363 4019 et
2399 3953 2483 4020 ad
2528 3974 2785 4019 omnem

725 4039 1091 4107 comitatem
1125 4043 1624 4129 facilitatemque
1659 4046 2017 4131 proclivior.
