<?xml version="1.0" encoding="UTF-8"?>
<!DOCTYPE html PUBLIC "-//W3C//DTD XHTML 1.0 Transitional//EN"
    "http://www.w3.org/TR/xhtml1/DTD/xhtml1-transitional.dtd">
<html xmlns="http://www.w3.org/1999/xhtml" xml:lang="en" lang="en">
 <head>
  <title>
</title>
<meta http-equiv="Content-Type" content="text/html;charset=utf-8" />
  <meta name='ocr-system' content='tesseract 3.04.00' />
  <meta name='ocr-capabilities' content='ocr_page ocr_carea ocr_par ocr_line ocrx_word'/>
</head>
<body>
  <div class='ocr_page' id='page_1' title='image "./mtulliiciceroni03unkngoog_0362.png"; bbox 0 0 3292 4559; ppageno 0'>
   <div class='ocr_carea' id='block_1_1' title="bbox 716 187 2157 255">
    <p class='ocr_par' dir='ltr' id='par_1_1' title="bbox 716 187 2157 255">
     <span class='ocr_line' id='line_1_1' title="bbox 716 187 2157 255; baseline -0.006 0"><span class='ocrx_word' id='word_1_1' title='bbox 716 187 764 255; x_wconf 77' lang='grc'><strong>4</strong></span> <span class='ocrx_word' id='word_1_2' title='bbox 843 219 850 228; x_wconf 86' lang='grc'><em>·</em></span> <span class='ocrx_word' id='word_1_3' title='bbox 1332 193 1409 253; x_wconf 85' lang='grc' dir='ltr'><strong>Μ.</strong></span> <span class='ocrx_word' id='word_1_4' title='bbox 1447 191 1722 254; x_wconf 89' lang='lat' dir='ltr'>TULLII</span> <span class='ocrx_word' id='word_1_5' title='bbox 1758 188 2157 247; x_wconf 84' lang='lat' dir='ltr'>CICERONIS</span> 
     </span>
    </p>
   </div>
   <div class='ocr_carea' id='block_1_2' title="bbox 617 312 2823 4064">
    <p class='ocr_par' dir='ltr' id='par_1_2' title="bbox 617 312 2823 4064">
     <span class='ocr_line' id='line_1_2' title="bbox 717 312 2779 404; baseline -0.001 -17"><span class='ocrx_word' id='word_1_6' title='bbox 717 320 893 387; x_wconf 85' lang='lat' dir='ltr'><strong>modi</strong></span> <span class='ocrx_word' id='word_1_7' title='bbox 938 330 1082 384; x_wconf 84' lang='lat' dir='ltr'><strong>sunt</strong></span> <span class='ocrx_word' id='word_1_8' title='bbox 1133 318 1452 401; x_wconf 85' lang='lat' dir='ltr'><strong>exempla,</strong></span> <span class='ocrx_word' id='word_1_9' title='bbox 1495 315 1793 382; x_wconf 87' lang='lat' dir='ltr'><strong>omniane</strong></span> <span class='ocrx_word' id='word_1_10' title='bbox 1834 312 2049 379; x_wconf 84' lang='lat' dir='ltr'><strong>officia</strong></span> <span class='ocrx_word' id='word_1_11' title='bbox 2094 313 2378 399; x_wconf 84' lang='lat' dir='ltr'><strong>perfecta</strong></span> <span class='ocrx_word' id='word_1_12' title='bbox 2414 316 2571 395; x_wconf 83' lang='lat' dir='ltr'><strong>sint,</strong></span> <span class='ocrx_word' id='word_1_13' title='bbox 2615 341 2779 404; x_wconf 80' lang='lat' dir='ltr'><strong>num</strong></span> 
     </span>
     <span class='ocr_line' id='line_1_3' title="bbox 719 408 2781 499; baseline 0 -20"><span class='ocrx_word' id='word_1_14' title='bbox 719 414 894 499; x_wconf 83' lang='lat' dir='ltr'><strong>quod</strong></span> <span class='ocrx_word' id='word_1_15' title='bbox 941 413 1223 479; x_wconf 83' lang='lat' dir='ltr'><strong>officium</strong></span> <span class='ocrx_word' id='word_1_16' title='bbox 1269 412 1442 477; x_wconf 83' lang='lat' dir='ltr'><strong>aliud</strong></span> <span class='ocrx_word' id='word_1_17' title='bbox 1477 410 1602 477; x_wconf 89' lang='lat' dir='ltr'><strong>alio</strong></span> <span class='ocrx_word' id='word_1_18' title='bbox 1637 409 1843 475; x_wconf 86' lang='lat' dir='ltr'><strong>maius</strong></span> <span class='ocrx_word' id='word_1_19' title='bbox 1880 408 1991 481; x_wconf 85' lang='lat' dir='ltr'><strong>sit,</strong></span> <span class='ocrx_word' id='word_1_20' title='bbox 2036 419 2101 473; x_wconf 88' lang='lat' dir='ltr'><strong>et</strong></span> <span class='ocrx_word' id='word_1_21' title='bbox 2136 430 2299 492; x_wconf 83' lang='lat' dir='ltr'><strong>quae</strong></span> <span class='ocrx_word' id='word_1_22' title='bbox 2336 422 2485 477; x_wconf 88' lang='lat' dir='ltr'><strong>sunt</strong></span> <span class='ocrx_word' id='word_1_23' title='bbox 2518 413 2781 497; x_wconf 78' lang='lat' dir='ltr'><strong>generis</strong></span> 
     </span>
     <span class='ocr_line' id='line_1_4' title="bbox 722 503 2785 590; baseline -0.003 -15"><span class='ocrx_word' id='word_1_24' title='bbox 722 508 1038 584; x_wconf 83' lang='lat' dir='ltr'><strong>eiusdem3</strong></span> <span class='ocrx_word' id='word_1_25' title='bbox 1081 528 1357 590; x_wconf 85' lang='lat' dir='ltr'><strong>quorum</strong></span> <span class='ocrx_word' id='word_1_26' title='bbox 1393 516 1608 571; x_wconf 86' lang='lat' dir='ltr'><strong>autem</strong></span> <span class='ocrx_word' id='word_1_27' title='bbox 1645 503 2005 571; x_wconf 83' lang='lat' dir='ltr'><strong>officiorum</strong></span> <span class='ocrx_word' id='word_1_28' title='bbox 2039 515 2380 590; x_wconf 83' lang='lat' dir='ltr'><strong>praecepta</strong></span> <span class='ocrx_word' id='word_1_29' title='bbox 2414 506 2785 584; x_wconf 80' lang='lat' dir='ltr'><strong>traduntur,</strong></span> 
     </span>
     <span class='ocr_line' id='line_1_5' title="bbox 722 598 2779 687; baseline -0.004 -16"><span class='ocrx_word' id='word_1_30' title='bbox 722 627 799 671; x_wconf 87' lang='lat' dir='ltr'><strong>ea</strong></span> <span class='ocrx_word' id='word_1_31' title='bbox 833 624 1222 687; x_wconf 86' lang='lat' dir='ltr'><strong>quamquam</strong></span> <span class='ocrx_word' id='word_1_32' title='bbox 1259 600 1576 687; x_wconf 83' lang='lat' dir='ltr'>pertinent</span> <span class='ocrx_word' id='word_1_33' title='bbox 1609 598 1697 663; x_wconf 93' lang='lat' dir='ltr'><strong>ad</strong></span> <span class='ocrx_word' id='word_1_34' title='bbox 1728 599 1923 663; x_wconf 81' lang='lat' dir='ltr'><strong>finem</strong></span> <span class='ocrx_word' id='word_1_35' title='bbox 1948 598 2291 674; x_wconf 67' lang='lat' dir='ltr'><strong>bonorum,</strong></span> <span class='ocrx_word' id='word_1_36' title='bbox 2320 610 2535 664; x_wconf 82' lang='lat' dir='ltr'><strong>tamen</strong></span> <span class='ocrx_word' id='word_1_37' title='bbox 2560 600 2779 663; x_wconf 87' lang='lat' dir='ltr'><strong>minus</strong></span> 
     </span>
     <span class='ocr_line' id='line_1_6' title="bbox 719 692 2783 783; baseline -0.005 -15"><span class='ocrx_word' id='word_1_38' title='bbox 719 699 788 769; x_wconf 83' lang='lat' dir='ltr'><strong>id</strong></span> <span class='ocrx_word' id='word_1_39' title='bbox 831 698 1124 783; x_wconf 81' lang='lat' dir='ltr'><strong>adparet,</strong></span> <span class='ocrx_word' id='word_1_40' title='bbox 1170 696 1321 779; x_wconf 89' lang='lat' dir='ltr'><strong>quia</strong></span> <span class='ocrx_word' id='word_1_41' title='bbox 1355 695 1560 778; x_wconf 81' lang='lat' dir='ltr'><strong>magis</strong></span> <span class='ocrx_word' id='word_1_42' title='bbox 1597 693 1683 759; x_wconf 85' lang='lat' dir='ltr'><strong>ad</strong></span> <span class='ocrx_word' id='word_1_43' title='bbox 1714 692 2177 759; x_wconf 81' lang='lat' dir='ltr'><strong>institutionem</strong></span> <span class='ocrx_word' id='word_1_44' title='bbox 2212 693 2381 758; x_wconf 81' lang='lat' dir='ltr'><strong>vitae</strong></span> <span class='ocrx_word' id='word_1_45' title='bbox 2417 692 2783 759; x_wconf 83' lang='lat' dir='ltr'><strong>communis</strong></span> 
     </span>
     <span class='ocr_line' id='line_1_7' title="bbox 723 785 2823 879; baseline -0.004 -21"><span class='ocrx_word' id='word_1_46' title='bbox 723 802 1010 879; x_wconf 84' lang='lat' dir='ltr'><strong>spectare</strong></span> <span class='ocrx_word' id='word_1_47' title='bbox 1052 789 1378 865; x_wconf 84' lang='lat' dir='ltr'><strong>videntur3</strong></span> <span class='ocrx_word' id='word_1_48' title='bbox 1431 788 1514 851; x_wconf 90' lang='lat' dir='ltr'><strong>de</strong></span> <span class='ocrx_word' id='word_1_49' title='bbox 1557 786 1791 871; x_wconf 89' lang='lat' dir='ltr'><strong>quibus</strong></span> <span class='ocrx_word' id='word_1_50' title='bbox 1837 797 1933 852; x_wconf 89' lang='lat' dir='ltr'><strong>est</strong></span> <span class='ocrx_word' id='word_1_51' title='bbox 1974 786 2161 851; x_wconf 86' lang='lat' dir='ltr'><strong>nobis</strong></span> <span class='ocrx_word' id='word_1_52' title='bbox 2204 786 2304 851; x_wconf 90' lang='lat' dir='ltr'><strong>his</strong></span> <span class='ocrx_word' id='word_1_53' title='bbox 2348 786 2526 853; x_wconf 82' lang='lat' dir='ltr'><strong>libris</strong></span> <span class='ocrx_word' id='word_1_54' title='bbox 2570 785 2784 871; x_wconf 83' lang='lat' dir='ltr'><strong>expli-</strong></span> <span class='ocrx_word' id='word_1_55' title='bbox 2816 859 2823 865; x_wconf 42' lang='lat'><em>,</em></span> 
     </span>
     <span class='ocr_line' id='line_1_8' title="bbox 653 880 2779 966; baseline 0 -21"><span class='ocrx_word' id='word_1_56' title='bbox 653 904 679 945; x_wconf 81' lang='lat' dir='ltr'><strong>s</strong></span> <span class='ocrx_word' id='word_1_57' title='bbox 723 884 1018 952; x_wconf 78' lang='lat' dir='ltr'><strong>candum.</strong></span> <span class='ocrx_word' id='word_1_58' title='bbox 1107 894 1298 966; x_wconf 90' lang='lat' dir='ltr'><strong>atque</strong></span> <span class='ocrx_word' id='word_1_59' title='bbox 1361 882 1553 947; x_wconf 89' lang='lat' dir='ltr'><strong>etiam</strong></span> <span class='ocrx_word' id='word_1_60' title='bbox 1605 880 1733 945; x_wconf 86' lang='lat' dir='ltr'><strong>alia</strong></span> <span class='ocrx_word' id='word_1_61' title='bbox 1786 880 2013 945; x_wconf 82' lang='lat' dir='ltr'><strong>divisio</strong></span> <span class='ocrx_word' id='word_1_62' title='bbox 2067 890 2165 945; x_wconf 87' lang='lat' dir='ltr'><strong>est</strong></span> <span class='ocrx_word' id='word_1_63' title='bbox 2216 880 2443 957; x_wconf 84' lang='lat' dir='ltr'><strong>officii3</strong></span> <span class='ocrx_word' id='word_1_64' title='bbox 2503 902 2655 945; x_wconf 88' lang='lat' dir='ltr'><strong>nam</strong></span> <span class='ocrx_word' id='word_1_65' title='bbox 2710 892 2779 945; x_wconf 92' lang='lat' dir='ltr'><strong>et</strong></span> 
     </span>
     <span class='ocr_line' id='line_1_9' title="bbox 719 974 2783 1062; baseline -0.005 -14"><span class='ocrx_word' id='word_1_66' title='bbox 719 980 1002 1049; x_wconf 81' lang='lat' dir='ltr'><strong>medium</strong></span> <span class='ocrx_word' id='word_1_67' title='bbox 1055 978 1378 1062; x_wconf 81' lang='lat' dir='ltr'><strong>quoddam</strong></span> <span class='ocrx_word' id='word_1_68' title='bbox 1433 976 1721 1041; x_wconf 88' lang='lat' dir='ltr'><strong>officium</strong></span> <span class='ocrx_word' id='word_1_69' title='bbox 1774 975 2003 1041; x_wconf 84' lang='lat' dir='ltr'><strong>dicitur</strong></span> <span class='ocrx_word' id='word_1_70' title='bbox 2054 986 2119 1040; x_wconf 92' lang='lat' dir='ltr'><strong>et</strong></span> <span class='ocrx_word' id='word_1_71' title='bbox 2161 974 2536 1059; x_wconf 85' lang='lat' dir='ltr'><strong>perfectum.</strong></span> <span class='ocrx_word' id='word_1_72' title='bbox 2627 997 2783 1059; x_wconf 86' lang='lat' dir='ltr'><strong>per-</strong></span> 
     </span>
     <span class='ocr_line' id='line_1_10' title="bbox 719 1068 2781 1155; baseline -0.002 -17"><span class='ocrx_word' id='word_1_73' title='bbox 719 1072 960 1141; x_wconf 86' lang='lat' dir='ltr'><strong>fectum</strong></span> <span class='ocrx_word' id='word_1_74' title='bbox 1029 1070 1315 1137; x_wconf 86' lang='lat' dir='ltr'><strong>officium</strong></span> <span class='ocrx_word' id='word_1_75' title='bbox 1383 1080 1660 1147; x_wconf 85' lang='lat' dir='ltr'><strong>rectum,</strong></span> <span class='ocrx_word' id='word_1_76' title='bbox 1732 1068 1987 1155; x_wconf 87' lang='lat' dir='ltr'><strong>opinor,</strong></span> <span class='ocrx_word' id='word_1_77' title='bbox 2054 1090 2383 1145; x_wconf 88' lang='lat' dir='ltr'><strong>vocemus,</strong></span> <span class='ocrx_word' id='word_1_78' title='bbox 2468 1068 2781 1152; x_wconf 88' lang='lat' dir='ltr'><strong>quoniam</strong></span> 
     </span>
     <span class='ocr_line' id='line_1_11' title="bbox 722 1162 2777 1250; baseline -0.004 -17"><span class='ocrx_word' id='word_1_79' title='bbox 722 1165 962 1233; x_wconf 86' lang='lat' dir='ltr'><strong>Graeci</strong></span> <span class='ocrx_word' id='word_1_80' title='bbox 987 1164 1418 1250; x_wconf 76' lang='grc' dir='ltr'><strong><em>κατόρθωμα,</em></strong></span> <span class='ocrx_word' id='word_1_81' title='bbox 1449 1163 1570 1228; x_wconf 89' lang='lat' dir='ltr'><strong>hoc</strong></span> <span class='ocrx_word' id='word_1_82' title='bbox 1597 1174 1815 1229; x_wconf 88' lang='lat' dir='ltr'><strong>autem</strong></span> <span class='ocrx_word' id='word_1_83' title='bbox 1843 1184 2178 1227; x_wconf 86' lang='lat' dir='ltr'><strong>commune</strong></span> <span class='ocrx_word' id='word_1_84' title='bbox 2206 1162 2491 1227; x_wconf 87' lang='lat' dir='ltr'><strong>officium</strong></span> <span class='ocrx_word' id='word_1_85' title='bbox 2518 1173 2777 1227; x_wconf 86' lang='lat' dir='ltr'><strong>vocant.</strong></span> 
     </span>
     <span class='ocr_line' id='line_1_12' title="bbox 720 1255 2777 1343; baseline -0.002 -19"><span class='ocrx_word' id='word_1_86' title='bbox 720 1270 912 1343; x_wconf 85' lang='lat' dir='ltr'><strong>atque</strong></span> <span class='ocrx_word' id='word_1_87' title='bbox 955 1281 1032 1325; x_wconf 97' lang='lat' dir='ltr'><strong>ea</strong></span> <span class='ocrx_word' id='word_1_88' title='bbox 1075 1258 1168 1323; x_wconf 88' lang='lat' dir='ltr'><strong>sic</strong></span> <span class='ocrx_word' id='word_1_89' title='bbox 1215 1257 1554 1334; x_wconf 84' lang='lat' dir='ltr'><strong>definiunt,</strong></span> <span class='ocrx_word' id='word_1_90' title='bbox 1596 1266 1699 1333; x_wconf 89' lang='lat' dir='ltr'><strong>ut,</strong></span> <span class='ocrx_word' id='word_1_91' title='bbox 1742 1265 1986 1323; x_wconf 85' lang='lat' dir='ltr'><strong>rectum</strong></span> <span class='ocrx_word' id='word_1_92' title='bbox 2023 1256 2195 1340; x_wconf 86' lang='lat' dir='ltr'><strong>quod</strong></span> <span class='ocrx_word' id='word_1_93' title='bbox 2230 1256 2341 1331; x_wconf 92' lang='lat' dir='ltr'><strong>sit,</strong></span> <span class='ocrx_word' id='word_1_94' title='bbox 2382 1256 2449 1321; x_wconf 91' lang='lat' dir='ltr'><strong>id</strong></span> <span class='ocrx_word' id='word_1_95' title='bbox 2486 1255 2777 1321; x_wconf 85' lang='lat' dir='ltr'><strong>officium</strong></span> 
     </span>
     <span class='ocr_line' id='line_1_13' title="bbox 719 1349 2785 1439; baseline -0.002 -20"><span class='ocrx_word' id='word_1_96' title='bbox 719 1352 1075 1439; x_wconf 85' lang='lat' dir='ltr'><strong>perfectum</strong></span> <span class='ocrx_word' id='word_1_97' title='bbox 1109 1372 1248 1417; x_wconf 89' lang='lat' dir='ltr'><strong>esse</strong></span> <span class='ocrx_word' id='word_1_98' title='bbox 1286 1350 1620 1427; x_wconf 85' lang='lat' dir='ltr'><strong>definiant3</strong></span> <span class='ocrx_word' id='word_1_99' title='bbox 1656 1350 1940 1417; x_wconf 86' lang='lat' dir='ltr'><strong>medium</strong></span> <span class='ocrx_word' id='word_1_100' title='bbox 1976 1362 2190 1417; x_wconf 88' lang='lat' dir='ltr'><strong>autem</strong></span> <span class='ocrx_word' id='word_1_101' title='bbox 2225 1351 2507 1415; x_wconf 87' lang='lat' dir='ltr'><strong>officium</strong></span> <span class='ocrx_word' id='word_1_102' title='bbox 2532 1349 2594 1413; x_wconf 92' lang='lat' dir='ltr'><strong>id</strong></span> <span class='ocrx_word' id='word_1_103' title='bbox 2622 1372 2785 1415; x_wconf 80' lang='lat' dir='ltr'><strong>esse</strong></span> 
     </span>
     <span class='ocr_line' id='line_1_14' title="bbox 721 1443 2781 1530; baseline -0.002 -19"><span class='ocrx_word' id='word_1_104' title='bbox 721 1446 960 1521; x_wconf 86' lang='lat' dir='ltr'><strong>dicunt,</strong></span> <span class='ocrx_word' id='word_1_105' title='bbox 995 1445 1170 1528; x_wconf 90' lang='lat' dir='ltr'><strong>quod</strong></span> <span class='ocrx_word' id='word_1_106' title='bbox 1205 1466 1319 1511; x_wconf 89' lang='lat' dir='ltr'><strong>cur</strong></span> <span class='ocrx_word' id='word_1_107' title='bbox 1353 1444 1596 1511; x_wconf 85' lang='lat' dir='ltr'><strong>factum</strong></span> <span class='ocrx_word' id='word_1_108' title='bbox 1631 1445 1733 1520; x_wconf 90' lang='lat' dir='ltr'><strong>sit,</strong></span> <span class='ocrx_word' id='word_1_109' title='bbox 1768 1444 1929 1510; x_wconf 80' lang='lat' dir='ltr'><strong>ratio</strong></span> <span class='ocrx_word' id='word_1_110' title='bbox 1964 1444 2313 1530; x_wconf 88' lang='lat' dir='ltr'><strong>probabilis</strong></span> <span class='ocrx_word' id='word_1_111' title='bbox 2340 1444 2521 1511; x_wconf 82' lang='lat' dir='ltr'><strong>reddi</strong></span> <span class='ocrx_word' id='word_1_112' title='bbox 2547 1443 2781 1529; x_wconf 71' lang='lat' dir='ltr'><strong>possit.</strong></span> 
     </span>
     <span class='ocr_line' id='line_1_15' title="bbox 653 1538 2779 1627; baseline 0.001 -26"><span class='ocrx_word' id='word_1_113' title='bbox 653 1562 679 1601; x_wconf 80' lang='lat'>9</span> <span class='ocrx_word' id='word_1_114' title='bbox 722 1540 954 1627; x_wconf 76' lang='lat' dir='ltr'><strong>triplex</strong></span> <span class='ocrx_word' id='word_1_115' title='bbox 998 1539 1196 1624; x_wconf 85' lang='lat' dir='ltr'><strong>igitur</strong></span> <span class='ocrx_word' id='word_1_116' title='bbox 1243 1549 1368 1616; x_wconf 82' lang='lat' dir='ltr'><strong>est,</strong></span> <span class='ocrx_word' id='word_1_117' title='bbox 1411 1550 1485 1605; x_wconf 88' lang='lat' dir='ltr'><strong>ut</strong></span> <span class='ocrx_word' id='word_1_118' title='bbox 1517 1538 1831 1605; x_wconf 78' lang='lat' dir='ltr'><strong>Panaetio</strong></span> <span class='ocrx_word' id='word_1_119' title='bbox 1868 1538 2150 1615; x_wconf 87' lang='lat' dir='ltr'><strong>videtur,</strong></span> <span class='ocrx_word' id='word_1_120' title='bbox 2196 1538 2441 1603; x_wconf 88' lang='lat' dir='ltr'><strong>consilii</strong></span> <span class='ocrx_word' id='word_1_121' title='bbox 2476 1538 2779 1623; x_wconf 86' lang='lat' dir='ltr'><strong>capiendi</strong></span> 
     </span>
     <span class='ocr_line' id='line_1_16' title="bbox 719 1630 2783 1717; baseline -0.003 -14"><span class='ocrx_word' id='word_1_122' title='bbox 719 1634 1116 1703; x_wconf 83' lang='lat' dir='ltr'><strong>deliberatio:</strong></span> <span class='ocrx_word' id='word_1_123' title='bbox 1186 1656 1339 1699; x_wconf 89' lang='lat' dir='ltr'><strong>nam</strong></span> <span class='ocrx_word' id='word_1_124' title='bbox 1385 1644 1498 1698; x_wconf 89' lang='lat' dir='ltr'><strong>aut</strong></span> <span class='ocrx_word' id='word_1_125' title='bbox 1531 1633 1951 1717; x_wconf 80' lang='lat' dir='ltr'><strong>honestumne</strong></span> <span class='ocrx_word' id='word_1_126' title='bbox 1987 1631 2161 1697; x_wconf 83' lang='lat' dir='ltr'><strong>factu</strong></span> <span class='ocrx_word' id='word_1_127' title='bbox 2196 1633 2278 1699; x_wconf 89' lang='lat' dir='ltr'><strong>sit</strong></span> <span class='ocrx_word' id='word_1_128' title='bbox 2312 1655 2397 1698; x_wconf 87' lang='lat' dir='ltr'><strong>an</strong></span> <span class='ocrx_word' id='word_1_129' title='bbox 2430 1642 2614 1717; x_wconf 84' lang='lat' dir='ltr'><strong>turpe</strong></span> <span class='ocrx_word' id='word_1_130' title='bbox 2652 1630 2783 1697; x_wconf 86' lang='lat' dir='ltr'><strong>du-</strong></span> 
     </span>
     <span class='ocr_line' id='line_1_17' title="bbox 665 1726 2787 1811; baseline -0.003 -14"><span class='ocrx_word' id='word_1_131' title='bbox 665 1790 670 1797; x_wconf 95' lang='lat'>.</span> <span class='ocrx_word' id='word_1_132' title='bbox 715 1728 921 1796; x_wconf 89' lang='lat' dir='ltr'><strong>bitant</strong></span> <span class='ocrx_word' id='word_1_133' title='bbox 952 1728 1051 1805; x_wconf 91' lang='lat' dir='ltr'><strong>id,</strong></span> <span class='ocrx_word' id='word_1_134' title='bbox 1099 1727 1274 1811; x_wconf 89' lang='lat' dir='ltr'><strong>quod</strong></span> <span class='ocrx_word' id='word_1_135' title='bbox 1307 1728 1374 1791; x_wconf 91' lang='lat' dir='ltr'><strong>in</strong></span> <span class='ocrx_word' id='word_1_136' title='bbox 1409 1726 1927 1793; x_wconf 82' lang='lat' dir='ltr'><strong>deliberationem</strong></span> <span class='ocrx_word' id='word_1_137' title='bbox 1962 1726 2160 1803; x_wconf 85' lang='lat' dir='ltr'><strong>cadit3</strong></span> <span class='ocrx_word' id='word_1_138' title='bbox 2212 1726 2281 1791; x_wconf 90' lang='lat' dir='ltr'><strong>in</strong></span> <span class='ocrx_word' id='word_1_139' title='bbox 2316 1748 2445 1810; x_wconf 92' lang='lat' dir='ltr'><strong>quo</strong></span> <span class='ocrx_word' id='word_1_140' title='bbox 2480 1726 2787 1791; x_wconf 79' lang='lat' dir='ltr'><strong>conside-</strong></span> 
     </span>
     <span class='ocr_line' id='line_1_18' title="bbox 715 1817 2776 1907; baseline -0.001 -20"><span class='ocrx_word' id='word_1_141' title='bbox 715 1822 917 1887; x_wconf 87' lang='lat' dir='ltr'><strong>rando</strong></span> <span class='ocrx_word' id='word_1_142' title='bbox 961 1844 1155 1907; x_wconf 83' lang='lat' dir='ltr'><strong>saepe</strong></span> <span class='ocrx_word' id='word_1_143' title='bbox 1201 1820 1398 1887; x_wconf 87' lang='lat' dir='ltr'><strong>animi</strong></span> <span class='ocrx_word' id='word_1_144' title='bbox 1423 1821 1503 1895; x_wconf 75' lang='lat' dir='ltr'><strong>,in</strong></span> <span class='ocrx_word' id='word_1_145' title='bbox 1545 1820 1893 1887; x_wconf 88' lang='lat' dir='ltr'><strong>contrarias</strong></span> <span class='ocrx_word' id='word_1_146' title='bbox 1930 1820 2273 1885; x_wconf 85' lang='lat' dir='ltr'><strong>sententias</strong></span> <span class='ocrx_word' id='word_1_147' title='bbox 2308 1817 2776 1886; x_wconf 88' lang='lat' dir='ltr'><strong>distrahuntur.</strong></span> 
     </span>
     <span class='ocr_line' id='line_1_19' title="bbox 718 1915 2789 2000; baseline 0 -19"><span class='ocrx_word' id='word_1_148' title='bbox 718 1927 856 1983; x_wconf 89' lang='lat' dir='ltr'><strong>tum</strong></span> <span class='ocrx_word' id='word_1_149' title='bbox 901 1927 1118 1982; x_wconf 87' lang='lat' dir='ltr'><strong>autem</strong></span> <span class='ocrx_word' id='word_1_150' title='bbox 1161 1927 1274 1982; x_wconf 88' lang='lat' dir='ltr'><strong>aut</strong></span> <span class='ocrx_word' id='word_1_151' title='bbox 1309 1917 1657 2000; x_wconf 87' lang='lat' dir='ltr'><strong>anquirunt</strong></span> <span class='ocrx_word' id='word_1_152' title='bbox 1691 1927 1805 1982; x_wconf 89' lang='lat' dir='ltr'><strong>aut</strong></span> <span class='ocrx_word' id='word_1_153' title='bbox 1838 1916 2227 1991; x_wconf 80' lang='lat' dir='ltr'><strong>consultant,</strong></span> <span class='ocrx_word' id='word_1_154' title='bbox 2274 1915 2357 1981; x_wconf 87' lang='lat' dir='ltr'><strong>ad</strong></span> <span class='ocrx_word' id='word_1_155' title='bbox 2391 1916 2559 1981; x_wconf 87' lang='lat' dir='ltr'><strong>vitae</strong></span> <span class='ocrx_word' id='word_1_156' title='bbox 2594 1937 2789 1981; x_wconf 85' lang='lat' dir='ltr'><strong>com-</strong></span> 
     </span>
     <span class='ocr_line' id='line_1_20' title="bbox 714 2008 2781 2093; baseline 0 -18"><span class='ocrx_word' id='word_1_157' title='bbox 714 2010 1087 2077; x_wconf 89' lang='lat' dir='ltr'><strong>moditatem</strong></span> <span class='ocrx_word' id='word_1_158' title='bbox 1129 2010 1749 2093; x_wconf 85' lang='lat' dir='ltr'><strong>iucunditatemque,</strong></span> <span class='ocrx_word' id='word_1_159' title='bbox 1796 2009 1880 2074; x_wconf 87' lang='lat' dir='ltr'><strong>ad</strong></span> <span class='ocrx_word' id='word_1_160' title='bbox 1925 2008 2261 2075; x_wconf 80' lang='lat' dir='ltr'><strong>facultates</strong></span> <span class='ocrx_word' id='word_1_161' title='bbox 2313 2031 2529 2075; x_wconf 87' lang='lat' dir='ltr'><strong>rerum</strong></span> <span class='ocrx_word' id='word_1_162' title='bbox 2572 2020 2781 2093; x_wconf 83' lang='lat' dir='ltr'><strong>atque</strong></span> 
     </span>
     <span class='ocr_line' id='line_1_21' title="bbox 717 2102 2777 2191; baseline 0 -22"><span class='ocrx_word' id='word_1_163' title='bbox 717 2103 960 2191; x_wconf 90' lang='lat' dir='ltr'><strong>copias,</strong></span> <span class='ocrx_word' id='word_1_164' title='bbox 1026 2105 1109 2171; x_wconf 88' lang='lat' dir='ltr'><strong>ad</strong></span> <span class='ocrx_word' id='word_1_165' title='bbox 1171 2126 1356 2189; x_wconf 89' lang='lat' dir='ltr'><strong>opes,</strong></span> <span class='ocrx_word' id='word_1_166' title='bbox 1419 2104 1504 2169; x_wconf 86' lang='lat' dir='ltr'><strong>ad</strong></span> <span class='ocrx_word' id='word_1_167' title='bbox 1553 2102 1934 2189; x_wconf 87' lang='lat' dir='ltr'><strong>potentiam,</strong></span> <span class='ocrx_word' id='word_1_168' title='bbox 1998 2103 2231 2187; x_wconf 87' lang='lat' dir='ltr'><strong>quibus</strong></span> <span class='ocrx_word' id='word_1_169' title='bbox 2284 2114 2350 2169; x_wconf 91' lang='lat' dir='ltr'><strong>et</strong></span> <span class='ocrx_word' id='word_1_170' title='bbox 2400 2127 2469 2169; x_wconf 88' lang='lat' dir='ltr'><strong>se</strong></span> <span class='ocrx_word' id='word_1_171' title='bbox 2524 2105 2777 2189; x_wconf 86' lang='lat' dir='ltr'><strong>possint</strong></span> 
     </span>
     <span class='ocr_line' id='line_1_22' title="bbox 711 2196 2778 2281; baseline 0 -19"><span class='ocrx_word' id='word_1_172' title='bbox 711 2198 934 2265; x_wconf 84' lang='lat' dir='ltr'><strong>iuvare</strong></span> <span class='ocrx_word' id='word_1_173' title='bbox 987 2208 1052 2263; x_wconf 92' lang='lat' dir='ltr'><strong>et</strong></span> <span class='ocrx_word' id='word_1_174' title='bbox 1101 2218 1281 2273; x_wconf 88' lang='lat' dir='ltr'><strong>suos,</strong></span> <span class='ocrx_word' id='word_1_175' title='bbox 1335 2197 1653 2263; x_wconf 89' lang='lat' dir='ltr'><strong>conducat</strong></span> <span class='ocrx_word' id='word_1_176' title='bbox 1694 2197 1763 2261; x_wconf 88' lang='lat' dir='ltr'><strong>id</strong></span> <span class='ocrx_word' id='word_1_177' title='bbox 1804 2219 2033 2274; x_wconf 88' lang='lat' dir='ltr'><strong>necne,</strong></span> <span class='ocrx_word' id='word_1_178' title='bbox 2086 2196 2167 2263; x_wconf 91' lang='lat' dir='ltr'><strong>de</strong></span> <span class='ocrx_word' id='word_1_179' title='bbox 2210 2218 2338 2281; x_wconf 90' lang='lat' dir='ltr'><strong>quo</strong></span> <span class='ocrx_word' id='word_1_180' title='bbox 2383 2198 2778 2275; x_wconf 82' lang='lat' dir='ltr'><strong>deliberant3</strong></span> 
     </span>
     <span class='ocr_line' id='line_1_23' title="bbox 715 2289 2780 2375; baseline 0.001 -20"><span class='ocrx_word' id='word_1_181' title='bbox 715 2313 882 2375; x_wconf 90' lang='lat' dir='ltr'><strong>quae</strong></span> <span class='ocrx_word' id='word_1_182' title='bbox 925 2289 1296 2355; x_wconf 87' lang='lat' dir='ltr'><strong>deliberatio</strong></span> <span class='ocrx_word' id='word_1_183' title='bbox 1343 2291 1547 2355; x_wconf 89' lang='lat' dir='ltr'><strong>omnis</strong></span> <span class='ocrx_word' id='word_1_184' title='bbox 1589 2290 1657 2353; x_wconf 90' lang='lat' dir='ltr'><strong>in</strong></span> <span class='ocrx_word' id='word_1_185' title='bbox 1702 2291 2011 2356; x_wconf 88' lang='lat' dir='ltr'><strong>rationem</strong></span> <span class='ocrx_word' id='word_1_186' title='bbox 2045 2290 2335 2357; x_wconf 86' lang='lat' dir='ltr'><strong>utilitatis</strong></span> <span class='ocrx_word' id='word_1_187' title='bbox 2369 2292 2557 2357; x_wconf 83' lang='lat' dir='ltr'><strong>cadit.</strong></span> <span class='ocrx_word' id='word_1_188' title='bbox 2639 2304 2780 2360; x_wconf 81' lang='lat' dir='ltr'><strong>ter-</strong></span> 
     </span>
     <span class='ocr_line' id='line_1_24' title="bbox 715 2383 2776 2472; baseline 0.002 -23"><span class='ocrx_word' id='word_1_189' title='bbox 715 2386 876 2449; x_wconf 89' lang='lat' dir='ltr'><strong>tium</strong></span> <span class='ocrx_word' id='word_1_190' title='bbox 930 2383 1264 2449; x_wconf 87' lang='lat' dir='ltr'><strong>dubitandi</strong></span> <span class='ocrx_word' id='word_1_191' title='bbox 1316 2406 1522 2469; x_wconf 87' lang='lat' dir='ltr'><strong>genus</strong></span> <span class='ocrx_word' id='word_1_192' title='bbox 1577 2398 1700 2462; x_wconf 90' lang='lat' dir='ltr'><strong>est,</strong></span> <span class='ocrx_word' id='word_1_193' title='bbox 1764 2407 1912 2450; x_wconf 88' lang='lat' dir='ltr'><strong>eum</strong></span> <span class='ocrx_word' id='word_1_194' title='bbox 1972 2408 2262 2472; x_wconf 88' lang='lat' dir='ltr'><strong>pugnare</strong></span> <span class='ocrx_word' id='word_1_195' title='bbox 2312 2386 2565 2453; x_wconf 85' lang='lat' dir='ltr'><strong>videtur</strong></span> <span class='ocrx_word' id='word_1_196' title='bbox 2614 2408 2776 2455; x_wconf 83' lang='lat' dir='ltr'><strong>cum</strong></span> 
     </span>
     <span class='ocr_line' id='line_1_25' title="bbox 716 2477 2779 2561; baseline 0.001 -17"><span class='ocrx_word' id='word_1_197' title='bbox 716 2477 984 2545; x_wconf 87' lang='lat' dir='ltr'><strong>honesto</strong></span> <span class='ocrx_word' id='word_1_198' title='bbox 1017 2477 1104 2555; x_wconf 90' lang='lat' dir='ltr'><strong>id,</strong></span> <span class='ocrx_word' id='word_1_199' title='bbox 1139 2478 1314 2561; x_wconf 89' lang='lat' dir='ltr'><strong>quod</strong></span> <span class='ocrx_word' id='word_1_200' title='bbox 1348 2478 1600 2543; x_wconf 77' lang='lat' dir='ltr'><strong>videtur</strong></span> <span class='ocrx_word' id='word_1_201' title='bbox 1633 2501 1773 2543; x_wconf 90' lang='lat' dir='ltr'><strong>esse</strong></span> <span class='ocrx_word' id='word_1_202' title='bbox 1807 2479 1990 2557; x_wconf 85' lang='lat' dir='ltr'><strong>utile3</strong></span> <span class='ocrx_word' id='word_1_203' title='bbox 2027 2501 2175 2544; x_wconf 90' lang='lat' dir='ltr'><strong>cum</strong></span> <span class='ocrx_word' id='word_1_204' title='bbox 2210 2480 2379 2547; x_wconf 85' lang='lat' dir='ltr'><strong>enim</strong></span> <span class='ocrx_word' id='word_1_205' title='bbox 2413 2481 2653 2545; x_wconf 84' lang='lat' dir='ltr'><strong>utilitas</strong></span> <span class='ocrx_word' id='word_1_206' title='bbox 2684 2484 2779 2547; x_wconf 82' lang='lat' dir='ltr'><strong>ad</strong></span> 
     </span>
     <span class='ocr_line' id='line_1_26' title="bbox 718 2571 2775 2658; baseline 0.003 -21"><span class='ocrx_word' id='word_1_207' title='bbox 718 2594 786 2639; x_wconf 90' lang='lat' dir='ltr'><strong>se</strong></span> <span class='ocrx_word' id='word_1_208' title='bbox 820 2593 1074 2658; x_wconf 85' lang='lat' dir='ltr'><strong>rapere,</strong></span> <span class='ocrx_word' id='word_1_209' title='bbox 1106 2571 1406 2637; x_wconf 88' lang='lat' dir='ltr'><strong>honestas</strong></span> <span class='ocrx_word' id='word_1_210' title='bbox 1441 2584 1663 2637; x_wconf 85' lang='lat' dir='ltr'><strong>contra</strong></span> <span class='ocrx_word' id='word_1_211' title='bbox 1687 2588 1994 2639; x_wconf 85' lang='lat' dir='ltr'><strong>revocare</strong></span> <span class='ocrx_word' id='word_1_212' title='bbox 2030 2574 2115 2639; x_wconf 90' lang='lat' dir='ltr'><strong>ad</strong></span> <span class='ocrx_word' id='word_1_213' title='bbox 2148 2598 2217 2639; x_wconf 88' lang='lat' dir='ltr'><strong>se</strong></span> <span class='ocrx_word' id='word_1_214' title='bbox 2253 2576 2526 2652; x_wconf 85' lang='lat' dir='ltr'><strong>videtur,</strong></span> <span class='ocrx_word' id='word_1_215' title='bbox 2572 2575 2649 2639; x_wconf 82' lang='lat' dir='ltr'><strong>fit</strong></span> <span class='ocrx_word' id='word_1_216' title='bbox 2689 2592 2775 2643; x_wconf 86' lang='lat' dir='ltr'><strong>ut</strong></span> 
     </span>
     <span class='ocr_line' id='line_1_27' title="bbox 718 2666 2780 2755; baseline 0.002 -24"><span class='ocrx_word' id='word_1_217' title='bbox 718 2666 1104 2732; x_wconf 86' lang='lat' dir='ltr'><strong>distrahatur</strong></span> <span class='ocrx_word' id='word_1_218' title='bbox 1143 2667 1211 2731; x_wconf 88' lang='lat' dir='ltr'><strong>in</strong></span> <span class='ocrx_word' id='word_1_219' title='bbox 1257 2666 1669 2733; x_wconf 88' lang='lat' dir='ltr'><strong>deliberando</strong></span> <span class='ocrx_word' id='word_1_220' title='bbox 1716 2668 1965 2733; x_wconf 89' lang='lat' dir='ltr'><strong>animus</strong></span> <span class='ocrx_word' id='word_1_221' title='bbox 2011 2668 2385 2753; x_wconf 87' lang='lat' dir='ltr'><strong>adferatque</strong></span> <span class='ocrx_word' id='word_1_222' title='bbox 2418 2667 2780 2755; x_wconf 84' lang='lat' dir='ltr'><strong>ancipitem</strong></span> 
     </span>
     <span class='ocr_line' id='line_1_28' title="bbox 633 2757 2777 2849; baseline 0.004 -28"><span class='ocrx_word' id='word_1_223' title='bbox 633 2781 684 2821; x_wconf 84' lang='grc' dir='ltr'><strong>ιο</strong></span> <span class='ocrx_word' id='word_1_224' title='bbox 719 2780 938 2827; x_wconf 82' lang='lat' dir='ltr'><strong>euram</strong></span> <span class='ocrx_word' id='word_1_225' title='bbox 981 2757 1320 2847; x_wconf 88' lang='lat' dir='ltr'><strong>cogitandi.</strong></span> <span class='ocrx_word' id='word_1_226' title='bbox 1406 2765 1476 2826; x_wconf 77' lang='lat' dir='ltr'><strong>in</strong></span> <span class='ocrx_word' id='word_1_227' title='bbox 1519 2761 1641 2829; x_wconf 86' lang='lat' dir='ltr'><strong>hac</strong></span> <span class='ocrx_word' id='word_1_228' title='bbox 1685 2762 2025 2839; x_wconf 86' lang='lat' dir='ltr'><strong>divisione,</strong></span> <span class='ocrx_word' id='word_1_229' title='bbox 2070 2785 2217 2829; x_wconf 89' lang='lat' dir='ltr'><strong>cum</strong></span> <span class='ocrx_word' id='word_1_230' title='bbox 2258 2763 2598 2849; x_wconf 86' lang='lat' dir='ltr'><strong>praeterire</strong></span> <span class='ocrx_word' id='word_1_231' title='bbox 2644 2765 2777 2829; x_wconf 83' lang='lat' dir='ltr'><strong>ali·-</strong></span> 
     </span>
     <span class='ocr_line' id='line_1_29' title="bbox 717 2855 2779 2943; baseline 0.003 -24"><span class='ocrx_word' id='word_1_232' title='bbox 717 2855 870 2939; x_wconf 89' lang='lat' dir='ltr'><strong>quid</strong></span> <span class='ocrx_word' id='word_1_233' title='bbox 904 2877 1278 2922; x_wconf 81' lang='lat' dir='ltr'><strong>maxumum</strong></span> <span class='ocrx_word' id='word_1_234' title='bbox 1310 2855 1538 2921; x_wconf 82' lang='lat' dir='ltr'><strong>vitium</strong></span> <span class='ocrx_word' id='word_1_235' title='bbox 1563 2856 1632 2921; x_wconf 91' lang='lat' dir='ltr'><strong>in</strong></span> <span class='ocrx_word' id='word_1_236' title='bbox 1658 2855 1999 2921; x_wconf 86' lang='lat' dir='ltr'><strong>dividendo</strong></span> <span class='ocrx_word' id='word_1_237' title='bbox 2027 2856 2127 2934; x_wconf 89' lang='lat' dir='ltr'><strong>sit,</strong></span> <span class='ocrx_word' id='word_1_238' title='bbox 2163 2858 2293 2923; x_wconf 90' lang='lat' dir='ltr'><strong>duo</strong></span> <span class='ocrx_word' id='word_1_239' title='bbox 2319 2858 2779 2943; x_wconf 83' lang='lat' dir='ltr'><strong>praetermissa</strong></span> 
     </span>
     <span class='ocr_line' id='line_1_30' title="bbox 717 2949 2781 3037; baseline 0.004 -25"><span class='ocrx_word' id='word_1_240' title='bbox 717 2958 892 3024; x_wconf 80' lang='lat' dir='ltr'><strong>sunt3</strong></span> <span class='ocrx_word' id='word_1_241' title='bbox 928 2970 1046 3013; x_wconf 90' lang='lat' dir='ltr'><strong>nec</strong></span> <span class='ocrx_word' id='word_1_242' title='bbox 1081 2949 1252 3015; x_wconf 84' lang='lat' dir='ltr'><strong>enim</strong></span> <span class='ocrx_word' id='word_1_243' title='bbox 1287 2952 1494 3016; x_wconf 89' lang='lat' dir='ltr'><strong>solum</strong></span> <span class='ocrx_word' id='word_1_244' title='bbox 1528 2961 1743 3015; x_wconf 89' lang='lat' dir='ltr'><strong>utrum</strong></span> <span class='ocrx_word' id='word_1_245' title='bbox 1780 2949 2115 3017; x_wconf 89' lang='lat' dir='ltr'><strong>honestum</strong></span> <span class='ocrx_word' id='word_1_246' title='bbox 2151 2976 2235 3019; x_wconf 88' lang='lat' dir='ltr'><strong>an</strong></span> <span class='ocrx_word' id='word_1_247' title='bbox 2270 2963 2457 3037; x_wconf 84' lang='lat' dir='ltr'><strong>turpe</strong></span> <span class='ocrx_word' id='word_1_248' title='bbox 2490 2953 2571 3017; x_wconf 91' lang='lat' dir='ltr'><strong>sit</strong></span> <span class='ocrx_word' id='word_1_249' title='bbox 2607 2953 2781 3019; x_wconf 84' lang='lat' dir='ltr'><strong>deli-</strong></span> 
     </span>
     <span class='ocr_line' id='line_1_31' title="bbox 716 3041 2773 3130; baseline 0.005 -25"><span class='ocrx_word' id='word_1_250' title='bbox 716 3041 925 3107; x_wconf 89' lang='lat' dir='ltr'><strong>berari</strong></span> <span class='ocrx_word' id='word_1_251' title='bbox 959 3042 1148 3118; x_wconf 89' lang='lat' dir='ltr'><strong>solet,</strong></span> <span class='ocrx_word' id='word_1_252' title='bbox 1193 3043 1310 3109; x_wconf 90' lang='lat' dir='ltr'><strong>sed</strong></span> <span class='ocrx_word' id='word_1_253' title='bbox 1341 3044 1532 3111; x_wconf 88' lang='lat' dir='ltr'><strong>etiam</strong></span> <span class='ocrx_word' id='word_1_254' title='bbox 1558 3042 1822 3115; x_wconf 71' lang='lat' dir='ltr'><strong>,duobus</strong></span> <span class='ocrx_word' id='word_1_255' title='bbox 1857 3045 2196 3130; x_wconf 88' lang='lat' dir='ltr'><strong>propositis</strong></span> <span class='ocrx_word' id='word_1_256' title='bbox 2228 3045 2513 3113; x_wconf 86' lang='lat' dir='ltr'><strong>honestis</strong></span> <span class='ocrx_word' id='word_1_257' title='bbox 2548 3058 2773 3115; x_wconf 83' lang='lat' dir='ltr'><strong>utrum</strong></span> 
     </span>
     <span class='ocr_line' id='line_1_32' title="bbox 715 3134 2771 3225; baseline 0.005 -28"><span class='ocrx_word' id='word_1_258' title='bbox 715 3134 1072 3214; x_wconf 88' lang='lat' dir='ltr'><strong>honestius,</strong></span> <span class='ocrx_word' id='word_1_259' title='bbox 1140 3138 1417 3221; x_wconf 91' lang='lat' dir='ltr'><strong>itemque</strong></span> <span class='ocrx_word' id='word_1_260' title='bbox 1488 3138 1740 3203; x_wconf 89' lang='lat' dir='ltr'><strong>duobus</strong></span> <span class='ocrx_word' id='word_1_261' title='bbox 1812 3140 2151 3225; x_wconf 88' lang='lat' dir='ltr'><strong>propositis</strong></span> <span class='ocrx_word' id='word_1_262' title='bbox 2223 3140 2487 3207; x_wconf 85' lang='lat' dir='ltr'><strong>utilibus</strong></span> <span class='ocrx_word' id='word_1_263' title='bbox 2546 3154 2771 3209; x_wconf 85' lang='lat' dir='ltr'><strong>utrum</strong></span> 
     </span>
     <span class='ocr_line' id='line_1_33' title="bbox 675 3230 2771 3320; baseline 0.002 -24.099"><span class='ocrx_word' id='word_1_264' title='bbox 675 3230 962 3303; x_wconf 77' lang='lat' dir='ltr'><strong>utilius.</strong></span> <span class='ocrx_word' id='word_1_265' title='bbox 1048 3231 1168 3311; x_wconf 87' lang='lat' dir='ltr'><strong>ita,</strong></span> <span class='ocrx_word' id='word_1_266' title='bbox 1209 3254 1406 3317; x_wconf 89' lang='lat' dir='ltr'><strong>quam</strong></span> <span class='ocrx_word' id='word_1_267' title='bbox 1445 3232 1552 3300; x_wconf 82' lang='lat' dir='ltr'><strong>ine</strong></span> <span class='ocrx_word' id='word_1_268' title='bbox 1595 3234 1911 3320; x_wconf 89' lang='lat' dir='ltr'><strong>triplicem</strong></span> <span class='ocrx_word' id='word_1_269' title='bbox 1952 3234 2203 3319; x_wconf 77' lang='lat' dir='ltr'><strong>putavit</strong></span> <span class='ocrx_word' id='word_1_270' title='bbox 2246 3258 2387 3303; x_wconf 89' lang='lat' dir='ltr'><strong>esse</strong></span> <span class='ocrx_word' id='word_1_271' title='bbox 2430 3236 2771 3313; x_wconf 86' lang='lat' dir='ltr'><strong>rationem,</strong></span> 
     </span>
     <span class='ocr_line' id='line_1_34' title="bbox 712 3323 2767 3438; baseline 0.003 -49"><span class='ocrx_word' id='word_1_272' title='bbox 712 3323 780 3389; x_wconf 87' lang='lat' dir='ltr'><strong>in</strong></span> <span class='ocrx_word' id='word_1_273' title='bbox 841 3324 1124 3409; x_wconf 89' lang='lat' dir='ltr'><strong>quinque</strong></span> <span class='ocrx_word' id='word_1_274' title='bbox 1183 3326 1380 3411; x_wconf 88' lang='lat' dir='ltr'><strong>partis</strong></span> <span class='ocrx_word' id='word_1_275' title='bbox 1431 3326 1727 3393; x_wconf 86' lang='lat' dir='ltr'><strong>distribui</strong></span> <span class='ocrx_word' id='word_1_276' title='bbox 1780 3327 2013 3394; x_wconf 85' lang='lat' dir='ltr'><strong>debere</strong></span> <span class='ocrx_word' id='word_1_277' title='bbox 2066 3329 2395 3413; x_wconf 73' lang='lat' dir='ltr'><strong>reperitur.</strong></span> <span class='ocrx_word' id='word_1_278' title='bbox 2484 3329 2767 3438; x_wconf 81' lang='lat' dir='ltr'><strong>primum</strong></span> 
     </span>
     <span class='ocr_line' id='line_1_35' title="bbox 710 3416 2767 3509; baseline 0.002 -27"><span class='ocrx_word' id='word_1_279' title='bbox 710 3416 906 3503; x_wconf 82' lang='lat' dir='ltr'><strong>igitur</strong></span> <span class='ocrx_word' id='word_1_280' title='bbox 940 3430 1038 3486; x_wconf 84' lang='lat' dir='ltr'><strong>est</strong></span> <span class='ocrx_word' id='word_1_281' title='bbox 1073 3420 1152 3485; x_wconf 83' lang='lat' dir='ltr'><strong>de</strong></span> <span class='ocrx_word' id='word_1_282' title='bbox 1187 3419 1471 3498; x_wconf 88' lang='lat' dir='ltr'><strong>honest0,</strong></span> <span class='ocrx_word' id='word_1_283' title='bbox 1509 3421 1621 3487; x_wconf 89' lang='lat' dir='ltr'><strong>sed</strong></span> <span class='ocrx_word' id='word_1_284' title='bbox 1656 3420 2017 3507; x_wconf 89' lang='lat' dir='ltr'><strong>dupliciter,</strong></span> <span class='ocrx_word' id='word_1_285' title='bbox 2055 3434 2192 3487; x_wconf 88' lang='lat' dir='ltr'><strong>tum</strong></span> <span class='ocrx_word' id='word_1_286' title='bbox 2226 3422 2365 3509; x_wconf 88' lang='lat' dir='ltr'><strong>pari</strong></span> <span class='ocrx_word' id='word_1_287' title='bbox 2400 3424 2641 3489; x_wconf 87' lang='lat' dir='ltr'><strong>ratione</strong></span> <span class='ocrx_word' id='word_1_288' title='bbox 2678 3424 2767 3487; x_wconf 82' lang='lat' dir='ltr'><strong>de</strong></span> 
     </span>
     <span class='ocr_line' id='line_1_36' title="bbox 711 3512 2431 3601; baseline 0.004 -25"><span class='ocrx_word' id='word_1_289' title='bbox 711 3512 871 3589; x_wconf 87' lang='lat' dir='ltr'><strong>utili,</strong></span> <span class='ocrx_word' id='word_1_290' title='bbox 909 3524 1053 3599; x_wconf 89' lang='lat' dir='ltr'><strong>post</strong></span> <span class='ocrx_word' id='word_1_291' title='bbox 1087 3513 1166 3580; x_wconf 87' lang='lat' dir='ltr'><strong>de</strong></span> <span class='ocrx_word' id='word_1_292' title='bbox 1203 3516 1675 3601; x_wconf 84' lang='lat' dir='ltr'><strong>comparatione</strong></span> <span class='ocrx_word' id='word_1_293' title='bbox 1710 3539 1933 3583; x_wconf 90' lang='lat' dir='ltr'><strong>eorum</strong></span> <span class='ocrx_word' id='word_1_294' title='bbox 1967 3516 2431 3583; x_wconf 87' lang='lat' dir='ltr'><strong>disserendum.</strong></span> 
     </span>
     <span class='ocr_line' id='line_1_37' title="bbox 617 3595 2819 3707; baseline 0.003 -36"><span class='ocrx_word' id='word_1_295' title='bbox 617 3595 666 3707; x_wconf 55' lang='lat' dir='ltr'>fi</span> <span class='ocrx_word' id='word_1_296' title='bbox 842 3607 1166 3695; x_wconf 88' lang='lat' dir='ltr'><strong>Principio</strong></span> <span class='ocrx_word' id='word_1_297' title='bbox 1211 3607 1430 3694; x_wconf 84' lang='lat' dir='ltr'><strong>generi</strong></span> <span class='ocrx_word' id='word_1_298' title='bbox 1474 3611 1891 3677; x_wconf 86' lang='lat' dir='ltr'><strong>animantium</strong></span> <span class='ocrx_word' id='word_1_299' title='bbox 1934 3610 2110 3677; x_wconf 92' lang='lat' dir='ltr'><strong>omni</strong></span> <span class='ocrx_word' id='word_1_300' title='bbox 2152 3623 2249 3676; x_wconf 90' lang='lat' dir='ltr'><strong>est</strong></span> <span class='ocrx_word' id='word_1_301' title='bbox 2294 3636 2336 3677; x_wconf 86' lang='lat' dir='ltr'><strong>a</strong></span> <span class='ocrx_word' id='word_1_302' title='bbox 2378 3623 2607 3679; x_wconf 88' lang='lat' dir='ltr'><strong>natura</strong></span> <span class='ocrx_word' id='word_1_303' title='bbox 2650 3611 2771 3677; x_wconf 86' lang='lat' dir='ltr'><strong>tri-</strong></span> <span class='ocrx_word' id='word_1_304' title='bbox 2812 3692 2819 3695; x_wconf 35' lang='grc'><strong>,</strong></span> 
     </span>
     <span class='ocr_line' id='line_1_38' title="bbox 648 3701 2772 3790; baseline 0.003 -25"><span class='ocrx_word' id='word_1_305' title='bbox 648 3766 658 3773; x_wconf 73' lang='grc'><em>,</em></span> <span class='ocrx_word' id='word_1_306' title='bbox 711 3701 939 3767; x_wconf 85' lang='lat' dir='ltr'><strong>butum</strong></span> <span class='ocrx_word' id='word_1_307' title='bbox 973 3713 1048 3767; x_wconf 83' lang='lat' dir='ltr'><strong>ut</strong></span> <span class='ocrx_word' id='word_1_308' title='bbox 1081 3726 1170 3778; x_wconf 87' lang='lat' dir='ltr'><strong>se,</strong></span> <span class='ocrx_word' id='word_1_309' title='bbox 1206 3702 1405 3769; x_wconf 85' lang='lat' dir='ltr'><strong>vitam</strong></span> <span class='ocrx_word' id='word_1_310' title='bbox 1439 3726 1798 3790; x_wconf 82' lang='lat' dir='ltr'><strong>corpusque</strong></span> <span class='ocrx_word' id='word_1_311' title='bbox 1834 3717 2107 3782; x_wconf 85' lang='lat' dir='ltr'><strong>tueatur,</strong></span> <span class='ocrx_word' id='word_1_312' title='bbox 2144 3706 2419 3772; x_wconf 88' lang='lat' dir='ltr'><strong>declinet</strong></span> <span class='ocrx_word' id='word_1_313' title='bbox 2454 3730 2559 3784; x_wconf 86' lang='lat' dir='ltr'><strong>ea,</strong></span> <span class='ocrx_word' id='word_1_314' title='bbox 2596 3728 2772 3790; x_wconf 87' lang='lat' dir='ltr'><strong>quae</strong></span> 
     </span>
     <span class='ocr_line' id='line_1_39' title="bbox 708 3795 2773 3884; baseline 0.003 -26"><span class='ocrx_word' id='word_1_315' title='bbox 708 3795 1002 3861; x_wconf 86' lang='lat' dir='ltr'><strong>nocitura</strong></span> <span class='ocrx_word' id='word_1_316' title='bbox 1052 3796 1412 3874; x_wconf 86' lang='lat' dir='ltr'><strong>videantur,</strong></span> <span class='ocrx_word' id='word_1_317' title='bbox 1465 3798 1805 3883; x_wconf 88' lang='lat' dir='ltr'><strong>omniaque</strong></span> <span class='ocrx_word' id='word_1_318' title='bbox 1818 3848 1835 3876; x_wconf 95' lang='lat'><strong>,</strong></span> <span class='ocrx_word' id='word_1_319' title='bbox 1888 3821 2055 3884; x_wconf 86' lang='lat' dir='ltr'><strong>quae</strong></span> <span class='ocrx_word' id='word_1_320' title='bbox 2107 3800 2233 3865; x_wconf 89' lang='lat' dir='ltr'><strong>sint</strong></span> <span class='ocrx_word' id='word_1_321' title='bbox 2285 3801 2367 3867; x_wconf 83' lang='lat' dir='ltr'><strong>ad</strong></span> <span class='ocrx_word' id='word_1_322' title='bbox 2412 3800 2773 3865; x_wconf 86' lang='lat' dir='ltr'><strong>vivendum</strong></span> 
     </span>
     <span class='ocr_line' id='line_1_40' title="bbox 709 3889 2769 3979; baseline 0.003 -26"><span class='ocrx_word' id='word_1_323' title='bbox 709 3889 1096 3965; x_wconf 84' lang='lat' dir='ltr'><strong>necessaria,</strong></span> <span class='ocrx_word' id='word_1_324' title='bbox 1140 3891 1433 3973; x_wconf 84' lang='lat' dir='ltr'><strong>anquirat</strong></span> <span class='ocrx_word' id='word_1_325' title='bbox 1466 3902 1532 3957; x_wconf 89' lang='lat' dir='ltr'><strong>et</strong></span> <span class='ocrx_word' id='word_1_326' title='bbox 1563 3905 1773 3978; x_wconf 88' lang='lat' dir='ltr'><strong>paret,</strong></span> <span class='ocrx_word' id='word_1_327' title='bbox 1817 3906 1891 3958; x_wconf 84' lang='lat' dir='ltr'><strong>ut</strong></span> <span class='ocrx_word' id='word_1_328' title='bbox 1924 3904 2201 3979; x_wconf 87' lang='lat' dir='ltr'><strong>pastum,</strong></span> <span class='ocrx_word' id='word_1_329' title='bbox 2237 3906 2309 3959; x_wconf 91' lang='lat' dir='ltr'><strong>ut</strong></span> <span class='ocrx_word' id='word_1_330' title='bbox 2344 3894 2640 3970; x_wconf 84' lang='lat' dir='ltr'><strong>latibula,</strong></span> <span class='ocrx_word' id='word_1_331' title='bbox 2690 3905 2769 3959; x_wconf 85' lang='lat' dir='ltr'><strong>ut</strong></span> 
     </span>
     <span class='ocr_line' id='line_1_41' title="bbox 710 3979 2795 4064; baseline 0.007 -20"><span class='ocrx_word' id='word_1_332' title='bbox 710 3979 837 4057; x_wconf 66' lang='lat' dir='ltr'><strong>alia</strong></span> <span class='ocrx_word' id='word_1_333' title='bbox 886 3983 1138 4064; x_wconf 81' lang='lat' dir='ltr'><strong>generis</strong></span> <span class='ocrx_word' id='word_1_334' title='bbox 1191 3982 1506 4060; x_wconf 83' lang='lat' dir='ltr'><strong>eiusdem3</strong></span> <span class='ocrx_word' id='word_1_335' title='bbox 1559 4006 1895 4054; x_wconf 74' lang='lat' dir='ltr'><strong>commune</strong></span> <span class='ocrx_word' id='word_1_336' title='bbox 1946 3987 2099 4053; x_wconf 88' lang='lat' dir='ltr'><strong>item</strong></span> <span class='ocrx_word' id='word_1_337' title='bbox 2156 3988 2576 4055; x_wconf 84' lang='lat' dir='ltr'><strong>animantium</strong></span> <span class='ocrx_word' id='word_1_338' title='bbox 2622 4008 2795 4058; x_wconf 84' lang='lat' dir='ltr'><strong>om-.</strong></span> 
     </span>
    </p>
   </div>
  </div>
 </body>
</html>
