3292 4559
656 1206 725 1254 251·

664 1278 713 1314 ss

762 225 847 292 26
1382 237 1458 290 Μ.
1496 235 1771 293 TULLn
1806 233 2209 293 c1CEROle
2279 278 2288 284 .

758 362 1418 430 Lacedaemoniorum
1472 382 1626 446 opes
1682 360 2087 426 conruerunt.
2176 371 2416 445 quanto
2468 359 2551 442 Q.
2598 361 2830 429 Maxi-

765 482 901 522 mus
941 457 1195 524 melius!
1251 458 1334 523 de
1368 479 1499 540 quo
1535 455 1819 522 Ennius:

937 619 1096 661 unus
1133 595 1324 660 homo
1359 595 1545 660 nobis
1584 595 1944 660 cunctando
1979 592 2254 660 restituit
2286 615 2451 670 rem;

937 713 1211 755 noenum
1243 711 1531 755 rumores
1567 689 1850 775 ponebat
1883 699 2031 754 ante
2068 690 2365 754 salutem:

933 805 1084 870 [ergo
1119 796 1391 870 postque
1426 783 1763 869 magisque
1797 782 1920 846 viri
1954 804 2126 848 nunc
2162 782 2368 868 gloria
2408 783 2625 848 claret.

763 922 933 1002 qnnd
977 942 1182 1006 genus
1218 921 1527 1006 peccandi
1562 918 1895 985 vitandum
1932 929 2030 984 est
2064 919 2257 984 etiam
2288 918 2358 984 in
2393 919 2588 986 rebus
2624 921 2825 987 urba-

761 1018 885 1090 nis;
953 1028 1097 1080 sunt
1157 1016 1328 1080 enim
1390 1015 1504 1098 qui
1555 1015 1731 1099 quod
1784 1014 2095 1089 sentiunt,
2157 1014 2277 1080 etsi
2329 1014 2644 1101 optimum
2698 1031 2821 1094 est,

761 1130 969 1174 tamen
1009 1109 1285 1175 invidiae
1319 1120 1496 1175 metu
1529 1131 1661 1174 non
1696 1109 1977 1175 audeant
2011 1108 2241 1175 dicere.

893 1202 1176 1266 Umnino
1220 1203 1334 1287 qui
1377 1203 1472 1268 rei
1517 1203 1817 1289 publicae
1851 1202 2207 1289 praefuturi
2242 1213 2392 1267 sunt
2427 1203 2557 1267 duo
2592 1203 2820 1269 Plato-

765 1302 857 1358 nis
913 1306 1252 1381 praecepta
1297 1309 1584 1362 teneant:
1639 1320 1873 1374 unum,
1923 1308 1998 1362 ut
2040 1297 2379 1362 utilitatem
2432 1296 2668 1362 civium
2724 1299 2819 1364 sic

761 1410 1082 1464 tueantur,
1128 1401 1202 1455 ut
1245 1411 1696 1475 quaecumque
1744 1403 1945 1477 agunt
1988 1391 2073 1456 ad
2116 1413 2261 1456 eam
2305 1390 2587 1457 referant
2632 1393 2820 1457 obliti

761 1483 1237 1549 &numantiorum
1298 1507 1592 1562 suorum3
1656 1487 1954 1561 alterum,
2015 1496 2091 1550 ut
2160 1497 2365 1551 totum
2427 1507 2659 1571 corpus
2721 1490 2821 1553 rei

761 1582 1055 1664 pumma
1090 1591 1339 1665 curent,
1383 1602 1466 1645 ne
1477 1627 1495 1657 ,
1543 1581 1699 1645 dum
1734 1592 1983 1666 partem
2018 1580 2297 1664 aliquam
2332 1591 2619 1656 tuentur,
2666 1582 2821 1646 reli-

761 1698 917 1758 quas
957 1674 1277 1739 deserant:
1351 1686 1422 1739 ut
1458 1675 1629 1740 enim
1665 1676 1893 1752 tutela,
1942 1674 2034 1740 sic
2069 1674 2433 1760 procuratio
2474 1676 2567 1740 rei
2602 1676 2820 1761 publi-

761 1794 869 1834 [aso
937 1770 1017 1834 ad
1079 1791 1303 1834 eorum
1355 1770 1715 1847 utilitatem,
1770 1771 1883 1855 qui
1933 1770 2258 1836 commissi
2310 1781 2484 1848 sunt,
2547 1792 2677 1835 non
2731 1773 2820 1837 ad

761 1890 1009 1942 ‹em-um,
1053 1865 1286 1950 quibus
1332 1865 1677 1931 commissa
1721 1878 1847 1945 est,
1905 1865 2190 1952 gerenda
2233 1878 2348 1931 est.
2437 1865 2551 1949 qui
2596 1878 2819 1935 autem

761 1962 917 2042 parti
961 1957 1194 2024 eivium
1230 1961 1599 2038 consulunt,
1635 1972 1882 2046 partem
1917 1961 2287 2046 neglegunt,
2325 1981 2463 2025 rem
2498 1960 2819 2045 pernicio-

761 2058 1072 2118 simmam
1123 2053 1192 2118 in
1246 2055 1569 2121 civitatem
1612 2055 1955 2132 inducunt,
2011 2054 2389 2120 seditionem
2444 2064 2638 2137 atque
2684 2055 2819 2120 dis-

761 2150 1066 2212 tus-diam:
1123 2169 1205 2213 ex
1260 2169 1389 2232 quo
1436 2149 1651 2215 evenit
1692 2160 1765 2214 ut
1808 2149 1915 2213 alii
1960 2149 2332 2235 populares,
2387 2147 2495 2212 alii
2539 2147 2814 2213 studiosi

672 2274 721 2310 ς.)
761 2262 857 2326 [qn
873 2246 881 2302 i
897 2246 977 2306 mi
1041 2241 1352 2325 cuiusque
1417 2243 1777 2319 videantur,
1848 2243 2040 2329 pauci
2099 2243 2561 2309 universorum.
2659 2241 2816 2308 hinc

668 4058 717 4094 ,ᾖ

761 2362 813 2418 a!
829 2338 926 2398 uu]
977 2335 1391 2400 Atheniensis
1437 2359 1713 2422 magnae
1757 2337 2143 2415 discordiae,
2203 2337 2271 2401 in
2313 2347 2534 2402 nostra
2575 2359 2647 2402 re
2691 2361 2816 2422 pu-

761 2430 921 2490 slim
981 2450 1110 2493 non
1172 2431 1380 2494 solum
1435 2431 1809 2508 seditiones,
1871 2432 1986 2496 sed
2040 2431 2234 2497 etiam
2282 2431 2587 2517 pestifera
2639 2431 2815 2498 bella

761 2526 993 2586 nfirma:
1033 2544 1195 2607 quae
1231 2525 1446 2610 gravis
1481 2536 1549 2591 et
1581 2524 1763 2590 fortis
1799 2525 1955 2590 civis
1993 2537 2057 2592 et
2089 2525 2157 2590 in
2190 2547 2260 2591 re
2288 2525 2548 2611 publica
2575 2524 2826 2615 dignus

757 2618 1116 2702 principatu
1180 2617 1390 2704 fugiet
1441 2629 1634 2706 atque
1688 2619 1893 2684 oderit
1943 2619 2280 2704 tradetque
2336 2643 2403 2684 se
2457 2629 2662 2684 totum
2716 2620 2813 2686 rei

757 2738 813 2794 11³
826 2714 861 2774 ιΙ
877 2714 1051 2777 ,lit-as
1092 2733 1303 2796 neque
1346 2735 1502 2800 opes
1538 2726 1648 2780 aut
1682 2715 2033 2800 potentiam
2068 2713 2542 2781 consectabitur
2575 2723 2816 2779 totam-

757 2830 877 2890 que
929 2830 1068 2871 eam
1112 2807 1205 2872 sic
1249 2809 1560 2886 tuebitur,
1615 2822 1689 2875 ut
1740 2810 2037 2876 omnibus
2090 2810 2400 2876 consulat.
2488 2829 2609 2874 nec
2653 2831 2813 2874 vero

757 2902 1125 2966 «eriiniinibus
1169 2902 1349 2968 falsis
1393 2904 1461 2969 in
1505 2903 1726 2969 odium
1771 2915 1882 2969 aut
1924 2904 2233 2969 invidiam
2270 2923 2661 2988 quemquam
2698 2925 2815 2968 vo-

761 2998 918 3058 r,=:1hit
981 2997 1363 3082 omninoque
1412 2999 1506 3063 ita
1557 2999 1838 3066 iustitiae
1882 2999 2328 3082 honestatique
2374 2997 2812 3074 adhaerescet,

761 3106 853 3158 ιιι,
913 3090 1064 3154 dum
1117 3113 1194 3156 ea
1237 3106 1601 3172 conservet,
1647 3094 1941 3179 quamvis
1985 3094 2269 3179 graviter
2310 3092 2592 3158 offendat
2637 3116 2815 3159 mor-

757 3198 1011 3266 tsmspie
1073 3196 1335 3271 oppetat
1393 3188 1604 3274 potius
1668 3211 1863 3273 quam
1927 3189 2178 3256 deserat
2228 3189 2367 3266 illa,
2431 3208 2600 3272 quae
2653 3186 2813 3251 dixi.

697 3310 717 3342 τ
757 3278 1107 3344 ruham-ima
1136 3281 1399 3347 omnino
1437 3294 1533 3348 est
1569 3283 1833 3348 ambitio
1870 3283 2311 3367 honorumque
2345 3282 2689 3358 contentio,
2729 3283 2813 3346 de

757 3398 878 3454 qum
929 3376 1250 3458 praeclare
1295 3377 1470 3463 apud
1517 3378 1796 3443 eundem
1840 3389 1938 3444 est
1971 3378 2341 3454 Platonem,
2388 3376 2675 3441 similiter
2710 3375 2817 3440 fa-

757 3494 893 3530 rmus.
953 3492 1089 3548 ens,
1152 3472 1263 3555 qui
1315 3472 1482 3537 inter
1535 3494 1604 3537 se
1658 3473 2143 3548 contenderent,
2208 3484 2353 3537 uter
2403 3471 2613 3557 potius
2663 3491 2816 3533 rem

757 3566 1075 3646 puhlifflm
1111 3566 1610 3643 administraret,
1658 3578 1733 3632 ut
1767 3567 1821 3632 si
1855 3578 2090 3633 nautae
2126 3577 2471 3643 certarent,
2518 3562 2655 3649 quis
2691 3584 2817 3628 eo-

757 3678 893 3718 rum
941 3659 1340 3742 potissimum
1385 3660 1795 3746 gubernaret.
1883 3662 2182 3748 idemque
2226 3660 2539 3748 praecipit
2579 3669 2656 3724 ut
2694 3680 2815 3722 eos

757 3754 1149 3819 adversarios
1204 3755 1672 3834 existimemus,
1730 3756 1843 3841 qui
1896 3779 2075 3822 arma
2119 3767 2341 3822 contra
2384 3755 2623 3831 ferant,
2676 3774 2819 3817 non

757 3870 889 3918 eus,
945 3847 1053 3930 qui
1097 3870 1214 3912 suo
1257 3849 1495 3915 iudicio
1539 3850 1707 3917 tueri
1749 3873 1886 3917 rem
1939 3851 2263 3936 publicam
2314 3848 2544 3924 velint,
2599 3847 2819 3931 qualis

757 3939 873 3998 fuit
925 3942 1084 4006 inter
1125 3939 1204 4007 P.
1243 3943 1630 4010 Africanum
1666 3954 1731 4009 et
1766 3942 1850 4025 Q.
1886 3944 2229 4011 Metellum
2275 3944 2411 4008 sine
2459 3941 2819 4008 acerbitate

761 4034 1084 4100 diss-susio-
1171 4060 1292 4103 nec
1334 4061 1488 4105 vero
1533 4038 1836 4104 audiendi
1880 4041 1991 4123 qui
2032 4040 2315 4126 graviter
2365 4037 2638 4103 inimicis
2681 4037 2826 4101 ira-
