3292 4559
291 4041 293 4044 ’
291 3796 318 4004 ““ᾞ““’”““
309 3766 318 3774 .

1026 287 1131 342 DE
1164 285 1687 345 DIVINATIONE
1720 287 2143 344 II.145-‘-150.
2263 238 2266 241 ¹
2335 250 2341 256 ’
2397 298 2400 300 ἡ
2488 277 2620 342 215

568 407 791 482 verum
833 408 1092 499 quidem
1128 411 1365 477 dicenti
1400 412 1660 480 credere
1705 413 2054 491 soleamus,
2095 433 2226 498 quo
2261 411 2453 477 niodo
2487 413 2614 491 isti,

566 510 624 575 si
658 509 972 576 somnium
1004 529 1231 574 verum
1274 508 1479 574 evasit
1513 507 1806 592 aliquod,
1849 530 1981 574 non
2026 531 2108 575 ex
2149 507 2366 573 multis
2401 509 2615 594 potius

564 604 678 670 uni
718 603 913 670 fidem
958 603 1273 689 derogent
1315 625 1512 688 quam
1556 625 1637 672 ex
1681 624 1812 668 uno
1853 603 2344 669 innumerabilia
2387 603 2616 668 confir-

561 711 754 766 ment.
844 699 899 764 si
931 698 1131 784 igitur
1174 720 1384 783 neque
1434 698 1593 764 deus
1631 711 1730 764 est
1773 699 2040 765 effector
2075 699 2468 766 somniorum
2501 722 2615 765 ne-

560 815 684 878 que
719 805 989 859 naturae
1024 807 1110 858 est
1156 793 1424 858 societas
1470 793 1603 857 ulla
1646 815 1796 858 cum
1840 792 2104 858 somniis
2147 816 2359 878 neque
2396 794 2613 860 obser-

556 887 812 952 vatione
863 886 1136 952 inveniri
1194 885 1405 972 potuit
1458 886 1752 964 scientia,
1816 887 2119 953 effectum
2171 896 2268 952 est
2329 900 2402 953 ut
2452 889 2613 954 nihil

556 1003 819 1067 prorsus
854 979 1113 1046 somniis
1146 979 1558 1044 tribuendum
1594 981 1704 1056 sit,
1749 981 2124 1066 praesertim
2160 1003 2306 1047 cum
2341 981 2434 1045 illi
2467 982 2611 1068 ipsi,

556 1075 675 1159 qui
707 1097 787 1140 ea
820 1075 1064 1151 vident,
1099 1074 1259 1140 nihil
1295 1074 1602 1152 divinent,
1635 1075 1714 1152 ii,
1751 1076 1864 1160 qui
1897 1077 2422 1162 interpretantur,
2460 1099 2614 1142 con-

2643 715 2717 756 14¹1

553 1169 867 1234 iecturam
902 1168 1277 1246 adhibeant,
1321 1190 1452 1234 non
1484 1179 1808 1247 naturam,
1846 1193 2032 1236 casus
2071 1181 2285 1236 autem
2320 1170 2620 1235 innume-.
2666 1251 2668 1255 ι

552 1263 861 1329 rabilibus
894 1285 1101 1350 paene
1138 1263 1409 1328 saeculis
1435 1263 1503 1328 in
1531 1263 1827 1329 omnibus
1862 1265 2048 1351 plura
2074 1264 2392 1332 mirabilia
2417 1287 2613 1351 quam

552 1358 622 1424 in
656 1357 1049 1424 somniorum
1094 1356 1247 1422 visis
1295 1357 1606 1436 effecerit,
1653 1380 1866 1443 neque
1901 1361 2294 1437 coniectura,
2340 1379 2507 1443 quae
2542 1359 2611 1424 in

553 1453 763 1520 varias
795 1455 993 1541 partis
1031 1452 1181 1519 duci
1214 1453 1449 1565 possit,
1470 1476 1603 1520 non
1635 1477 1990 1540 numquam
2023 1455 2221 1522 etiam
2251 1454 2322 1520 in
2357 1467 2609 1522 contra-

550 1547 699 1626 rias,
734 1549 1079 1633 quicquam
1114 1547 1196 1613 sit
1228 1548 1551 1614 incertius-

680 1641 1083 1728 Explodatur
1123 1645 1316 1728 ὁρίων
1358 1641 1521 1708 haec
1556 1664 1818 1728 quoque
1861 1642 2255 1708 somniorum
2301 1611 2605 1708 divinatio

546 1735 786 1820 pariter
821 1758 969 1800 cum
1006 1735 1253 1801 ceteris.
1340 1759 1515 1813 nam,
1548 1748 1622 1800 ut
1657 1758 1808 1802 vere
1843 1737 2204 1820 loquamur,
2241 1711 2654 1822 superstitio1

548 1829 698 1892 fusa
730 1850 846 1913 per
891 1828 1101 1912 gentis
1138 1829 1457 1914 oppressit
1492 1828 1778 1892 omnium
1813 1829 1948 1894 fere
1984 1829 2227 1894 animos
2263 1841 2456 1914 atque
2491 1831 2607 1895 ho-

548 1920 797 1984 minum
856 1918 1334 1985 inbecillitatem
1396 1921 1763 2006 occupavit3
1827 1920 2002 2005 quod
2054 1931 2119 1987 et
2170 1922 2246 1986 in
2297 1922 2376 1987 iis
2427 1923 2606 1988 libris

552 2015 794 2080 dictum
830 2025 955 2092 est,
1001 2012 1115 2097 qui
1150 2024 1300 2078 sunt
1336 2014 1415 2080 de
1451 2025 1682 2079 natura
1717 2014 2012 2092 deorum,
2059 2026 2122 2081 et
2164 2015 2286 2081 hac
2322 2016 2608 2102 disputa-

549 2108 723 2174 tione
756 2108 825 2172 id
858 2130 1160 2174 maxume
1196 2108 1477 2194 egimus3
1514 2109 1790 2175 multum
1818 2107 1988 2174 enim
2015 2119 2079 2174 et
2107 2109 2424 2176 nobismet
2449 2110 2608 2197 ipsis

548 2213 615 2269 et
647 2203 879 2268 nostris
915 2201 1237 2288 profuturi
1270 2201 1681 2281 videbamur,
1726 2203 1780 2268 si
1816 2225 1960 2268 eam
1993 2201 2281 2268 funditus
2319 2207 2608 2270 sustulis-

548 2321 784 2364 semus.
870 2318 992 2363 nec
1026 2319 1179 2363 vero
1212 2333 1303 2344 ——
1332 2297 1404 2362 id
1438 2297 1609 2364 enim
1646 2297 1986 2384 diligenter
2019 2299 2306 2386 intellegi
2341 2301 2486 2365 volo
2520 2337 2609 2348 -—

547 2392 991 2478 superstitione
1036 2391 1319 2458 tollenda
1367 2391 1593 2479 religio
1643 2393 1917 2471 tollitur3
1967 2415 2120 2459 nam
2176 2405 2240 2459 et
2289 2396 2607 2462 maiorum

545 2486 837 2552 instituta
878 2485 1045 2552 tueri
1091 2486 1287 2552 sacris
1334 2485 1863 2571 caerimoniisque
1907 2487 2254 2553 retinendis
2301 2489 2606 2575 sapientis

547 2591 663 2656 est,
702 2592 765 2647 et
792 2602 932 2647 esse
959 2591 1391 2666 praestantem
1420 2581 1700 2665 aliquam
1729 2592 2184 2666 aeternamque
2218 2593 2513 2650 naturam
2542 2595 2607 2651 et

546 2697 691 2739 eam
726 2674 1201 2760 suspiciendam
1235 2675 1806 2763 admirandamque
1838 2674 2173 2740 hominum
2205 2677 2427 2762 generi
2460 2679 2606 2763 pul-

546 2767 838 2833 chritudo
872 2768 1097 2832 mundi
1132 2769 1419 2853 ordoque
1451 2791 1666 2834 rerum
1695 2769 2064 2834 caelestium
2099 2771 2272 2856 cogit
2298 2771 2602 2837 confiteri.

2643 1635 2711 1690 72

545 2883 745 2944 quam
778 2860 861 2924 ob
896 2883 1053 2938 rem,
1090 2873 1166 2926 ut
1199 2862 1424 2946 religio
1459 2862 1879 2948 propaganda
1914 2863 2106 2929 etiam
2141 2877 2267 2942 est,
2304 2885 2470 2949 quae
2507 2876 2604 2932 est
2629 2875 2706 2935 149

544 2954 763 3019 iuncta
799 2975 947 3018 cum
982 2955 1343 3065 cognitione
1388 2965 1688 3033 naturae,
1737 2955 1829 3020 sic
1873 2957 2338 3042 superstitionis
2377 2959 2602 3046 stirpes

544 3069 767 3114 omnes
804 3047 1169 3134 eligendae3
1214 3049 1410 3114 instat
1445 3049 1616 3114 enim
1654 3059 1716 3114 et
1751 3064 1985 3136 urguet
2021 3062 2113 3129 et,
2133 3075 2290 3162 ‘quo
2327 3064 2390 3120 te
2427 3077 2605 3120 cum-

543 3165 670 3230 que
715 3142 1003 3220 verteris,
1058 3143 1493 3229 persequitur,
1546 3142 1682 3210 sive
1727 3155 1800 3210 tu
1841 3155 2054 3212 vatem
2097 3146 2233 3212 sive
2286 3159 2359 3212 tu
2416 3172 2604 3214 omen

542 3237 841 3316 audieris,
896 3237 1031 3304 sive
1082 3238 1408 3304 inmolaris
1462 3237 1595 3305 sive
1648 3239 1837 3305 avem
1889 3241 2242 3327 aspexeris,
2295 3242 2350 3306 si
2407 3241 2603 3306 Chal-

543 3333 805 3410 daeum,
850 3331 906 3396 si
938 3331 1361 3419 haruspicem
1377 3333 1644 3411 videris,
1693 3333 1748 3398 81
1781 3333 2058 3412 fulserit,
2105 3335 2160 3398 si
2195 3336 2500 3412 tonuerit,
2549 3336 2602 3400 si

540 3438 787 3493 tactum
821 3426 1064 3511 aliquid
1108 3429 1226 3493 erit
1272 3428 1353 3494 de
1390 3428 1596 3506 cae10,
1644 3429 1696 3494 81
1735 3429 1966 3494 ostenti
2009 3429 2212 3493 simile
2247 3439 2469 3493 natum
2504 3429 2603 3494 fa-

540 3533 797 3588 ctumve
833 3520 1192 3608 quippiam:
1232 3542 1503 3607 quorum
1530 3545 1792 3588 necesse
1825 3532 1922 3586 est
1954 3522 2332 3607 plerumque
2359 3522 2601 3606 aliquid

540 3618 821 3696 eveniat,
883 3628 958 3682 ut
1017 3639 1371 3701 numquam
1436 3618 1625 3682 liceat
1686 3616 1904 3701 quieta
1967 3625 2180 3680 mente
2235 3616 2598 3682 consistere.

538 3713 906 3798 perfugium
972 3711 1227 3777 videtur
1278 3711 1563 3776 omnium
1625 3710 1920 3776 laborum
1975 3720 2040 3775 et
2102 3709 2599 3775 sollicitudinum

542 3827 680 3870 esse
733 3827 1023 3871 somnus:
1078 3816 1145 3870 at
1196 3827 1279 3871 ex
1323 3825 1399 3869 eo
1451 3804 1619 3889 ipso·
1645 3805 1982 3890 plurumae
2028 3826 2216 3869 curae
2260 3814 2597 3889 metusque

538 3911 916 3979 nascuntur,
969 3900 1082 3984 qui
1133 3899 1392 3986 quidem
1442 3899 1568 3986 ipsi
1618 3921 1736 3985 per
1789 3923 1858 3966 se
1911 3899 2122 3965 minus
2185 3899 2472 3964 valerent
2534 3911 2594 3965 et

539 3994 752 4080 magis
784 4006 1367 4072 contemnerentur,
1410 3995 1535 4060 nisi
1570 3995 1961 4060 somniorum
1994 3993 2421 4079 patrocinium
2453 3993 2597 4080 phi-

536 4087 789 4176 losophi
823 4089 1281 4175 suscepissent,
1328 4112 1448 4156 nec
1482 4089 1529 4154 ii
1574 4089 1836 4174 quidem
1883 4087 2431 4177 contemptissimi,
2479 4090 2594 4156 sed

2627 3718 2704 3758 150
