3292 4559
1148 290 1254 346 DE
1292 289 1620 349 ormcns
1656 292 1704 346 1.
1759 292 1963 347 8-14.
2531 274 2583 343 ὅ

523 418 704 483 nium
767 425 863 481 est
925 414 1384 481 coniunctionis
1415 415 1767 499 ,adpetitus
1831 412 2208 500 procreandi
2270 434 2464 479 causa
2513 420 2583 479 et

523 535 680 577 cura
731 509 1045 593 quaedam
1099 530 1350 586 eorum,
1407 530 1574 593 quae
1627 518 1961 595 procreata
2006 519 2173 573 sunt.
2262 508 2377 573 sed
2418 507 2583 573 inter

521 604 848 670 hominem
907 614 975 667 et
1023 602 1280 669 beluam
1332 602 1456 667 hoc
1505 603 1786 668 maxime
1836 602 2132 679 interest,
2197 601 2371 685 quod
2421 602 2585 666 haec

520 710 802 774 tantum,
856 706 1172 780 quantum
1221 720 1418 761 sensu
1465 707 1791 773 movetur,
1847 698 1929 761 ad
1982 697 2052 761 id
2104 696 2345 772 solum,
2410 694 2585 779 quod

523 792 706 858 adest
739 791 1041 875 quodque
1079 812 1380 877 praesens
1417 801 1533 867 est,
1569 814 1640 855 se
1676 790 2134 866 accommodat,
2169 789 2436 875 paulum
2468 788 2585 854 ad·-

518 886 786 950 modum
825 884 1104 948 sentiens
1140 884 1556 968 praeteritum
1591 895 1705 949 aut
1736 885 2055 959 futurum3
2108 883 2301 947 homo
2348 892 2583 959 autem,

523 978 700 1063 quod
765 976 1030 1041 rationis
1101 988 1201 1041 est
1263 977 1616 1062 particeps,
1687 999 1803 1063 per
1872 999 2069 1061 quam
2132 974 2585 1059 consequentia

521 1071 756 1147 cernit,
829 1092 1055 1135 causas
1126 1093 1341 1135 rerum
1399 1070 1578 1135 videt
1641 1092 1991 1154 earumque
2049 1092 2462 1155 praegressus
2522 1080 2587 1133 et

523 1164 712 1247 quasi
755 1164 1224 1230 antecessiones
1267 1186 1399 1228 non
1445 1164 1729 1249 ignorat,
1778 1164 2221 1229 similitudines
2259 1178 2586 1248 comparat

515 1258 847 1342 rebusque
891 1258 1336 1343 praesentibus
1381 1258 1680 1343 adiungit
1733 1269 1925 1341 atque
1980 1256 2261 1323 adnectit
2314 1256 2585 1341 futuras,

513 1350 714 1416 facile
765 1352 962 1415 totius
1015 1352 1186 1417 vitae
1241 1374 1502 1417 cursum
1553 1352 1729 1418 videt
1782 1353 1865 1417 ad
1911 1376 2181 1437 eamque
2228 1353 2587 1439 degendam

523 1456 864 1531 praeparat
905 1468 1008 1511 res
1051 1448 1462 1513 necessarias.
1553 1448 1907 1531 eademque
1949 1460 2183 1513 natura
2226 1448 2292 1512 v'i
2326 1447 2585 1511 rationis

523 1539 848 1604 hominem
910 1540 1208 1605 conciliat
1261 1540 1503 1605 homini
1555 1553 1620 1605 et
1672 1542 1756 1605 ad
1809 1542 2109 1606 orationis
2165 1553 2227 1607 et
2278 1541 2363 1606 ad
2414 1541 2585 1605 vitae

523 1633 892 1697 societatem
927 1632 1418 1719 [ingeneratque
1454 1635 1522 1699 in
1555 1636 1777 1720 primis
1813 1637 2228 1721 praecipuum
2264 1636 2587 1717 quendam

523 1747 811 1790 amorem
853 1726 922 1790 in
957 1749 1096 1803 eos,
1131 1729 1245 1811 qui
1279 1730 1594 1813 procreati
1629 1726 1831 1813 suna]
1866 1729 2243 1814 inpellitque
2277 1730 2351 1791 ut
2384 1726 2587 1791 homi-

515 1841 686 1883 ·num
720 1829 937 1884 coetus
973 1832 1038 1885 et
1073 1820 1530 1886 celebrationes
1565 1832 1630 1886 et
1666 1844 1806 1887 esse
1843 1833 1907 1885 et
1940 1844 1981 1886 a
2016 1844 2089 1887 se
2120 1821 2282 1885 obiri
2316 1820 2470 1885 velit
2504 1820 2587 1885 ob

527 1933 766 1995 easque
819 1934 1044 1977 causas
1098 1915 1352 1981 studeat
1401 1938 1632 2001 parare
1678 1937 1787 1992 ea,
1842 1937 2006 2000 quae
2054 1915 2461 2001 suppeditent
2504 1916 2587 1979 ad

527 2007 773 2071 cultum
817 2017 882 2071 et
927 2007 1008 2070 ad
1055 2008 1326 2085 victum,
1376 2030 1498 2075 nec
1531 2010 1659 2074 sibi
1692 2010 1841 2087 soli,
1888 2009 2003 2075 sed
2038 2010 2325 2097 coniugi,
2368 2010 2585 2074 liberis

525 2102 904 2185 ceterisque,
941 2124 1104 2183 quos
1139 2123 1322 2166 caros
1361 2102 1596 2168 habeat
1623 2102 1918 2187 tuerique
1949 2103 2207 2181 debeat3
2243 2124 2409 2187 quae
2435 2126 2589 2185 cura

525 2194 878 2259 exsuscitat
931 2196 1124 2259 etiam
1179 2197 1428 2261 animos
1483 2209 1547 2262 et
1599 2196 1870 2263 maiores
1916 2197 1999 2263 ad
2050 2219 2187 2263 rem
2239 2196 2587 2282 gerendam

529 2288 702 2353 facit.
790 2288 856 2352 in
909 2289 1262 2375 primisque
1313 2290 1588 2355 hominis
1643 2304 1738 2355 est
1782 2292 2040 2377 propria
2082 2291 2217 2356 veri
2258 2289 2585 2375 inquisitio

525 2393 722 2464 atque
756 2382 1191 2469 investigatio:
1227 2383 1444 2467 itaque
1481 2407 1630 2449 cum
1666 2407 1889 2451 sumus
1916 2384 2286 2449 necessariis
2314 2384 2587 2469 negotiis

527 2476 826 2559 curisque
862 2477 1082 2553 vacui,
1128 2488 1268 2543 tum
1301 2500 1567 2543 avemus
1605 2478 1849 2562 aliquid
1884 2479 2132 2555 videre,
2178 2478 2429 2554 audire,
2475 2478 2589 2541 ad·-

525 2570 803 2647 discere,
859 2571 1416 2656 cognitionemque
1459 2594 1677 2638 rerum
1722 2584 1835 2638 aut
1880 2574 2277 2639 occultarum
2320 2584 2434 2637 aut
2476 2572 2589 2637 ad·-

529 2664 916 2729 mirabilium
953 2666 1035 2728 ad
1073 2667 1260 2731 beate
1297 2666 1647 2733 vivendum
1684 2666 2111 2733 necessariam
2137 2666 2441 2731 „ducimus
2453 2690 2471 2743 ;
2509 2688 2589 2730 ex

525 2779 660 2841 quo
703 2758 1120 2842 intellegitur,
1167 2760 1341 2844 quod
1389 2782 1644 2837 verum,
1692 2759 1963 2845 simplex
2006 2760 2451 2844 sincerumque
2488 2760 2590 2836 sit,

531 2852 600 2914 id
643 2872 782 2915 esse
823 2864 1093 2917 naturae
1143 2853 1418 2917 hominis
1463 2853 1884 2939 aptissimum.
1974 2854 2126 2918 huic
2160 2854 2299 2919 veri
2331 2853 2593 2919 videndi

527 2943 866 3029 cupiditati
903 2944 1206 3011 adiuncta
1244 2958 1341 3010 est
1375 2948 1681 3032 adpetitio
1718 2947 2035 3031 quaedam
2069 2948 2483 3034 principatus,
2514 2959 2593 3011 ut

529 3037 774 3102 nemini
821 3060 1048 3123 parere
1099 3039 1350 3104 animus
1403 3040 1570 3105 bene
1631 3041 2013 3106 informatus
2066 3065 2109 3106 a
2156 3054 2389 3107 natura
2438 3042 2593 3107 velit

529 3132 654 3197 nisi
701 3126 1176 3219 [praecipienti]
1226 3146 1340 3199 aut
1384 3135 1637 3200 docenti
1682 3146 1795 3200 aut
1837 3136 2125 3201 utilitatis
2178 3159 2373 3202 causa
2425 3136 2591 3201 iuste

531 3238 599 3292 et
640 3226 922 3312 legitime
967 3228 1338 3313 imperanti3
1394 3252 1475 3295 ex
1518 3250 1648 3313 quo
1692 3230 2071 3317 magnitudo
2116 3231 2310 3295 animi
2344 3230 2593 3295 exsistit

533 3322 1088 3408 humanarumque
1133 3344 1348 3389 rerum
1395 3326 1804 3410 contemptio·
1890 3348 2011 3389 nec
2056 3347 2206 3389 vero
2249 3326 2359 3389 illa
2390 3346 2593 3409 parva

533 3416 634 3481 vis
692 3426 958 3483 naturae
1021 3429 1120 3483 est
1179 3418 1599 3502 rationisque,
1664 3419 1839 3503 quod
1899 3442 2101 3483 unum
2170 3418 2295 3483 hoc
2356 3418 2592 3482 animal

529 3510 757 3587 sentit,
805 3511 960 3596 quid
1005 3512 1088 3576 sit
1121 3514 1310 3590 ord0,
1356 3513 1512 3597 quid
1548 3513 1630 3578 sit
1664 3513 1841 3597 quod
1877 3512 2103 3578 deceat
2135 3513 2203 3576 in
2237 3511 2423 3577 factis
2458 3510 2593 3593 dic-

535 3604 765 3689 tisque,
802 3606 957 3689 quid
991 3606 1238 3671 modus.
1301 3607 1518 3691 itaque
1547 3629 1769 3672 eoru-m
1792 3608 2097 3693 ipsorum,
2136 3628 2301 3690 quae
2328 3614 2591 3691 aspectu

531 3700 916 3778 sentiuntur,
944 3700 1200 3766 nullum
1235 3701 1408 3768 aliud
1437 3702 1674 3767 animal
1700 3701 2258 3787 pulchritudinem,
2294 3708 2595 3765 venusta-

538 3804 698 3868 tem,
744 3795 1260 3861 convenientiam
1294 3797 1574 3882 partium
1612 3796 1829 3873 sentit3
1884 3816 2079 3879 quam
2115 3791 2593 3867 similitudinem

539 3896 770 3951 natura
807 3890 1096 3974 ratioque
1143 3891 1227 3954 ab
1271 3890 1471 3956 oculis
1519 3891 1604 3955 ad
1650 3891 1933 3955 animum
1969 3889 2355 3955 transferens
2389 3886 2592 3951 multo

2621 1469 2672 1509 12

2629 3345 2679 3386 14

538 3979 734 4044 etiam
783 3983 988 4067 magis
1039 3984 1576 4069 pulchritudinem
1589 4032 1608 4063 ,
1672 3984 2123 4061 constantiam,
2186 3982 2472 4048 ordinem
2523 3979 2593 4045 in
2645 3990 2655 3997 ”

539 4076 820 4141 consiliis
873 4076 1186 4163 factisque
1239 4079 1677 4145 conservanda
1724 4089 1909 4165 putat
1954 4088 2263 4161 cavetque
2308 4099 2391 4142 ne
2414 4074 2593 4160 =quid
