3292 4559
919 282 1025 337 DE
1059 280 1387 338 DEORUM
1419 280 1749 338 NATURA
1781 280 1857 335 11.
1894 280 2135 337 52—58.
2472 269 2556 334 57

497 410 616 475 bili
653 408 860 473 calore
897 403 1176 471 suffusus
1213 404 1433 469 aether
1463 424 1594 468 non
1629 403 1783 468 satis
1819 414 2005 488 aptus
2041 402 2124 469 ad
2158 404 2371 469 stellas
2410 426 2558 469 con-
2648 407 2655 412 “

501 501 794 570 tinendas
838 499 1107 565 videtur.
1195 497 1438 563 habent
1479 497 1679 583 igitur
1722 519 1907 563 suam
1952 496 2287 582 sphaeram
2336 497 2554 565 stellae
2596 523 2647 565 55

502 598 871 671 inerrantes,
909 593 991 658 ab
1026 592 1307 659 aetheria
1335 590 1778 657 coniunctione
1816 602 2125 657 secretam
2160 603 2225 656 et
2256 591 2553 671 liberam3

503 712 724 757 earum
769 698 984 755 autem
1027 709 1337 772 perennes
1385 707 1608 751 cursus
1662 695 1855 768 atque
1907 685 2200 771 perpetui
2253 691 2400 751 cum
2443 687 2555 751 adi·

503 784 778 851 mirabili
819 782 1301 867 incredibilique
1336 780 1691 847 constantia
1726 781 2051 845 declarant
2082 780 2153 844 in
2190 779 2288 845 his
2324 781 2456 845 vim
2492 792 2556 847 et

501 890 783 945 mentem
819 901 958 943 esse
993 877 1296 953 divinam,
1331 887 1423 952 nt,
1459 876 1619 940 haec
1653 875 1795 960 ipsa
1830 876 1940 958 qui
1974 898 2106 939 non
2142 876 2372 942 sentiat
2406 877 2555 941 deo·

503 996 649 1039 rum
682 973 816 1037 vim
849 971 1116 1048 habere,
1160 971 1214 1035 is
1249 969 1405 1034 nihil
1441 970 1696 1034 omnino
1734 990 2033 1057 sensurus
2070 961 2209 1035 esse
2243 962 2571 1036 videatur.'

503 1067 679 1132 nulla
713 1067 910 1153 igitur
931 1066 1002 1130 in
1032 1064 1206 1131 caelo
1233 1086 1354 1129 nec
1386 1063 1643 1128 fortuna
1671 1085 1789 1129 nec
1824 1063 2142 1128 temeritas
2177 1085 2297 1129 nec
2325 1064 2553 1129 erratio
2598 1086 2650 1127 56

503 1184 626 1227 nec
661 1161 910 1225 vanitas
946 1160 1138 1235 inest,
1196 1169 1543 1243 contraque
1579 1157 1785 1222 omnis
1820 1158 2008 1233 ord0,
2058 1158 2322 1235 veritas,
2373 1158 2553 1234 ratio,

503 1254 893 1332 constantia3
940 1274 1232 1338 quaeque
1267 1251 1365 1317 his
1402 1262 1662 1327 vacant,
1709 1251 2011 1316 ementita
2044 1253 2107 1317 e't
2140 1250 2303 1316 falsa
2336 1251 2581 1337 plena-·

502 1372 628 1435 que
664 1348 922 1426 erroris,
961 1371 1038 1413 ea
1071 1348 1312 1413 circum
1348 1358 1546 1413 terras
1581 1345 1751 1411 infra
1783 1348 2029 1425 lunam,
2066 1368 2231 1431 quae
2267 1346 2553 1411 omnium

501 1444 728 1509 ultima
763 1453 888 1523 est,
939 1442 1010 1507 in
1051 1442 1359 1526 terrisque
1403 1452 1758 1507 versantur.
1848 1440 2217 1506 caelestium
2253 1462 2405 1527 ergo
2442 1440 2556 1505 ad·

502 1536 857 1603 mirabilem
892 1535 1180 1601 ordinem
1221 1534 1787 1619 incredibilemque
1824 1534 2243 1601 constantiam
2256 1582 2274 1611 ,
2312 1556 2391 1599 ex
2427 1555 2557 1618 qua

502 1632 897 1697 conservatio
945 1643 1009 1696 et
1059 1630 1230 1695 salus
1287 1630 1572 1694 omnium
1626 1629 1833 1693 omnis
1878 1630 2107 1706 oritur,
2159 1628 2274 1711 qui
2326 1648 2555 1693 vacare

501 1737 716 1792 mente
749 1736 962 1812 putat,
1003 1724 1060 1789 is
1105 1724 1244 1809 ipse
1279 1724 1511 1789 mentis
1547 1746 1774 1809 expers
1812 1723 2145 1788 habendus
2181 1733 2295 1788 est.
2382 1720 2557 1787 haud
2599 1745 2649 1786 57

502 1842 678 1905 erg0,
713 1831 787 1884 ut
819 1820 1063 1904 opinor,
1103 1840 1420 1893 erravero,
1453 1817 1508 1881 si
1543 1840 1584 1881 a
1617 1817 1905 1902 principe
1931 1816 2410 1901 investigandae
2446 1839 2557 1881 ve·

501 1912 702 1977 ritatis
738 1912 930 1977 huius
963 1909 1405 1995 disputationis
1441 1910 1829 1994 principium
1865 1909 2129 1972 duxero,

425 2012 431 2019 '
636 2004 812 2069 Zeno
860 2004 1058 2089 igitur
1101 2014 1397 2067 naturam
1429 2003 1522 2067 ita
1557 2001 1805 2078 definit,
1842 2012 1915 2065 ut
1958 2022 2100 2065 eam
2136 2000 2305 2065 dicat
2337 2002 2556 2085 ignem
2590 2020 2658 2073 22

503 2120 644 2165 esse
680 2096 1092 2163 artificiosum
1127 2097 1210 2162 ad
1244 2097 1643 2182 gignendum
1677 2094 2191 2182 progredientem
2226 2094 2361 2172 via3
2408 2117 2555 2159 cen—

505 2202 599 2259 set
637 2192 807 2258 enim
841 2192 993 2257 artis
1029 2213 1328 2256 maxume
1373 2190 1703 2276 proprium
1740 2212 1875 2256 esse
1922 2212 2137 2255 creare
2172 2200 2237 2255 et
2271 2189 2555 2275 gignere,

503 2288 802 2371 quodque
835 2286 906 2349 in
941 2285 1238 2371 operibus
1272 2296 1633 2349 nostrarum
1670 2285 1901 2349 artium
1932 2306 2161 2348 manus
2198 2282 2453 2361 efficiat,
2489 2282 2558 2347 id

501 2382 703 2446 multo
739 2379 1138 2445 artificiosius
1163 2389 1458 2443 naturam
1485 2372 1759 2455 efficere,
1792 2378 1863 2442 id
1898 2388 2014 2454 est,
2050 2388 2121 2443 ut
2148 2377 2302 2455 dixi,
2336 2377 2556 2463 ignem

500 2473 939 2551 artificiosum,
991 2473 1372 2559 magistrum
1417 2472 1648 2537 artium
1692 2472 2099 2555 reliquarum.
2198 2482 2390 2555 atque
2434 2470 2555 2535 hac

502 2569 763 2654 quidem
806 2567 1048 2633 ratione
1083 2568 1289 2632 omnis
1333 2576 1563 2632 natura
1597 2565 1938 2631 artificiosa
1974 2576 2097 2642 est,
2144 2565 2318 2649 quod
2360 2564 2557 2629 habet

503 2662 689 2747 quasi
724 2662 898 2727 viam
932 2661 1258 2745 quandam
1302 2672 1364 2726 et
1408 2670 1677 2737 sectam,
1713 2682 1908 2743 quam
1946 2669 2265 2743 sequatur.
2353 2658 2554 2743 ipsius
2597 2677 2650 2719 58

503 2778 656 2821 vero
690 2755 934 2832 mundi,
974 2755 1087 2839 qui
1119 2754 1336 2819 omnia
1371 2756 1695 2839 conplexu.
1724 2775 1839 2818 suo
1878 2759 2125 2819 coercet
2159 2764 2223 2819 et
2256 2753 2555 2829 continet,
2722 2760 2727 2764 ’

505 2860 734 2914 natura
765 2870 898 2913 non
933 2847 1270 2913 artificiosa
1304 2846 1510 2911 solum
1523 2894 1542 2924 ,
1579 2847 1695 2911 sed
1726 2848 1916 2932 plane
1952 2846 2181 2912 artifex
2208 2847 2297 2911 ‘ab
2334 2850 2557 2914 eodem

508 2942 771 3007 Zenone
816 2940 1074 3017 dicitur,
1129 2940 1480 3006 consultrix
1521 2950 1586 3005 et
1627 2941 1895 3025 provida
1933 2940 2283 3006 utilitatum
2326 2964 2558 3029 oppor-

506 3034 981 3117 tunitatumque
1017 3034 1320 3099 omnium.
1375 3044 1568 3117 atque
1602 3043 1672 3098 ut
1710 3046 1955 3101 ceterae
1990 3046 2255 3101 naturae
2290 3038 2421 3103 suis
2458 3060 2558 3104 se-

509 3127 788 3193 minibus
825 3147 1118 3211 quaeque
1152 3128 1534 3213 gignuntur,
1581 3140 1963 3213 augescunt,
2002 3129 2430 3209 continentur,
2464 3132 2557 3195 sic

507 3232 736 3287 natura
770 3219 995 3285 mundi
1029 3222 1235 3286 omnis
1268 3231 1478 3287 motus
1513 3221 1709 3287 habet
1741 3223 2131 3289 voluntarios
2166 3236 2557 3309 conatusque

507 3329 576 3383 et
618 3314 1064 3401 adpetitiones,
1111 3338 1272 3399 quas
1321 3310 1532 3398 ὁρμάς
1567 3314 1805 3382 Graeci
1848 3328 2107 3395 vocant3
2155 3329 2218 3384 et
2263 3318 2364 3383 his
2410 3340 2560 3383 con-

511 3420 845 3475 sentaneas
881 3409 1158 3475 actiones
1187 3409 1281 3475 sic
1313 3409 1592 3487 adhibet,
1628 3421 1702 3474 ut
1726 3422 1974 3477 nosmet
2005 3411 2149 3498 ipsi,
2184 3412 2295 3496 qui
2330 3412 2557 3479 animis

509 3516 845 3573 movemur
890 3513 954 3568 et
995 3503 1310 3569 sensibus.
1396 3504 1538 3569 talis
1583 3503 1781 3589 igitur
1814 3524 1993 3570 mens
2027 3505 2251 3569 mundi
2295 3525 2443 3570 cum
2478 3506 2560 3570 sit

509 3595 596 3660 ob
631 3618 900 3679 eamque
936 3618 1197 3663 causam
1231 3598 1336 3663 vel
1377 3598 1717 3683 prudentia
1751 3600 1855 3663 vel
1897 3598 2295 3683 providentia
2340 3599 2558 3683 appel-

510 3686 630 3755 lari
662 3699 833 3754 recte
867 3689 1068 3775 possit
1093 3726 1183 3737 -·
1209 3690 1462 3759 Graece
1497 3693 1667 3757 enim
1701 3690 1985 3776 πρόνοια
2022 3692 2251 3756 dicitur
2265 3726 2371 3769 -,
2399 3691 2557 3757 haec

512 3783 916 3867 potissimum
949 3785 1245 3869 providet
1279 3797 1340 3851 et
1375 3786 1444 3851 in
1477 3786 1576 3851 his
1612 3786 1890 3853 maxime
1924 3798 2022 3851 est
2055 3797 2394 3871 occupata,
2429 3786 2557 3872 pri·

512 3898 690 3939 mum
724 3886 798 3941 ut
829 3878 1107 3943 mundus
1153 3900 1347 3963 quam
1383 3880 1749 3966 aptissimus
1786 3880 1865 3945 sit
1910 3880 1993 3945 ad
2034 3879 2555 3965 permanendum,

511 3968 744 4035 deinde
778 3981 854 4034 ut
884 3971 1060 4035 nulla
1093 3995 1163 4038 re
1197 3985 1404 4059 e‘geat,
1439 3996 1740 4053 maxume
1778 3982 1991 4039 autem
2021 3983 2095 4038 ut
2125 3972 2195 4039 in
2220 3994 2297 4039 eo
2324 3974 2559 4055 eximia

507 4062 918 4145 ,pulchritudo
955 4064 1036 4131 sit
1071 4078 1264 4153 atque
1299 4068 1504 4137 omnis
1542 4078 1821 4135 ornatus.
