3292 4559
2603 262 2638 277 Q

716 276 846 342 244
1332 282 1409 341 Μ.
1447 282 1720 341 TULLII
1755 278 2154 339 CICERONIS

714 416 783 481 in
818 408 1130 478 curriculo
1165 407 1439 485 videret,
1484 405 1808 493 aspexisse
1851 406 2120 471 lacertos
2157 424 2306 469 suos
2343 400 2578 467 dicitur
2611 401 2786 469 inlae-

718 507 1119 589 crimansque
1145 502 1409 567 dixisse:
1448 508 1543 566 ‘at
1578 501 1647 565 hi
1671 501 1934 585 quidem
1967 498 2205 565 mortui
2237 498 2368 563 iam
2404 498 2595 562 sunt?
2643 518 2784 563 non

716 620 868 668 vero
903 610 1037 664 tam
1078 597 1187 662 isti
1219 618 1415 680 quam
1450 606 1521 660 tu
1557 595 1726 681 ipse,
1770 592 2073 681 nugatori
2135 613 2346 677 neque
2383 592 2556 658 enim
2593 615 2676 658 ex
2711 604 2790 659 te

716 715 1025 778 umquam
1060 714 1129 759 es
1163 690 1563 767 nobilitatus,
1608 690 1723 755 sed
1767 711 1848 755 ex
1882 688 2187 755 lateribus
2223 698 2289 754 et
2330 687 2588 753 lacertis
2625 686 2788 752 tuis.

718 789 874 855 nihil
913 786 1065 855 Sex.
1102 785 1331 852 Aelius
1368 785 1515 860 tale,
1550 784 1708 849 nihil
1744 783 1959 849 multis
1995 783 2178 849 annis
2214 792 2361 847 ante
2397 781 2499 847 Ti.
2523 778 2790 847 Corun-

721 883 970 959 canius,
1022 877 1181 945 nihil
1231 878 1422 945 modo
1474 878 1554 944 P.
1607 874 1902 954 Crassus,
1955 900 1996 942 a
2047 875 2281 961 quibus
2332 875 2475 941 iura
2529 876 2788 941 civibus

719 975 1344 1066 praescribebantur,
1398 994 1672 1058 quorum
1716 992 1921 1056 usque
1955 970 2041 1037 ad
2089 981 2446 1037 extremum
2484 969 2783 1057 spiritum

647 1098 697 1139 28
725 1084 823 1140 est
854 1080 1158 1159 provecta
1192 1067 1550 1156 prudentia.
1640 1078 1851 1134 orator
1885 1077 2102 1131 metuo
2145 1086 2228 1131 ne
2262 1065 2645 1151 languescat
2679 1088 2788 1131 se-

722 1178 1011 1245 nectute3
1065 1177 1159 1231 est
1215 1164 1385 1229 enim
1437 1185 1671 1227 munus
1717 1163 1854 1228 eius
1906 1183 2033 1227 non
2078 1160 2321 1247 ingenii
2373 1159 2609 1238 solum,
2663 1159 2788 1227 sed

722 1264 996 1329 laterum
1031 1260 1222 1325 etiam
1260 1270 1323 1324 et
1358 1257 1621 1322 virium:
1678 1256 1935 1323 omnino
1973 1276 2279 1323 canorum
2321 1254 2533 1321 illud
2512 1278 2578 1319 ιιι
2615 1276 2790 1319 voce

724 1354 1108 1443 splendescit
1158 1352 1349 1417 etiam
1400 1352 1613 1417 nescio
1658 1374 1788 1436 quo
1841 1362 2031 1439 pacto
2075 1351 2144 1417 in
2191 1359 2540 1425 senectute,
2597 1349 2784 1432 quod

723 1449 1020 1533 equidem
1056 1446 1266 1513 adhuc
1300 1468 1427 1512 non
1465 1446 1680 1524 amisi,
1729 1457 1792 1512 et
1835 1446 2066 1513 videtis
2102 1466 2326 1511 annos.
2411 1444 2524 1510 sed
2556 1454 2790 1509 tamen

724 1555 823 1611 est
870 1542 1139 1609 decorus
1195 1542 1363 1608 senis
1416 1561 1623 1607 sermo
1679 1542 1932 1627 quietus
1985 1551 2050 1607 et
2096 1542 2399 1607 remissus
2412 1588 2433 1619 ,
2493 1538 2792 1624 facitque

722 1659 1030 1725 persaepe
1075 1637 1217 1724 ipsa
1262 1636 1384 1702 sibi
1426 1636 1820 1703 audientiam
1855 1636 2074 1703 diserti
2117 1635 2287 1701 senis
2332 1635 2667 1721 conposita
2713 1646 2785 1699 et

722 1734 894 1799 mitis
930 1733 1160 1799 oratio·
1142 1780 1160 1811 ,
1196 1754 1391 1817 quam
1426 1731 1480 1796 si
1513 1730 1653 1817 ipse
1681 1731 1946 1816 exsequi
1979 1751 2284 1823 nequeas,
2320 1730 2528 1815 possis
2566 1740 2788 1795 tamen

728 1826 1016 1914 Scipioni
1049 1826 1415 1913 praecipere
1460 1836 1525 1893 et
1557 1824 1806 1892 Laelio.
1895 1815 2049 1909 quid
2085 1824 2260 1891 enim
2295 1835 2394 1890 est
2435 1824 2790 1889 iucundius

646 1946 699 1987 29
724 1931 1050 1989 senectute
1094 1922 1327 2007 stipata
1378 1921 1601 1987 studiis
1646 1919 2033 1987 iuventutis?
2087 1942 2172 1983 an
2221 1942 2306 1985 ne
2349 1940 2459 1984 eas
2515 1918 2790 2002 quidem

725 2018 877 2083 viris
914 2017 1224 2083 senectuti
1256 2016 1698 2100 relinquimus,
1735 2026 1810 2081 ut
1843 2014 2268 2081 adulescentis
2305 2014 2563 2091 doceat,
2599 2014 2798 2079 insti-

726 2123 896 2190 tuat,
932 2111 1017 2176 ad
1051 2133 1239 2176 omne
1274 2110 1470 2176 officii
1504 2133 1740 2177 munus
1773 2109 2082 2176 instruat?
2125 2130 2256 2193 quo
2290 2108 2554 2193 quidem
2589 2130 2799 2195 opere

727 2208 882 2293 quid
914 2217 1125 2294 potest
1158 2229 1298 2272 esse
1332 2206 1762 2293 praeclarius?
1803 2206 1962 2271 mihi
1995 2226 2147 2270 vero
2184 2215 2250 2271 et
2278 2202 2399 2269 Cn.
2437 2214 2503 2269 et
2534 2202 2617 2269 P.
2642 2202 2799 2270 Sci-

723 2302 947 2388 piones
982 2310 1046 2366 et
1081 2300 1186 2364 avi
1221 2299 1313 2366 tui
1349 2300 1509 2377 duo,
1555 2300 1638 2365 L.
1676 2300 1996 2365 Aemilius
2031 2311 2097 2367 et
2129 2299 2210 2365 Ρ.
2246 2299 2631 2377 Africanus,
2677 2319 2798 2363 co-

724 2396 954 2461 mitatu
994 2394 1308 2460 nobilium
1350 2395 1658 2459 iuvenum
1692 2394 2002 2461 fortunati
2037 2394 2447 2473 videbantur,
2499 2416 2623 2460 nec
2669 2394 2790 2459 ulli

725 2489 1039 2553 bonarum
1100 2488 1331 2554 artium
1383 2488 1675 2573 magistri
1725 2509 1854 2555 non
1906 2488 2081 2556 beati
2130 2488 2429 2576 putandi,
2485 2488 2795 2573 quamvis

726 2581 1173 2647 consenuerint
1223 2581 1391 2647 vires
1443 2594 1637 2665 atque
1689 2582 2066 2649 defecerintz
2131 2584 2252 2648 etsi
2300 2584 2446 2669 ipsa
2493 2583 2619 2649 ista
2673 2581 2798 2649 de-

724 2674 916 2741 fectio
959 2675 1192 2740 virium
1238 2673 1704 2741 adulescentiae
1747 2677 1918 2742 vitiis
1962 2677 2238 2744 efficitur
2281 2678 2536 2763 saepius
2584 2698 2789 2761 quam

726 2770 1095 2847 senectutis3
1148 2767 1489 2835 libidinosa
1538 2771 1711 2836 enim
1755 2780 1820 2837 et
1860 2771 2292 2857 intemperans
2339 2771 2793 2838 adulescentia

630 2882 682 2923 ao
726 2862 989 2929 effetum
1043 2884 1272 2947 corpus
1325 2863 1519 2929 tradit
1570 2864 1903 2931 senectuti.
2013 2862 2226 2950 Cyrus
2289 2866 2551 2950 quidem
2605 2864 2790 2951 apud

722 2958 1227 3043 Xenophontem
1268 2981 1345 3025 eo
1390 2982 1712 3038 sermone,
1767 2981 1958 3044 quem
1994 2961 2272 3027 moriens
2319 2960 2544 3027 habuit
2556 3006 2576 3037 ,
2633 2982 2791 3026 cum

725 3052 1069 3117 admodum
1107 3075 1306 3120 senex
1340 3066 1535 3133 esset,
1582 3065 1780 3141 negat
1823 3076 1892 3120 se
1927 3070 2234 3141 umquam
2281 3055 2558 3121 sensisse
2595 3077 2794 3121 sene-

724 3156 964 3211 ctutem
1026 3170 1209 3213 suam
1269 3148 1726 3215 inbecilliorem
1789 3149 2030 3215 factam
2089 3171 2284 3234 quam
2337 3149 2788 3215 adulescentia

723 3240 967 3307 fuisset.
1056 3262 1177 3328 ego
1212 3241 1296 3307 L.
1332 3241 1673 3308 Metellum
1719 3244 1978 3309 memini
2011 3265 2200 3330 puer,
2247 3244 2388 3327 qui,
2435 3265 2582 3309 cum
2619 3264 2786 3326 qua-

723 3336 1010 3403 driennio
1054 3347 1203 3423 post
1245 3337 1514 3402 alterum
1550 3338 1952 3405 consulatum
1994 3336 2285 3423 pontifex
2319 3337 2640 3401 maximus
2675 3336 2788 3401 fa-

724 3441 865 3495 ctus
901 3442 1095 3507 esset,
1141 3431 1369 3517 viginti
1412 3430 1573 3496 duos
1608 3452 1810 3496 annos
1848 3432 1908 3497 ei
1944 3430 2297 3499 sacerdotio
2333 3430 2642 3517 praefuit,
2687 3430 2788 3494 ita

721 3524 909 3590 bonis
945 3548 1085 3591 esse
1113 3525 1355 3591 viribus
1382 3537 1668 3593 extremo
1695 3535 1980 3612 tempore
2010 3526 2256 3603 aetatis,
2294 3536 2368 3591 ut
2402 3525 2792 3591 adulescen-

722 3619 880 3684 tiam
922 3628 1053 3685 ιιοιι
1094 3621 1462 3704 requireret.
1552 3620 1711 3685 nihil
1745 3642 2008 3687 necesse
2045 3632 2141 3687 est
2175 3620 2334 3684 mihi
2381 3620 2462 3690 de
2498 3640 2599 3683 me
2630 3616 2788 3704 ipso

726 3713 955 3789 dicere,
991 3733 1382 3796 quamquam
1418 3723 1516 3777 est
1547 3713 1616 3778 id
1644 3714 1904 3798 quidem
1941 3715 2138 3781 senile
2166 3714 2501 3824 aetatique
2522 3723 2796 3778 nostrae

620 3802 691 3913 ἐξ)
726 3806 1111 3872 conceditur.
1180 3805 1495 3874 videtisne
1532 3820 1605 3875 ut
1636 3810 1812 3898 apud
1843 3812 2204 3875 Homerum
2240 3808 2610 3895 saepissime
2645 3806 2716 3872 N
2717 3830 2798 3875 e·

725 3910 859 3964 stor
892 3898 973 3963 de
1008 3898 1349 3966 virtutibus
1384 3903 1517 3969 suis
1550 3904 1915 3990 praedicet?
1949 3904 2200 3969 tertiam
2236 3903 2408 3971 enim
2442 3900 2574 3965 iam
2603 3911 2794 3967 aeta-

723 4002 854 4055 tem
906 3988 1236 4059 hominum
1287 3995 1574 4073 vivebat,
1626 4018 1748 4063 nec
1792 4008 1929 4062 erat
1972 3997 2031 4063 ei
2084 3997 2438 4065 verendum
2488 4018 2571 4060 ne
2623 4016 2800 4061 vera.

722 4082 1099 4167 praedicans
1132 4087 1213 4155 de
1240 4110 1309 4156 se
1344 4089 1533 4155 nimis
1559 4091 1881 4159 videretur
1907 4101 2020 4157 aut
2052 4090 2328 4158 insolens
2360 4100 2469 4155 aut
2503 4090 2782 4175 loquax·
2768 4139 2788 4169 ,
