3292 4559
921 321 1030 378 DE
1063 319 1394 378 DEORUM
1427 319 1755 380 NATURA
1787 319 1895 376 111.
1931 319 2169 378 27—33.
2357 289 2358 292 ‘
2450 307 2575 376 101

515 467 710 514 omne
745 441 980 512 animal
1015 445 1101 511 ad
1135 445 1572 532 accipiendam
1607 443 1739 510 vim
1774 456 2105 512 externam
2139 455 2205 512 et
2237 443 2577 511 ferundam

521 552 813 628 paratum
857 555 979 608 est:
1033 541 1302 606 mortale
1343 540 1542 627 igitur
1588 561 1781 606 omne
1828 541 2063 606 animal
2106 551 2172 606 et
2208 540 2580 608 dissolubile

516 645 586 701 et
637 634 970 702 dividuum
1020 635 1105 698 sit
1153 655 1416 700 necesse
1468 644 1582 700 est.
1691 645 1765 698 ut
1817 635 2017 712 enim,
2071 635 2128 700 si
2170 635 2375 700 omnis
2431 656 2583 701 cera
2621 653 2675 696 ao

513 728 986 794 commutabilis
1021 738 1216 805 esset,
1263 728 1420 792 nihil
1455 738 1624 793 esset
1660 749 1944 805 cereum,
1992 728 2167 813 quod
2201 729 2585 795 commutari

515 843 648 890 non
682 832 918 908 posset,
955 821 1109 887 item
1143 821 1304 886 nihil
1339 831 1711 906 argenteum
1724 868 1743 897 ,
1778 821 1939 886 nihil
1973 844 2275 900 aeneum,
2312 823 2369 890 si
2404 831 2579 888 com*-

518 915 844 980 mutabilis
888 925 1054 980 esset
1099 925 1328 980 natura
1373 915 1621 1000 argenti
1666 924 1730 980 et
1772 915 1935 980 aeris
1946 939 1967 994 3
2022 916 2310 982 similiter
2356 916 2575 1002 igitur,

515 1009 578 1073 si
611 1031 712 1085 ea,
759 1030 795 1072 e
831 1007 1066 1091 quibus
1111 1018 1340 1072 cuncta
1385 1017 1705 1086 constant,
1748 1009 2082 1075 mutabilia
2116 1020 2294 1087 sunt,
2327 1009 2579 1074 nullum

521 1120 752 1187 corpus
797 1123 939 1167 esse
983 1111 1194 1187 potest
1234 1121 1365 1166 non
1407 1101 1715 1168 mutabile
1724 1126 1746 1180 3
1798 1101 2136 1168 mutabilia
2177 1111 2390 1168 autem
2426 1112 2577 1166 sunt
2674 1185 2681 1194 Ι

516 1196 655 1272 illa,
710 1219 792 1262 ex
827 1196 1059 1281 quibus
1097 1195 1312 1262 omnia
1346 1206 1669 1274 constant,
1718 1207 1794 1261 ut
1827 1197 2009 1264 vobis
2053 1197 2333 1264 videtur:
2388 1217 2577 1261 omne

514 1289 714 1376 igitur
757 1311 986 1377 corpus
1033 1290 1340 1356 mutabile
1385 1301 1504 1356 est.
1590 1301 1659 1356 at
1710 1292 1766 1356 si
1822 1302 1991 1358 esset
2041 1314 2273 1378 corpus
2318 1290 2578 1374 aliquod

515 1383 868 1461 inmortale,
903 1407 1036 1450 non
1071 1395 1239 1452 esset
1273 1407 1463 1452 omne
1497 1386 1833 1452 mutabile:
1868 1387 1961 1453 ita
1990 1386 2263 1452 efficitur
2290 1397 2362 1451 ut
2388 1407 2577 1451 omne

513 1499 751 1564 ⁴corpus
799 1480 1067 1546 mortale
1120 1479 1233 1558 sit3
1287 1481 1522 1546 etenim
1565 1499 1756 1546 omne
1808 1503 2040 1567 corpus
2086 1490 2200 1546 aut
2251 1502 2419 1564 aqua
2464 1489 2579 1546 aut

515 1580 628 1638 ae'r
668 1584 781 1638 aut
821 1573 990 1660 ignis
1037 1584 1150 1638 aut
1193 1584 1363 1640 terra
1407 1584 1506 1641 est
1548 1584 1664 1640 aut
1702 1572 1802 1652 id,
1856 1574 2031 1660 quod
2068 1584 2165 1640 est
2208 1584 2575 1640 concretum

513 1688 597 1732 ex
630 1666 709 1732 iis
745 1678 856 1732 aut
891 1690 972 1734 ex
1007 1667 1224 1752 aliqua
1255 1679 1438 1755 parte
1473 1689 1697 1733 eorum
1704 1693 1725 1746 3
1770 1668 2003 1734 horum
2038 1679 2252 1734 autem
2286 1667 2442 1733 nihil
2478 1676 2576 1732 est

515 1760 672 1844 quin
713 1760 1012 1838 intereat3
1055 1783 1210 1826 nam
1245 1772 1312 1826 et
1355 1772 1679 1846 terrenum
1712 1782 1900 1825 omne
1946 1760 2250 1826 dividitur
2285 1771 2348 1826 et
2390 1783 2577 1828 umor
2618 1784 2669 1824 31

513 1853 607 1916 ita
655 1853 864 1918 mollis
919 1863 1046 1931 est,
1099 1865 1174 1918 ut
1220 1854 1409 1920 facile
1463 1853 1671 1938 premi
1714 1853 2075 1936 conlidique
2117 1853 2349 1938 possit3
2402 1854 2575 1938 ignis

516 1966 670 2010 vero
718 1956 782 2010 et
823 1952 934 2011 aer
978 1945 1154 2009 omni
1197 1947 1390 2031 pulsu
1433 1945 1735 2010 facillime
1779 1945 2037 2030 pellitur
2077 1955 2433 2028 naturaque
2470 1969 2577 2010 ce·-

513 2038 674 2103 dens
722 2049 820 2103 est
861 2059 1164 2104 maxume
1211 2049 1276 2103 et
1327 2037 1755 2124 dissupabiliS.
1853 2047 2308 2124 praetereaque
2362 2038 2577 2102 omnia

515 2132 673 2198 haec
709 2141 850 2196 tum
881 2130 1222 2210 intereunt,
1257 2153 1407 2198 cum
1439 2132 1510 2197 in
1542 2143 1837 2198 naturam
1872 2131 2065 2196 aliam
2100 2141 2573 2208 convertuntur,

511 2226 687 2310 quod
733 2225 836 2302 fit,
889 2246 1037 2290 cum
1081 2235 1250 2292 terra
1293 2226 1361 2291 in
1397 2247 1633 2311 aquam
1668 2248 1737 2291 se
1770 2224 1963 2292 vertit
1996 2236 2063 2291 et
2108 2245 2257 2290 cum
2291 2248 2371 2290 ex
2408 2246 2575 2309 aqua

513 2320 713 2386 oritur
745 2324 885 2398 τιδι’,
922 2341 1004 2385 ex
1039 2324 1186 2386 aere
1221 2321 1470 2398 aether,
1516 2341 1793 2404 cumque
1828 2320 2054 2386 eadem
2087 2319 2368 2386 vicissim
2402 2330 2575 2402 retro

510 2425 900 2481 commeant:
946 2413 1121 2499 quod
1157 2415 1212 2481 si
1247 2438 1326 2482 ea
1355 2415 1705 2492 intereunt,
1753 2438 1789 2480 e
1824 2413 2059 2499 quibus
2096 2423 2345 2478 constat
2380 2435 2567 2478 omne

511 2510 777 2586 animal,
828 2509 1080 2576 nullum
1131 2521 1231 2576 est
1281 2509 1520 2574 animal
1575 2509 2053 2596 sempiternum.
2143 2519 2235 2584 et,
2286 2518 2361 2572 ut
2410 2507 2571 2572 haec
2606 2513 2673 2566 13

513 2604 912 2682 omittamus,
965 2614 1182 2670 tamen
1217 2603 1454 2670 animal
1497 2603 1748 2669 nullum
1787 2601 2061 2668 inveniri
2104 2612 2343 2688 potest,
2398 2603 2575 2685 quod
2616 2585 2667 2624 ⁸²

511 2717 724 2781 neque
756 2708 981 2762 natum
1013 2719 1322 2782 umquam
1359 2698 1442 2764 sit
1485 2707 1550 2763 et
1591 2719 1844 2784 semper
1885 2697 1969 2762 sit
2009 2695 2329 2771 futurum3
2384 2716 2573 2759 omne

512 2789 686 2858 enim
721 2791 958 2856 animal
993 2797 1220 2858 senous
1253 2791 1480 2858 habet:
1533 2792 1727 2858 sentit
1769 2791 1966 2878 igitur
2000 2800 2065 2856 et
2100 2789 2307 2856 calida
2352 2797 2417 2854 et
2459 2787 2575 2854 fri-

515 2883 670 2968 gida
714 2893 780 2947 et
823 2883 1034 2949 dulcia
1079 2896 1144 2950 et
1195 2908 1412 2952 amara
1454 2905 1576 2950 nec
1617 2895 1828 2971 potest
1871 2885 2002 2949 ullo
2050 2906 2242 2949 sensu
2292 2882 2575 2948 iucunda

517 2974 839 3060 accipere,
900 2997 1034 3040 non
1086 2977 1372 3063 accipere
1427 2977 1764 3042 contraria.
1870 2978 1925 3043 si
1977 2977 2173 3064 igitur
2225 2975 2571 3062 voluptatis

519 3087 779 3133 sensum
814 3068 1014 3154 capit,
1066 3069 1300 3134 doloris
1337 3071 1528 3136 etiam
1566 3070 1766 3157 capit3
1818 3071 1994 3155 quod
2038 3081 2252 3138 autem
2286 3070 2573 3136 dolorem

515 3161 778 3248 accipit,
828 3162 898 3228 id
949 3161 1220 3248 accipiat
1265 3164 1456 3229 etiam
1505 3163 1831 3230 interitum
1884 3187 2147 3231 necesse
2200 3176 2326 3232 est:
2382 3186 2573 3229 omne

515 3256 718 3343 igitur
761 3255 997 3322 animal
1042 3257 1472 3323 confitendum
1518 3271 1614 3324 est
1660 3281 1800 3324 esse
1843 3261 2133 3326 mortale.
2221 3270 2570 3344 praeterea,
2616 3281 2665 3322 aa

515 3351 573 3415 si
607 3349 766 3435 quid
799 3361 898 3416 est
929 3350 1106 3434 quod
1140 3373 1261 3419 nec
1294 3354 1688 3438 voluptatem
1725 3354 1957 3420 sentiat
2000 3375 2119 3418 nec
2154 3352 2468 3426 dolorem,
2503 3351 2574 3416 id

517 3445 754 3510 animal
789 3467 930 3510 esse
964 3466 1096 3510 non
1127 3456 1368 3531 potest3
1423 3447 1523 3512 sin
1558 3455 1801 3523 autem,
1847 3447 2021 3531 quod
2057 3445 2293 3511 animal
2326 3453 2452 3520 est,
2504 3442 2573 3508 id

515 3540 626 3606 illa
659 3562 921 3606 necesse
957 3550 1055 3606 est
1088 3540 1340 3617 sentiat,
1377 3551 1442 3606 et
1476 3540 1651 3626 quod
1684 3564 1763 3606 ea
1798 3541 1991 3608 sentit
2024 3562 2155 3605 non
2186 3548 2399 3625 potest
2431 3559 2573 3602 esse

515 3646 878 3712 aeternum,
931 3645 998 3699 et
1039 3656 1226 3700 omne
1272 3635 1508 3700 animal
1549 3635 1765 3702 sentit:
1820 3635 2071 3702 nullum
2104 3633 2303 3720 igitur
2334 3631 2571 3696 animal

517 3739 846 3794 aeternum
883 3741 998 3793 est.
1087 3739 1416 3816 praeterea
1461 3731 1709 3795 nullum
1752 3740 1966 3816 potest
2000 3751 2139 3794 esse
2181 3725 2449 3800 animal,
2502 3723 2571 3790 in

515 3843 646 3907 quo
681 3845 812 3888 non
846 3835 910 3889 et
945 3823 1250 3910 adpetitio
1285 3825 1370 3890 sit
1403 3835 1467 3891 et
1501 3823 1839 3892 declinatio
1872 3823 2209 3899 naturalis3
2257 3820 2571 3906 adpetun-

517 3925 624 3980 tur
651 3927 865 3982 autem
894 3938 1060 4001 quae
1087 3919 1439 3986 secundum
1465 3930 1763 3984 naturam
1791 3928 1959 3996 sunt,
1996 3917 2395 3982 declinantur
2419 3934 2573 3981 con-

521 4010 740 4088 traria,
795 4023 859 4076 et
903 4034 1092 4079 omne
1127 4013 1360 4079 animal
1406 4014 1650 4100 adpetit
1694 4012 2009 4099 quaedam
2046 4022 2111 4078 et
2152 4011 2320 4098 fugit
2356 4033 2396 4075 a
2429 4008 2573 4094 qui-

523 4103 821 4182 busdam;
874 4106 1048 4190 quod
1085 4119 1300 4174 autem
1333 4107 1598 4194 refugit,
1650 4107 1719 4172 id
1754 4117 1975 4173 contra
2007 4118 2302 4174 naturam
2336 4115 2462 4183 est,
2508 4114 2571 4170 et
