3292 4559
709 191 802 256 40
1334 200 1412 254 Μ.
1451 199 1727 256 TULLII
1759 198 2162 261 CICERONIS

713 327 992 394 tionibus
1029 325 1344 390 tribuatur
1379 323 1779 411 iudiciorum,
1816 324 2205 400 contionum,
2244 334 2522 401 senatus,
2560 346 2781 390 sermo

711 422 781 487 in
815 420 1093 496 circulis,
1140 417 1721 504 disputationibus,
1758 417 2313 503 congressionibus
2359 417 2785 485 familiarium

696 525 1030 592 versetur,
1097 524 1402 598 sequatur
1454 513 1650 579 etiam
1703 512 2015 578 convivia.
2114 512 2535 578 contentionis
2586 535 2782 597 prae·-

717 620 898 694 cepta
949 608 1277 675 rhetorum
1321 619 1498 687 sunt,
1545 608 1725 673 nulla
1767 607 2106 673 sermonis·
2162 628 2554 692 quamquam
2596 607 2783 672 haud

717 706 845 766 scio
893 726 973 767 nn
1017 703 1266 788 possint
1307 701 1468 767 haec
1513 723 1771 785 quoque
1809 723 1977 774 esse.
2065 700 2182 765 sed
2218 700 2599 765 discentium
2637 711 2780 766 stu-

717 802 833 862 {liis
881 798 1294 864 inveniuntur
1340 796 1660 882 magistri,
1704 795 1856 866 huic
1890 805 2107 862 autem
2142 796 2256 878 qui
2290 795 2587 861 studeant
2622 809 2781 861 sunt

713 894 869 958 nulli
885 942 901 970 ‚
953 894 1280 958 rhetorum
1333 892 1523 956 turba
1573 890 1809 956 referta
1862 890 2104 957 omnia:
2160 911 2552 973 quamquam
2604 911 2777 973 quae

718 990 1054 1051 verlfflrum
1115 985 1700 1068 sententiarumque
1763 995 2104 1069 praecepta
2168 987 2344 1059 sunt,
2409 981 2636 1047 eadem
2686 983 2778 1047 ad

612 1110 685 1146 ηπ
717 1104 1072 1146 aerumnam
1113 1080 1540 1165 pertinebunt.
1629 1079 1746 1144 sed
1790 1101 1936 1145 cum
1983 1077 2287 1143 orationis
2333 1077 2610 1141 indicem
2657 1099 2777 1141 vo·-

713 1202 853 1238 ccm
897 1175 1278 1250 habeamus,
1325 1174 1397 1238 in
1439 1194 1596 1238 voce
1644 1184 1871 1238 autem·
1907 1172 2035 1237 duo
2072 1193 2445 1256 sequamur,
2493 1182 2570 1235 ut
2600 1171 2777 1236 clara

713 1274 813 1344 sit,
853 1282 921 1334 nt
956 1268 1204 1344 suavis,
1250 1277 1592 1351 utrumque
1629 1267 1887 1334 omnino
1922 1291 1962 1332 a
1996 1278 2225 1332 natura
2259 1265 2625 1351 petundum
2652 1278 2775 1342 est,

717 1386 937 1426 verum
1007 1363 1278 1429 alterum
1346 1361 1714 1442 exercitatio
1785 1361 2049 1448 augebit
2066 1408 2085 1437 ‚
2158 1362 2430 1426 alterum
2498 1360 2774 1424 imitatio

713 1482 929 1542 presse
979 1456 1378 1540 loquentium
1434 1466 1498 1522 et
1541 1456 1790 1521 leniter.
1878 1456 2037 1520 nihil
2082 1455 2205 1520 fuit
2250 1456 2320 1521 in
2366 1452 2613 1520 Catulis
2624 1501 2653 1531 ,.
2698 1466 2778 1519 ut

717 1578 821 1614 ms
873 1551 1198 1633 exquisito,
1223 1551 1459 1614 iudicio
1495 1561 1755 1635 putares
1800 1550 1895 1616 uti
1940 1551 2324 1614 litterarum:
2378 1570 2779 1632 quamquam

717 1666 897 1710 eraut
945 1647 1231 1722 litterati,
1285 1646 1396 1712 sed
1451 1657 1516 1710 et
1567 1645 1677 1711 alii
1688 1670 1707 1723 ;
1759 1645 1805 1709 ii
1862 1657 2077 1710 autem
2122 1645 2360 1730 optime
2410 1643 2507 1708 uti
2548 1643 2780 1728 lingua

718 1742 951 1804 Latina
1010 1739 1422 1825 putabantur.
1512 1762 1710 1804 sonus
1776 1749 1909 1804 erat
1964 1737 2197 1814 dulciS,
2260 1737 2509 1803 litterae
2560 1758 2777 1819 neque

713 1857 1048 1918 expressae
1097 1855 1309 1917 neque
1353 1855 1730 1919 oppressae,
1772 1857 1855 1900 ne
1901 1845 2013 1898 aut
2058 1833 2401 1898 obscurum
2448 1842 2612 1896 esset
2658 1844 2778 1894 aut

713 1930 1033 2010 putidum,
1071 1929 1210 1995 sine
1246 1928 1653 1993 contentione
1690 1950 1817 1992 vox
1851 1949 1970 1993 nec
2003 1928 2317 2013 languens
2354 1949 2475 1992 nec
2513 1947 2774 1991 canora.

713 2026 966 2086 'uberior
1019 2024 1220 2089 oratio
1272 2023 1354 2086 L.
1415 2020 1636 2088 Crassi
1685 2045 1805 2087 nec
1856 2021 2066 2086 minus
2120 2022 2361 2098 faceta,
2426 2021 2539 2086 sed
2602 2020 2776 2085 bene

717 2117 1015 2198 loquendi
1078 2117 1159 2182 de
1217 2114 1465 2181 Catulis
1530 2116 1745 2202 opinio
1798 2139 1927 2181 non
1980 2116 2207 2181 minor.
2314 2116 2447 2183 sale
2501 2136 2651 2178 vero
2706 2126 2777 2179 et

713 2212 958 2275 l'a-uffitiis
1003 2207 1274 2285 Caesar,
1323 2206 1540 2274 Catuli
1581 2210 1784 2295 patris
1830 2209 2055 2286 frater,
2111 2210 2263 2274 vicit
2307 2209 2541 2285 omnis,
2588 2218 2659 2272 ut
2702 2209 2775 2272 in

713 2306 817 2366 ills]
857 2306 993 2390 ipso
1028 2303 1268 2367 forensi
1301 2325 1538 2387 genere
1576 2303 1831 2367 dicendi
1866 2303 2301 2368 contentiones
2340 2304 2607 2381 aliorum
2636 2325 2777 2366 ser-

713 2422 901 2462 mone
947 2397 1246 2460 vinceret.
1335 2396 1403 2461 in
1449 2397 1745 2462 omnibus
1790 2397 1986 2482 igitur
2020 2398 2119 2460 his
2156 2397 2617 2461 elaborandum
2653 2410 2775 2474 est,

612 2522 685 2558 κη
717 2494 765 2554 si
829 2494 893 2554 in
951 2490 1126 2553 omni
1187 2513 1258 2556 re
1321 2493 1477 2574 quid
1539 2492 1765 2557 deceat
1817 2491 2230 2574 exquirimus.
2321 2492 2402 2554 sit
2455 2515 2611 2576 ergo
2666 2492 2773 2557 hic

713 2606 937 2662 senno,
972 2583 1041 2648 in
1075 2605 1204 2667 quo
1242 2584 1552 2651 Socratici
1585 2586 1865 2649 maxime
1902 2586 2241 2660 excellunt,
2278 2584 2438 2650 lenis
2474 2585 2774 2650 minime-

713 2702 833 2758 que
881 2677 1199 2762 pertinax,
1244 2679 1396 2743 insit
1437 2679 1507 2744 in
1549 2701 1624 2747 eo
1671 2679 1849 2764 lepos
1860 2703 1879 2756 3
1932 2701 2053 2744 nec
2100 2701 2282 2754 vem,
2326 2689 2656 2761 tamquam
2700 2679 2773 2744 in

713 2772 1174 2854 possessionem
1211 2796 1395 2837 suam
1429 2773 1698 2850 venerit,
1733 2773 2035 2839 excludat
2071 2773 2250 2847 alios,
2288 2772 2401 2839 sed
2438 2795 2587 2839 cum
2620 2774 2772 2838 reli-

709 2870 853 2946 quis
901 2870 966 2931 in
1010 2867 1204 2932 rebus
1251 2877 1390 2934 tum
1434 2868 1502 2934 in
1555 2891 1846 2934 sermone
1900 2869 2220 2933 communi
2267 2867 2770 2952 vicissitudinem

709 2986 837 3022 mm
885 2961 1167 3045 iniquam
1213 2973 1414 3048 putet.
1504 2986 1580 3028 ac
1623 2963 1840 3027 videat
1881 2963 1949 3028 in
1983 2963 2234 3048 primis,
2281 2962 2513 3044 quibus
2550 2963 2629 3026 de
2659 2985 2765 3026 re·

709 3058 829 3118 hus
869 3058 1193 3139 loquaturt
1241 3056 1296 3122 si
1341 3058 1552 3134 seriis,
1599 3058 2003 3123 severitatem
2037 3057 2371 3132 adhibeat,
2418 3057 2471 3120 si
2514 3056 2768 3134 iocosis,

711 3154 1010 3234 leporem.
1079 3151 1148 3215 in
1178 3151 1526 3237 primisque
1552 3151 1890 3237 provideat
1914 3174 1996 3216 ne
2026 3174 2232 3216 sermo
2252 3151 2476 3215 vitium
2506 3150 2765 3230 aliquod

709 3246 945 3310 indicet
975 3245 1601 3324 inesseinmoribus3
1638 3248 1812 3330 quod
1833 3269 2133 3310 maxume
2152 3258 2288 3310 tum
2310 3245 2468 3310 solet
2486 3242 2760 3319 evenire,

713 3366 857 3402 cmm
889 3340 1167 3406 studiose
1195 3341 1276 3406 de
1304 3341 1675 3407 absentibus
1707 3340 2081 3406 detrahendi
2109 3363 2304 3405 causa
2336 3350 2446 3405 aut
2472 3360 2583 3423 per
2611 3336 2766 3401 ridi-

608 3458 681 3494 1:35
713 3438 925 3498 culum
964 3445 1077 3500 aut
1112 3457 1353 3512 severe,
1389 3435 1700 3500 maledice
1729 3436 2310 3519 contumelioseque
2338 3433 2587 3498 dicitur.
2648 3431 2756 3494 ha-

717 3530 941 3594 hentur
971 3539 1187 3596 autem
1222 3529 1599 3614 plerumque
1636 3551 1959 3596 sermones
1998 3541 2110 3595 aut
2146 3530 2226 3594 de
2262 3526 2627 3592 domesticis
2649 3547 2757 3588 ne-

713 3626 901 3706 gatinis
937 3634 1047 3688 aut
1082 3623 1163 3688 de
1197 3646 1266 3688 re
1301 3624 1560 3708 publica
1595 3634 1709 3688 aut
1744 3625 1824 3688 de
1860 3625 2092 3690 artium
2127 3622 2351 3688 studiis
2387 3633 2578 3704 atque
2618 3621 2765 3684 doc-

709 3718 897 3778 trina:
937 3717 1150 3782 ¹danda
1180 3717 1376 3802 igitur
1411 3741 1606 3803 opera
1640 3731 1739 3784 est
1777 3731 1869 3794 ut,
1908 3719 2099 3784 etiam
2126 3718 2181 3782 si
2207 3717 2501 3781 aberrare
2532 3716 2614 3779 ad
2643 3715 2771 3781 alia

709 3810 1006 3894 ‹tt-seperst,
1038 3813 1120 3875 ad
1147 3812 1305 3877 haec
1330 3824 1665 3878 revocetur
1694 3814 1916 3889 oratiO,
1948 3812 2063 3876 sed
2093 3823 2438 3894 utcumque
2466 3811 2769 3886 aderunt;

709 3926 917 3986 nsque
945 3907 1111 3971 enim
1148 3928 1366 3973 omnes
1400 3907 1609 3974 isdem
1642 3908 1723 3970 de
1758 3907 1948 3970 rebus
1984 3928 2103 3971 nec
2130 3905 2301 3968 omni
2332 3917 2617 3989 tempore
2647 3925 2769 3968 nec

709 3998 994 4062 similiter
1020 4000 1428 4067 delectamur.
1501 3999 2138 4066 animadvertendum
2166 4010 2261 4064 est
2288 3999 2499 4075 etiam,
2542 3996 2770 4082 q'fiate-
