3292 4559
683 908 753 964 12

647 980 747 1028 ‚ss

787 224 923 290 260
1401 232 1481 287 ffl.
1516 230 1792 289 TULLII
1829 228 2240 287 CICERONIS

788 382 955 447 quae
998 358 1285 445 ingratos
1328 376 1461 421 non
1496 364 1906 441 aspernatur,
1951 360 2086 439 non
2119 352 2302 419 odit?
2377 347 2652 439 quibus
2687 378 2768 421 ex
2797 380 2870 422 re-

787 454 911 519 bus
954 472 1105 518 cum
1149 472 1338 517 omne
1382 472 1591 537 genus
1636 449 1968 515 hominum
2017 448 2340 514 sociatum
2395 449 2588 514 inter
2641 472 2718 515 se
2761 474 2868 515 esse

786 546 1225 633 intellegatur,
1268 546 1430 610 illud
1464 554 1828 613 extremum
1861 555 1988 621 est,
2037 544 2214 627 quod
2249 554 2440 609 recte
2485 544 2768 612 vivendi
2795 568 2866 609 ra·

788 642 879 709 tio
930 643 1127 705 omnis
1168 639 1466 706 meliores
1510 638 1728 704 efficit.
1817 658 1988 722 quae
2031 638 2086 703 si
2131 638 2536 723 adprobatis
2549 685 2575 715 ,
2629 661 2864 726 pergam

788 736 874 803 ad
905 734 1180 821 reliqua:
1218 735 1317 800 sin
1352 733 1511 819 quid
1544 732 1890 818 requiritis,
1923 732 1994 797 id
2027 732 2440 817 explicemus
2481 734 2708 819 prius.
2767 738 2860 798 Aa.

788 830 929 897 Nos
962 851 1119 897 vero
1152 829 1334 907 nihil,
1370 840 1443 893 ιιι
1475 849 1595 913 pro
1630 838 1905 911 utroque
1939 826 2396 912 respondeam.

916 926 1009 991 M.
1058 922 1367 1008 Sequitur
1398 922 1597 1009 igitur
1631 922 1716 987 ad
1749 921 2266 1009 participandum
2301 920 2530 987 alium
2564 924 2704 989 alio
2731 944 2856 988 com-

786 1019 1375 1103 municandumque
1418 1017 1587 1082 inter
1626 1016 1838 1081 omnis
1883 1015 1988 1080 ius
2029 1038 2149 1080 nos
2183 1026 2428 1081 natura
2471 1038 2638 1082 esse
2675 1017 2852 1082 factos.

790 1126 983 1199 atque
1016 1114 1140 1179 hoc
1174 1113 1242 1178 in
1278 1112 1455 1177 omni
1488 1111 1611 1176 hac
1646 1110 2079 1195 disputatione
2113 1110 2206 1175 sic
2241 1110 2570 1197 intellegi
2595 1112 2766 1187 volo,
2793 1116 2848 1175 ius

789 1210 967 1295 quod
1001 1209 1211 1274 dicam
1246 1217 1477 1272 natura
1512 1228 1676 1283 esse,
1713 1215 1958 1270 tantam
1991 1215 2208 1269 autem
2245 1226 2398 1271 esse
2435 1207 2848 1293 corruptelam

789 1304 999 1369 malae
1040 1301 1517 1369 consuetudinis
1530 1349 1548 1378 ,
1592 1310 1668 1365 ut
1711 1300 1796 1365 ab
1831 1322 1910 1365 ea
1944 1310 2276 1383 tamquam
2311 1300 2624 1387 igniculi
2661 1302 2848 1367 exsfin-
2875 1339 2885 1362 .

788 1406 1071 1485 guantur
1121 1419 1163 1461 a
1222 1405 1453 1460 natura
1516 1394 1651 1460 dati
1715 1394 2208 1477 exorianturque
2271 1404 2340 1459 et
2409 1396 2848 1461 confirmentm

788 1490 945 1556 vitia
979 1490 1315 1555 contraria.
1400 1488 1581 1573 quod
1615 1488 1692 1565 si,
1737 1511 1869 1574 quo
1901 1488 2096 1553 modo
2129 1498 2229 1555 est
2261 1498 2548 1567 natura,
2603 1491 2704 1556 sic
2734 1490 2846 1555 iudi-

791 1586 891 1650 cio
922 1584 1215 1649 homines
1248 1583 1536 1661 humani,
1572 1594 1645 1648 ut
1681 1584 1770 1649 ait
1803 1590 2012 1671 poeta,
2047 1582 2206 1648 nihil
2241 1606 2285 1647 a
2317 1604 2398 1649 se
2439 1585 2752 1651 alienum
2771 1608 2846 1671 pu-

790 1684 1027 1756 tarent,
1082 1678 1397 1745 coleretur
1440 1678 1540 1743 ius
1586 1698 1792 1761 aeque
1837 1678 1922 1741 ab
1973 1676 2294 1741 omnibus.
2389 1679 2666 1761 quibus
2727 1680 2846 1745 enim

790 1774 955 1839 ratio
998 1784 1230 1839 natura
1274 1772 1426 1838 data
1469 1782 1594 1849 est,
1638 1772 1846 1837 isdem
1891 1771 2087 1839 etiam
2129 1782 2308 1837 recta
2351 1772 2546 1837 ratio
2587 1774 2744 1839 data
2773 1791 2848 1843 est,

792 1889 947 1954 ergo
994 1867 1188 1934 etiam
1234 1868 1370 1943 lex,
1414 1888 1582 1951 quae
1626 1876 1726 1931 est
1767 1876 1944 1931 recta
1987 1866 2152 1931 ratio
2199 1866 2270 1931 in
2313 1866 2642 1933 iubendo
2689 1881 2749 1935 et
2777 1890 2850 1932 ve-

787 1961 1014 2039 tand03
1060 1961 1117 2027 si
1149 1962 1285 2039 lex,
1330 1961 1431 2025 ius
1466 1980 1744 2045 quoque.
1833 1971 1898 2026 et
1941 1960 2238 2025 omnibus
2273 1960 2492 2040 ratio;
2555 1964 2670 2029 ius
2703 1964 2850 2050 igitur

790 2054 1013 2120 datum
1058 2066 1156 2122 est
1197 2055 1515 2121 omnibus.
1608 2051 1935 2141 [recteque
1981 2052 2281 2121 Socrates
2335 2059 2696 2123 exsecrari
2743 2080 2848 2122 eum

695 2200 701 2206 .
788 2150 1066 2227 solebat,
1130 2150 1244 2235 qui
1296 2150 1539 2237 primus
1590 2148 1928 2214 utilitatem
1981 2159 2248 2214 naturae
2301 2150 2752 2229 seiunxisset3
2805 2150 2848 2214 id

790 2244 961 2310 enim
1012 2245 1403 2329 querebatur
1454 2254 1652 2329 caput
1701 2266 1844 2309 esse
1897 2242 2238 2309 exitiorum
2291 2244 2648 2311 omnium:
2719 2245 2848 2310 unde

790 2339 959 2406 enim
1004 2338 1115 2403 illa
1147 2338 1563 2425 Pythagorea
1596 2359 1744 2403 vox.
1817 2337 1898 2404 de
1933 2337 2214 2404 amicitia
2247 2338 2496 2426 locum]
2545 2343 2590 2377 ¹*
2627 2344 2668 2379 ⁴
2705 2343 2740 2375 ³*
2795 2362 2846 2404 ex

790 2448 920 2515 quo
954 2431 1356 2517 perspicitur,
1390 2454 1539 2497 eum
1574 2432 1742 2498 hanc
1775 2432 2287 2499 benevolentiam
2315 2442 2460 2497 tam
2487 2434 2642 2501 late
2667 2436 2846 2519 longe-

788 2546 915 2610 que
960 2522 1263 2590 diffusam
1308 2526 1409 2590 vir
1452 2526 1708 2613 sapiens
1753 2527 1822 2591 in
1867 2526 2147 2610 aliquem
2199 2526 2342 2612 pari
2387 2526 2659 2595 virtute
2703 2550 2846 2615 prae-

789 2619 996 2684 ditum
1040 2618 1409 2698 contulerit,
1463 2630 1601 2685 tum
1647 2620 1810 2685 illud
1853 2619 2054 2697 effici,
2100 2620 2275 2704 quod
2321 2620 2744 2704 quibusdam
2779 2623 2844 2685 in-

789 2713 1091 2780 credibile
1128 2713 1444 2794 videatur,
1486 2715 1569 2780 sit
1606 2724 1822 2780 autem
1849 2714 2302 2791 necessarium,
2337 2724 2416 2779 ut
2442 2714 2670 2783 nihilo
2699 2736 2844 2803 sepse

786 2810 933 2896 plus
988 2832 1183 2895 quam
1235 2810 1509 2875 alterum
1564 2809 1823 2895 diligat:
1851 2808 2034 2892 ‘quid
2079 2809 2250 2874 enim
2296 2818 2392 2875 est
2449 2813 2656 2894 quod
2701 2811 2848 2876 diffe-

787 2914 915 2985 rat,
962 2927 1109 2971 cum
1153 2904 1279 2971 sint
1322 2914 1553 2969 cuncta
1587 2904 1806 2989 paria?
1875 2903 2052 2987 quod
2085 2903 2142 2968 si
2173 2904 2492 2971 interesse
2529 2908 2849 2994 quippiam

788 3000 1107 3065 tantulum
1142 3000 1337 3065 modo
1370 2998 1653 3087 ,potuerit
1685 2998 1756 3063 in
1775 3002 2064 3075 amicitia,
2102 2998 2422 3064 amicitiae
2455 3020 2716 3068 nomen
2749 3004 2850 3067 iam

788 3092 1119 3171 occiderit,
1168 3094 1351 3159 cuius
1398 3104 1496 3159 est
1542 3116 1619 3159 ea
1663 3092 1793 3171 vis,
1839 3103 1943 3170 ut,
1992 3092 2182 3158 simul
2217 3103 2412 3177 atque
2451 3093 2596 3159 sibi
2633 3095 2850 3181 aliquid

788 3185 951 3251 alter
1000 3187 1327 3269 maluerit,
1390 3189 1569 3253 nulla
1622 3188 1723 3253 sit.
1831 3208 1998 3271 quae
2052 3188 2610 3274 praemuniuntur
2665 3192 2850 3256 omnis

695 3306 707 3314 ⁵
786 3280 1035 3367 reliquo
1071 3282 1349 3348 sermoni
1384 3282 1930 3370 disputationique
1965 3293 2275 3359 nostrae,
2297 3302 2428 3367 quo
2463 3283 2744 3351 facilius
2771 3287 2848 3349 ius

682 3658 753 3713 13

787 3375 856 3441 in
888 3386 1120 3443 natura
1154 3400 1294 3443 esse
1330 3378 1610 3463 positum
1644 3377 1933 3463 intellegi
1967 3378 2201 3462 possit3
2238 3378 2320 3443 de
2355 3398 2492 3461 quo
2527 3400 2696 3446 cum
2730 3404 2850 3468 per

785 3492 997 3558 pauca
1040 3472 1292 3550 dixero,
1349 3483 1488 3537 tum
1542 3471 1628 3536 ad
1678 3471 1780 3537 ius
1826 3470 2010 3537 civile
2058 3473 2343 3549 veniam,
2389 3492 2476 3537 ex
2521 3494 2670 3557 quo
2713 3476 2850 3541 haec

787 3566 995 3631 omnis
1032 3578 1127 3632 est
1162 3578 1316 3632 nata
1347 3566 1574 3631 oratio.

922 3660 995 3741 Q.
1040 3660 1146 3725 Tu
1182 3682 1335 3727 vero
1368 3660 1497 3725 iam
1532 3681 1856 3747 perpauca
1891 3660 2160 3739 scilicet;
2196 3682 2280 3727 ex
2315 3659 2416 3725 his
2451 3661 2665 3741 enim,
2702 3684 2850 3749 quae

718 3731 1034 3833 ⁵dixisti,
1080 3755 1335 3821 videtur
1374 3754 1536 3819 mihi
1581 3754 1842 3839 quidem
1877 3766 2050 3821 certe
2085 3778 2166 3820 ex
2199 3764 2430 3820 natura
2464 3766 2694 3822 ortum
2727 3780 2851 3825 esse

785 3850 906 3920 ius.
995 3852 1127 3913 Aa.
1190 3850 1301 3914 An
1345 3848 1505 3913 mihi
1550 3849 1734 3914 aliter
1777 3848 1982 3914 videri
2025 3848 2258 3935 possit,
2313 3865 2460 3915 cum
2517 3850 2694 3918 haec
2737 3854 2852 3918 iam

788 3944 1075 4028 perfecta
1108 3944 1254 4021 sint,
1299 3944 1580 4029 primum
1614 3943 1805 4027 quasi
1837 3942 2215 4009 muneribus
2251 3943 2517 4009 deorum
2555 3968 2688 4012 nos
2723 3969 2854 4013 esse

781 4036 1129 4101 instructos
1184 4047 1249 4103 et
1301 4046 1589 4115 ornatos,
1657 4037 1938 4105 secundo
1991 4048 2206 4103 autem
2259 4038 2404 4105 loco
2453 4060 2668 4111 unam
2721 4062 2854 4107 esse
