3292 4559
720 212 855 291 264
1346 208 1425 265 ιι
1458 207 1734 267 'runnu
1765 205 2166 267 emmonis
2389 248 2425 263 „

725 337 847 401 sita
890 345 1018 410 est,
1064 332 1232 398 sed
1210 356 1283 397 m·
1312 343 1573 397 natura.
1626 331 1802 416 quod
1835 331 1892 396 si
1925 332 2018 397 ita
2049 340 2172 407 est,
2217 330 2486 397 honesta
2521 350 2780 416 quoque

725 440 791 496 et
822 428 1037 515 turpia
1068 436 1301 493 natura
1338 425 1748 491 diiudicanda
1779 436 1950 490 sunt.
2035 448 2184 491 nam
2219 425 2273 489 si
2307 425 2610 511 opinione
2635 426 2782 491 uni-

724 547 909 591 versa
944 522 1179 599 virtus,
1216 521 1443 589 eadem
1478 521 1615 588 eius
1651 521 1846 587 etiam
1875 530 2090 607 partes
2123 521 2576 607 probarentur·
2629 520 2782 604 quis

721 619 920 705 igitur
962 616 1346 703 prudentem
1382 626 1477 693 et,
1522 626 1601 681 ut
1632 616 1726 681 ita
1759 614 1998 693 dicam,
2043 624 2258 681 catum
2291 636 2422 679 non
2457 638 2539 680 ex
2573 613 2780 699 ipsius

722 712 976 787 habitu,
1024 710 1139 775 sed
1182 733 1266 777 ex
1296 710 1530 796 aliqua
1560 732 1633 775 re
1667 720 1932 777 externa
1963 708 2239 775 iudicet?
2307 720 2408 775 est
2437 708 2614 775 enim
2649 708 2782 773 vir·

722 817 829 872 tus
860 804 1149 893 perfecta
1180 803 1364 880 ratic,
1398 803 1575 887 quod
1608 815 1780 869 certe
1811 803 1882 867 in
1913 813 2143 869 natura
2175 813 2300 868 est:
2333 801 2534 888 igitur
2566 802 2779 867 omnis

622 919 689 975 17
724 898 1027 967 honestas
1070 899 1299 965 eodem
1332 898 1544 963 modo.
1633 921 1786 963 nam
1817 908 1892 962 ut
1923 918 2077 964 vera
2111 907 2178 961 et
2208 897 2400 972 falsa,
2442 907 2518 961 ut
2551 916 2780 961 conse-

626 1400 680 1441 46

621 2333 673 2372 47

606 3584 675 3638 18

612 3656 666 3695 48

726 994 987 1077 quentia
1030 1004 1097 1059 et
1139 993 1458 1059 contraria
1502 1015 1621 1058 sua
1663 1002 1919 1078 sponte,
1961 1014 2094 1057 non
2137 991 2342 1057 aliena
2382 990 2779 1067 iudicantur,

722 1089 819 1153 sic
871 1099 1166 1153 constans
1220 1097 1286 1153 et
1336 1096 1652 1173 perpetua
1701 1086 1864 1151 ratio
1915 1085 2115 1162 vitae,
2177 1106 2344 1169 quae
2396 1084 2604 1150 virtus
2659 1097 2780 1161 est,

722 1182 1003 1267 itemque
1046 1181 1497 1257 inconstantia,
1543 1180 1719 1265 quod
1763 1190 1862 1247 est
1895 1180 2149 1258 vitium,
2193 1199 2314 1245 sua
2345 1190 2581 1246 natura
2614 1182 2782 1245 iudi-

724 1277 979 1341 cabitur.
1067 1299 1151 1339 απ
1202 1276 1442 1341 arboris
1494 1287 1603 1341 aut
1644 1278 1786 1361 equi
1835 1277 2143 1361 inqem‘um
2193 1286 2420 1339 natura
2471 1273 2782 1360 probabi-

721 1392 897 1445 mus,
939 1367 1211 1454 ‚ingenia
1259 1369 1564 1435 iuvenum
1615 1390 1750 1435 non
1811 1368 2002 1433 item?
2077 1392 2163 1433 an
2211 1366 2472 1455 ingenia
2525 1378 2780 1445 natura,

721 1462 987 1527 virtutes
1034 1472 1099 1527 et
1142 1462 1328 1540 vitia,
1374 1484 1541 1546 quae
1576 1462 1894 1529 exsistunt
1927 1462 2010 1527 ab
2042 1462 2344 1548 ingeniis,
2391 1461 2577 1527 aliter
2613 1460 2782 1527 iudi-

722 1555 1074 1620 cabuntur?
1143 1578 1227 1620 an
1274 1579 1350 1622 ea
1391 1579 1523 1623 non
1566 1557 1783 1633 aliter,
1834 1554 2105 1621 honesta
2147 1567 2213 1621 et
2255 1556 2470 1641 turpia
2513 1577 2652 1621 non
2697 1554 2780 1621 ad

720 1660 1017 1715 naturam
1049 1648 1273 1717 referri
1306 1672 1569 1717 necesse
1604 1650 1761 1715 erit?
1809 1650 1988 1734 quod
2019 1650 2340 1716 laudabile
2375 1660 2494 1728 est,
2532 1649 2782 1713 bonum

720 1742 788 1807 in
822 1766 891 1808 se
926 1743 1161 1809 habeat
1195 1744 1369 1827 quod
1402 1743 1698 1809 laudetur
1731 1765 1994 1809 necesse
2028 1754 2152 1822 est3
2203 1744 2417 1829 ipsum
2451 1742 2628 1809 enim
2664 1742 2782 1807 bo-

718 1858 879 1903 num
909 1860 1042 1902 non
1077 1848 1175 1902 est
1207 1837 1631 1924 opinionibus,
1667 1837 1784 1903 sed
1815 1848 2064 1903 natura.
2151 1860 2324 1914 nam,
2357 1836 2428 1901 ni
2458 1837 2556 1903 ita
2585 1847 2782 1913 esset,

719 1929 891 1996 beati
935 1952 1192 2017 quoque
1227 1932 1523 2018 opinione
1560 1943 1806 2009 essent,
1852 1952 1982 2015 quo
2014 1930 2173 2015 quid
2207 1931 2334 1997 dici
2365 1940 2579 2017 potest
2617 1930 2782 1995 stul-

718 2023 883 2089 tius?
952 2044 1083 2109 qua
1122 2047 1193 2091 re
1236 2047 1385 2091 cum
1430 2035 1497 2091 et
1540 2026 1782 2091 bonum
1817 2036 1883 2091 et
1915 2026 2158 2091 malum
2191 2035 2422 2092 natura
2455 2024 2778 2090 iudicetur

720 2127 783 2181 et
834 2140 923 2185 ea.
964 2119 1092 2183 sint
1144 2120 1455 2205 principia
1506 2130 1802 2197 naturae,
1856 2131 2029 2186 certe
2075 2119 2350 2185 honesta
2398 2140 2666 2203 quoque
2711 2128 2778 2183 et

718 2210 930 2300 turpia
964 2212 1155 2277 simili
1184 2214 1429 2279 ratione
1466 2213 1874 2279 diiudicanda
1907 2224 1974 2280 et
1999 2214 2084 2280 ad
2108 2225 2405 2279 naturam
2433 2212 2774 2278 referenda

718 2315 886 2369 sunt.
974 2306 1088 2370 sed
1130 2308 1464 2392 perturbat
1507 2330 1625 2373 nos
1671 2309 2043 2395 opinionum
2093 2309 2368 2373 varietas
2410 2307 2778 2373 hominum-

717 2417 842 2478 que
895 2398 1234 2475 dissensiO,
1288 2409 1353 2464 et
1400 2402 1553 2482 quia
1595 2425 1730 2468 non
1775 2403 1946 2467 idem
1989 2402 2302 2488 contingit
2342 2402 2411 2466 in
2454 2401 2773 2478 sensibus,

715 2489 832 2553 hos
867 2500 1098 2554 natura
1132 2501 1337 2557 certos
1372 2504 1698 2579 putamus,
1733 2497 1863 2574 illa,
1897 2518 2065 2579 quae
2101 2496 2240 2561 aliis
2263 2496 2378 2573 sic,
2415 2496 2558 2561 aliis
2587 2517 2770 2563 secus

713 2604 834 2647 nec
885 2581 1089 2647 isdem
1134 2606 1388 2670 semper
1432 2608 1565 2653 uno
1606 2590 1802 2655 modo
1851 2590 2178 2668 videntur,
2229 2591 2381 2655 ficta.
2426 2613 2572 2657 esse
2615 2590 2774 2655 dici-

713 2698 886 2743 mus:
940 2676 1115 2761 quod
1168 2689 1264 2743 est
1314 2680 1509 2767 longe
1560 2683 1765 2749 aliter.
1850 2707 2004 2751 nam
2055 2707 2282 2750 sensus
2335 2694 2592 2749 nostros
2641 2706 2772 2751 non

713 2793 966 2857 parens,
1000 2792 1132 2836 non
1164 2773 1402 2851 nutrix,
1436 2797 1569 2841 non
1601 2778 1923 2863 magister,
1959 2799 2092 2843 non
2126 2785 2335 2864 poe‘ta,
2371 2800 2504 2843 non
2537 2800 2772 2845 scaena

714 2864 1051 2975 depravat,
1116 2888 1247 2931 non
1296 2869 1723 2937 multitudinis
1775 2893 2124 2937 consensus
2177 2872 2440 2938 abducit
2492 2896 2533 2936 a
2587 2894 2772 2938 vero·

713 2958 941 3023 animis
982 2980 1202 3026 omnes
1247 2961 1596 3028 tenduntur
1637 2965 1906 3030 insidiae
1949 2966 2053 3030 vel
2100 2966 2236 3029 ab
2217 2966 2328 3043 iis,
2377 2988 2540 3049 quos
2577 2967 2772 3032 modo

712 3051 1110 3128 enumeravi,
1162 3054 1274 3137 qui
1327 3064 1577 3122 teneros
1630 3070 1696 3123 et
1749 3058 1924 3123 rudis
1969 3080 2120 3124 cum
2161 3072 2575 3145 acceperunt,
2630 3060 2774 3125 infi-

711 3140 888 3204 ciunt
932 3153 998 3206 et
1038 3144 1331 3226 flectunt,
1379 3160 1453 3214 ut
1494 3151 1751 3228 volunt,
1795 3152 1899 3217 vel
1934 3152 2018 3217 ab
2047 3175 2162 3231 ea,
2206 3174 2376 3236 quae
2411 3154 2671 3239 penitus
2705 3153 2772 3219 in

711 3233 884 3300 omni
936 3257 1130 3301 sensu
1180 3238 1485 3325 inplicata,
1534 3244 1798 3321 insidet,
1851 3245 2159 3309 imitatrix
2213 3247 2392 3323 boni,
2449 3248 2768 3357 voluptas,

709 3328 1023 3393 malorum
1058 3340 1272 3396 autem
1306 3344 1513 3403 'mater
1548 3337 1864 3416 omnium3
1900 3339 2083 3404 cuius
2111 3340 2438 3406 blanditiis
2462 3341 2770 3427 corrupti,

708 3440 875 3502 quae
925 3434 1157 3491 natura
1207 3424 1378 3494 bona
1428 3442 1607 3509 sunt,
1660 3432 1815 3517 quia
1865 3433 2203 3500 dulcedine
2253 3434 2380 3501 hac
2433 3446 2502 3503 et
2547 3435 2770 3504 scabie

709 3525 947 3591 carent,
981 3538 1112 3582 non
1146 3532 1417 3587 cernunt
1450 3524 1628 3591 satis.

830 3605 1155 3691 Sequitur,
1190 3623 1263 3677 ut
1300 3617 1601 3682 conclusa
1634 3617 1845 3683 mihi·
1824 3642 1957 3683 iam
1989 3613 2152 3687 haec
2185 3621 2270 3687 sit
2301 3622 2513 3687 omnis
2545 3624 2770 3697 oratio,

706 3696 775 3760 id
810 3702 983 3785 quod
1017 3715 1163 3770 ante
1200 3707 1420 3773 oculos
1455 3731 1538 3775 ex
1571 3710 1651 3776 iis
1689 3723 1804 3790 est,
1841 3734 2008 3797 quae
2041 3712 2216 3779 dicta
2249 3726 2432 3793 sunt,
2466 3727 2533 3783 et
2567 3717 2670 3781 ius
2706 3728 2772 3782 et

708 3809 896 3857 omne
949 3793 1287 3904 honestum
1341 3824 1459 3869 sua
1514 3816 1742 3891 sponte
1795 3828 1935 3873 esse
1989 3808 2453 3893 expetendum3
2529 3811 2772 3877 etenim

708 3902 927 3949 omnes
971 3887 1093 3953 viri
1133 3891 1347 3957 boni
1327 3917 1533 3978 ipsam
1578 3900 1968 3983 aequitatem
2011 3912 2077 3967 et
2120 3902 2222 3966 ius
2266 3902 2481 3989 ipsum
2529 3916 2772 3981 amant,

706 3993 825 4037 neo
868 3988 965 4043 est
1007 3981 1127 4046 viri
1176 3984 1323 4094 boni
1368 4009 1579 4056 errare
1617 4003 1680 4057 et
1727 3994 1992 4080 diligere
2037 3995 2214 4079 quod
2255 4018 2376 4081 per
2409 4020 2482 4065 se
2517 4020 2656 4065 non
2691 3998 2770 4063 sit
