3292 4559
957 282 1063 337 DE
1097 281 1426 339 DEORUM
1459 283 1787 341 NATURA
1819 284 1897 339 11.
1932 284 2172 341 59-65,
2506 273 2593 341 59

543 409 756 475 munia
802 417 876 473 ut
919 406 1245 471 beneficiis
1290 406 1657 473 excellentis
1699 407 1870 473 viros
1914 406 1985 472 in
2021 407 2269 473 caelum
2310 408 2487 475 fama
2520 431 2596 475 ac

542 504 866 568 voluntate
901 502 1211 567 tollerent.
1265 500 1414 566 hinc
1441 502 1782 579 Hercules,-
1816 500 1968 565 hinc
1987 498 2220 567 Castor
2245 512 2310 567 et
2337 502 2597 581 Pollux,

437 634 442 639 ·
541 598 690 663 hinc
705 596 1156 682 Aesculapius,
1192 596 1341 661 hinc
1364 594 1566 661 Liber
1601 596 1795 661 etiam
1811 630 1901 643 —-
1916 596 2088 661 hunc
2122 595 2265 661 dico
2282 594 2598 663 Liberum

543 689 800 759 Semela
835 701 1092 767 natum,
1143 711 1276 754 non
1311 712 1487 767 eum,
1543 711 1737 774 quem
1772 689 1987 753 nostri*
2013 688 2287 755 maiores
2322 694 2597 777 auguste

542 797 888 869 sancteque
935 784 1252 851 Liberum
1303 805 1451 848 cum
1497 779 1735 849 Cerere
1790 794 1855 849 et
1896 780 2141 848 Libera
2186 804 2600 849 consecrave-

540 890 719 957 runt,
773 880 947 963 quod
991 879 1179 963 quale
1225 878 1307 943 sit
1351 901 1431 943 ex
1475 878 1794 963 mysteriis
1836 878 2121 963 intellegi
2166 888 2396 963 potest.
2484 880 2600 943 sed
2718 891 2721 895 “

547 974 723 1058 quod
759 996 841 1039 ex
874 973 1061 1037 nobis
1097 983 1281 1037 natos
1323 972 1559 1038 liberos
1603 972 2031 1058 appellamus,
2082 971 2327 1037 idcirco.
2360 969 2597 1038 Cerere

542 1067 679 1134 nati
716 1066 1026 1149 nominati
1063 1078 1209 1131 sunt
1245 1065 1448 1131 Liber
1481 1078 1546 1133 et
1578 1066 1841 1144 Libera,
1877 1065 2049 1150 quod
2084 1064 2154 1130 in
2188 1065 2431 1131 Libera
2465 1088 2599 1131 ser-

542 1172 716 1237 vant,
751 1161 819 1226 in
855 1161 1098 1227 Libero
1133 1183 1265 1227 non
1297 1161 1452 1227 item
1479 1196 1587 1238 -,
1620 1160 1772 1226 hinc
1807 1160 2000 1227 etiam
2034 1158 2370 1236 Romulus,
2406 1180 2598 1245 quem

542 1256 803 1341 quidem
839 1256 1115 1321 eundem
1149 1277 1289 1321 esse
1323 1254 1671 1337 Quirinum
1702 1264 1963 1341 putant=
2008 1274 2281 1338 quorum
2317 1276 2464 1320 oum
2496 1276 2597 1319 re—

541 1360 872 1431 manerent
906 1349 1100 1414 animi
1137 1360 1328 1435 atque
1365 1348 1741 1415 aeternitate
1776 1349 2161 1426 fruerentur,
2196 1348 2315 1414 rite
2346 1348 2412 1413 di
2447 1359 2598 1413 sunt

541 1444 764 1537 habiti,
803 1466 950 1510 cum
987 1456 1051 1511 et
1085 1445 1308 1531 optimi
1343 1456 1557 1511 essent
1591 1455 1657 1511 et
1690 1446 1951 1511 aeterni.

669 1537 825 1603 Alia
877 1559 1133 1623 quoque
1189 1562 1270 1605 ex
1322 1540 1566 1605 ratione
1613 1550 1679 1604 et
1732 1539 1994 1623 quidem
2044 1538 2311 1624 physica
2363 1559 2600 1623 magna
2642 1542 2697 1598 ss

539 1632 726 1697 fluxit
761 1632 1101 1698 multitudo
1139 1633 1426 1712 deorum,
1461 1634 1573 1717 qui
1607 1633 1815 1699 induti
1852 1632 2065 1719 specie
2097 1631 2379 1698 humana
2412 1631 2600 1698 fabu-
2636 1654 2647 1659 ·

539 1726 636 1791 las
670 1726 878 1810 poe’tis
912 1724 1502 1812 suppeditaverunt,
1536 1726 1868 1791 hominum
1904 1738 2120 1793 autem
2146 1728 2346 1791 vitam
2381 1747 2601 1811 super-

543 1819 798 1885 stitione
833 1820 1008 1884 omni
1041 1821 1448 1885 referserunt.
1521 1829 1716 1904 atque
1752 1820 1857 1884 hie
1892 1820 2073 1885 locus
2108 1842 2149 1883 a
2179 1820 2439 1885 Zenone
2473 1831 2601 1884 tra-

545 1923 752 1977 ctatus
819 1924 966 1996 post
1019 1936 1059 1977 a
1113 1910 1427 1977 Cleanthe
1488 1923 1554 1979 et
1606 1910 1974 1998 Chrysippo
2036 1911 2327 1997 pluribus
2387 1911 2599 1977 verbis

545 2006 903 2091 explicatus
957 2015 1072 2071 est.
1159 2028 1310 2070 nam
1365 2030 1499 2069 oum
1550 2016 1736 2071 vetus
1789 2005 1950 2071 haec
1994 2004 2207 2090 opinio
2255 2002 2601 2071 Graeciam

539 2096 965 2185 opplevisset,
1018 2110 1345 2166 exsectum
1381 2096 1655 2167 Caelum
1698 2122 1739 2164 a
1782 2100 1915 2164 filio
1952 2098 2261 2175 Saturne,
2314 2098 2601 2163 vinc-tum

546 2204 762 2258 autem
798 2190 1150 2259 Saturnum
1191 2194 1403 2279 ipsum
1451 2217 1490 2259 a
1531 2193 1663 2258 filio
1707 2194 1863 2259 Iove
1876 2240 1896 2269 ,
1948 2190 2215 2279 physica
2265 2192 2428 2257 ratio
2469 2215 2598 2259 non
2642 2210 2695 2253 64

541 2289 870 2373 inelegans
916 2288 1164 2354 inclusa
1207 2300 1304 2354 est
1345 2289 1414 2353 in
1455 2288 1661 2374 inpias
1704 2287 1987 2365 fabulas3
2043 2286 2385 2353 caelestem
2430 2288 2601 2354 enim

543 2382 916 2449 altissimam
952 2379 1428 2467 aetheriamque
1461 2394 1789 2472 naturam,
1841 2381 1911 2446 id
1946 2391 2046 2447 est
2087 2381 2377 2468 igneam,
2431 2402 2599 2465 quae

543 2500 662 2564 per
693 2500 834 2544 sese
869 2477 1085 2543 omnia
1121 2477 1444 2563 gigneret,
1488 2498 1719 2542 vacare
1754 2476 2095 2541 voluerunt
2131 2498 2209 2541 ea
2242 2486 2425 2561 parte
2460 2496 2600 2541 cor-

541 2570 738 2657 poris,
774 2594 940 2655 quae
969 2569 1412 2638 coniunctione
1448 2570 1708 2636 alterius
1744 2580 1963 2655 egeret
1996 2568 2083 2633 ad
2114 2568 2597 2653 procreandum.

547 2663 898 2733 Saturnum
931 2675 1149 2731 autem
1182 2683 1330 2731 eum
1365 2686 1505 2731 esse
1533 2663 1893 2740 voluerunt,
1926 2662 2039 2747 qui
2073 2682 2331 2727 cursum
2359 2672 2421 2727 et
2450 2683 2600 2727 con-
2633 2676 2704 2731 25

545 2758 905 2824 versionem
951 2759 1304 2845 spatiorum
1347 2779 1426 2823 ac
1458 2768 1823 2843 temporum
1858 2754 2241 2831 contineret,
2294 2754 2407 2838 qui
2441 2754 2599 2819 deus

550 2850 800 2917 Graece
835 2852 904 2916 id
939 2852 1154 2937 ipsum
1176 2873 1414 2917 nomen
1446 2848 1671 2916 habetz
1708 2848 1959 2937 Κρόνος
1994 2849 2164 2915 enim
2201 2848 2451 2925 dicitur,
2488 2848 2601 2933 qui

550 2954 647 3009 est
679 2944 854 3009 idem
882 2944 1146 3031 χρόνος,
1191 2946 1261 3009 id
1306 2955 1404 3010 est
1437 2943 1715 3029 spatium
1749 2943 2080 3029 temporis3
2132 2941 2449 3009 Saturnus
2484 2965 2601 3007 au·-

549 3048 682 3102 tem
717 3048 811 3102 est
847 3039 1241 3123 appellatus,
1287 3039 1463 3123 quod
1506 3048 1901 3105 saturaretur
1934 3039 2114 3103 annis
2126 3062 2144 3116 3
2198 3060 2280 3104 ex
2325 3060 2397 3103 se
2430 3038 2601 3103 enim

547 3141 730 3196 natos
768 3152 1054 3196 comesse
1097 3132 1365 3217 fingitur
1397 3132 1648 3209 solitus,
1687 3132 1840 3216 quia
1875 3132 2191 3198 consumit
2227 3142 2403 3200 aetas
2440 3142 2602 3197 tem-

547 3248 778 3313 porum
813 3226 1020 3311 spatia
1049 3226 1358 3310 annisque
1383 3226 1739 3314 praeteritis
1765 3226 2262 3292 insaturabiliter
2290 3227 2600 3311 expletur,

549 3321 802 3385 vinctus
849 3330 1065 3388 autem
1107 3344 1148 3387 a
1190 3318 1378 3399 Iove,
1433 3344 1514 3387 ne
1563 3321 1995 3386 inmoderatos
2050 3342 2275 3385 cursus
2335 3319 2602 3385 haberet

552 3426 744 3499 atque
777 3424 852 3479 ut
887 3436 1038 3480 eum
1071 3415 1351 3481 siderum
1386 3416 1612 3485 vinclis
1648 3414 1980 3500 adligaret.
2033 3414 2149 3480 sed
2181 3414 2319 3499 ipse
2336 3412 2601 3497 Iupiter,

549 3509 618 3573 id
653 3518 750 3573 est
781 3508 1010 3574 iuvans
1053 3520 1266 3595 pater,
1317 3529 1508 3594 quem
1557 3509 1878 3575 conversis
1915 3508 2170 3573 casibus
2206 3506 2600 3591 appellamus

553 3626 594 3667 a
625 3602 906 3667 iuvando
942 3602 1193 3683 Iovem,
1247 3626 1288 3669 a
1331 3604 1535 3690 poetis
1589 3609 1805 3688 ‘pater
1850 3603 2197 3684 divumque
2244 3599 2603 3664 hominum·-

553 3717 679 3780 que
695 3695 712 3725 ’
762 3695 1021 3775 dicitur,
1065 3719 1106 3762 a
1137 3698 1486 3762 maioribus
1523 3708 1741 3762 autem
1772 3696 2003 3762 nostris
2038 3706 2337 3781 optumus
2379 3715 2605 3759 maxu-

551 3811 697 3854 mus
710 3836 731 3867 ,
776 3802 841 3855 et
875 3789 1138 3874 quidem
1172 3802 1320 3858 ante
1357 3802 1690 3878 optumus,
1733 3791 1802 3856 id
1836 3802 1934 3857 est
1967 3786 2599 3865 beneficentissimus,

555 3904 750 3966 quam
793 3906 1164 3963 maxumus,
1216 3885 1370 3969 quia
1413 3885 1622 3950 maius
1666 3895 1765 3951 est
1802 3894 2105 3967 certeque
2157 3881 2403 3968 gratius
2453 3903 2601 3968 pro—

543 3975 740 4042 'desse
780 3976 1073 4043 omnibus
1113 4000 1309 4063 quam
1355 4000 1509 4065 opes
1541 3998 1812 4060 magnas
1848 3976 2105 4042 habere.
2194 3976 2365 4043 hunc
2406 3974 2603 4065 igitur
2644 3990 2699 4033 σᾶ

553 4066 825 4147 Ennius,
860 4081 931 4136 ut
967 4093 1160 4158 supra
1196 4072 1349 4149 dixi,
1384 4082 1713 4159 nuncupat
1746 4069 1836 4136 ita
1872 4071 2108 4151 dicens,
