3292 4559
1009 277 1112 334 DE
1143 275 1667 335 DlleATIONE
1704 277 1750 332 1.
1787 277 2058 332 54—59.'
2432 262 2559 330 143

489 400 760 486 inveniri
794 410 1006 487 potest
1039 400 1308 468 certius?
1335 406 1347 417 ”
1517 397 1735 482 Quid?
1770 400 1881 466 illa
1917 400 2046 466 duo
2084 399 2350 477 somnia,
2388 421 2554 484 quae
2588 431 2656 485 27

491 497 894 563 creberrume
925 506 1504 562 commemorantur
1529 516 1569 559 a
1587 491 1847 571 Stoicis,
1882 495 2029 579 quis
2056 495 2319 561 tandem
2343 505 2555 581 potest

491 589 934 658 contemnere?
968 611 1174 654 unum
1209 588 1290 655 de
1309 585 1673 656 Simonide:
1712 589 2001 674 quicum
2034 589 2329 675 ignotum
2355 609 2559 673 quen-

492 687 644 751 dam
674 684 1030 770 proiectum
1055 695 1381 750 mortuum
1406 683 1672 750 vidisset
1700 705 1978 769 eumque
2012 683 2409 752 humavisset
2441 682 2559 750 ha-

489 780 796 864 beretque
829 777 899 843 in
935 778 1150 844 animo
1189 800 1425 845 navem
1460 778 1923 856 conscendere,
1954 780 2203 844 moneri
2248 779 2425 844 visus
2460 789 2559 844 est

488 894 572 938 ne
603 872 676 937 id
709 872 956 938 faceret
997 873 1082 938 ab
1119 894 1196 939 eo
1211 919 1232 949 ,
1277 895 1474 958 quem
1517 873 1848 960 sepultura
1880 871 2238 952 adfecerat3
2284 873 2343 939 si
2372 872 2559 938 navi-

488 965 804 1052 gavisset,
851 989 1002 1032 eum
1054 967 1396 1054 naufragio
1448 988 1590 1034 esse
1641 968 2027 1055 periturum:
2079 967 2298 1051 itaque
2344 965 2563 1032 Simo-

490 1058 710 1124 nidem
761 1058 1004 1125 redisse
1018 1107 1039 1138 ,
1092 1059 1333 1146 perisse
1379 1073 1622 1127 ceteros
1635 1109 1656 1140 ,
1711 1061 1824 1147 qui
1867 1071 2007 1126 tum
2057 1060 2565 1151 navigavissenta

493 1153 768 1218 alterum
801 1153 896 1218 ita
931 1153 1269 1233 traditum,
1324 1156 1568 1222 clarum
1616 1155 1965 1222 admodum
2008 1155 2359 1222 somnium:
2414 1176 2563 1221 cum
2604 1179 2654 1221 5‘1

492 1247 625 1313 duo
662 1247 927 1332 quidam
961 1248 1255 1316 Arcades
1291 1250 1638 1316 familiares
1681 1252 1801 1316 iter
1834 1273 1965 1316 una
1998 1250 2285 1317 facerent
2318 1261 2383 1316 et
2414 1248 2565 1316 Me-

490 1364 717 1434 garam
779 1342 1128 1420 venissent,
1197 1344 1472 1412 alterum
1536 1346 1621 1410 ad
1682 1366 1995 1432 coponem
2048 1344 2426 1423 devertisse,
2480 1344 2565 1410 ad

492 1437 810 1524 hospitem
861 1438 1161 1517 alterum3
1215 1441 1328 1525 qui
1379 1452 1453 1506 ut
1505 1441 1713 1508 cenati
1762 1441 2195 1525 quiescerent,
2247 1439 2563 1507 concubia

492 1541 678 1596 nocte
714 1531 926 1597 visum
959 1554 1100 1600 esse
1135 1533 1204 1599 in
1237 1536 1478 1602 somnis
1510 1535 1590 1614 ei,
1625 1535 1739 1621 qui
1774 1546 1912 1602 erat
1944 1534 2013 1601 in
2045 1534 2343 1622 hospitiO,
2376 1535 2564 1600 illum

493 1625 764 1690 alterum
799 1647 982 1692 orare
1017 1639 1090 1693 ut
1125 1629 1517 1709 subveniret,
1553 1629 1732 1715 quod
1766 1629 1889 1696 sibi
1924 1653 1965 1696 a
1990 1650 2239 1717 copone
2268 1628 2561 1694 interitus

493 1731 854 1806 pararetur:
891 1743 1042 1787 eum
1068 1722 1277 1808 primo
1303 1725 1714 1810 perterritum
1744 1722 1991 1788 somnio
2014 1724 2386 1799 surrexisse,
2414 1722 2567 1787 dein

494 1834 646 1890 cum
679 1833 750 1878 se
778 1815 1162 1899 conlegisset
1190 1816 1387 1900 idque
1414 1817 1626 1881 visum
1652 1838 1770 1902 pro
1798 1816 1998 1880 nihilo
2026 1815 2396 1882 habendum
2423 1837 2563 1882 esse

494 1904 814 1981 duxisset,
849 1907 1251 1986 recubuisse;
1287 1920 1427 1974 tum
1463 1910 1524 1974 ei
1560 1907 1898 1975 dormienti
1938 1909 2214 1976 eundem
2248 1909 2431 1974 illum
2463 1909 2562 1972 vi·-

495 2022 642 2066 sum
676 2021 817 2065 esse
855 2021 1085 2086 rogare
1123 2012 1224 2083 ut,
1270 2003 1576 2086 quoniam
1623 2002 1749 2068 sibi
1794 2003 1941 2068 vivo
1974 2023 2107 2069 non
2140 2003 2563 2080 subvenisset,

496 2103 769 2159 mortem
803 2115 987 2159 suam
1022 2117 1105 2161 ne
1147 2094 1422 2160 inultam
1458 2118 1600 2164 esse
1643 2108 1997 2183 pateretur·
2054 2119 2123 2163 se
2156 2097 2563 2180 interfectum

495 2188 565 2254 in
606 2188 969 2273 plaustrum
1005 2211 1046 2254 a
1091 2211 1334 2276 copone
1383 2214 1524 2258 esse
1571 2191 1929 2258 coniectum
1974 2203 2039 2258 et
2082 2214 2279 2278 supra
2320 2202 2563 2258 stercus

495 2283 830 2360 iniectum3
865 2294 1085 2368 petere
1111 2297 1184 2350 ut
1211 2307 1400 2351 mane
1430 2286 1514 2352 ad
1547 2299 1801 2373 portam
1837 2287 2120 2366 adesset,
2154 2287 2334 2373 prius
2369 2308 2568 2371 quam

496 2371 854 2462 plaustrum
889 2401 972 2444 ex
1007 2379 1245 2466 oppido
1281 2381 1500 2447 exiret..
1572 2381 1699 2447 hoc
1732 2402 1885 2448 vero
1922 2404 2072 2448 eum
2107 2381 2355 2447 somnio
2390 2396 2565 2447 com·'

496 2482 742 2537 motum
787 2495 976 2540 mane
1031 2473 1312 2540 bubulco
1356 2487 1613 2562 praesto
1660 2476 1745 2541 ad
1786 2486 2041 2562 portam
2083 2475 2313 2554 fuisse,
2368 2497 2565 2560 quae·

383 2639 396 2650 ,
498 2559 655 2633 sisse
710 2590 810 2633 ex·
844 2589 921 2634 eo
978 2569 1135 2654 quid
1197 2581 1367 2637 esset
1418 2571 1487 2636 in
1537 2570 1857 2657 plaustro·
1917 2571 2103 2636 illum
2156 2569 2565 2658 perterritum

498 2659 774 2748 fugisse,
828 2674 1154 2730 mortuum
1206 2675 1462 2730 erutum
1513 2688 1655 2732 esse
1669 2712 1689 2742 ,
1753 2686 2066 2752 coponem
2118 2687 2188 2731 re
2240 2663 2564 2752 patefacta

499 2775 740 2840 poenas
787 2755 1060 2825 dedisse.
1150 2759 1309 2843 quid
1351 2760 1475 2824 hoc
1528 2760 1779 2826 somnio
1824 2760 1953 2826 dici
1999 2759 2276 2825 divinius
2318 2760 2564 2846 potest?
2600 2765 2671 2820 28

765 2847 902 2915 Sed
937 2852 1094 2935 quid
1140 2865 1252 2918 aut
1286 2853 1472 2940 plura
1506 2865 1618 2919 aut
1661 2865 1881 2922 vetera
1916 2853 2320 2939 quaerimus?
2372 2875 2568 2940 saepe
2609 2838 2661 2877 ⁵⁸

503 2940 622 3007 tibi
666 2964 886 3008 meum
928 2947 1216 3024 narravi,
1271 2969 1463 3033 saepe
1509 2971 1590 3014 ex
1632 2958 1697 3013 te
1734 2948 1953 3014 audivi
1994 2962 2182 3014 tuum
2214 2947 2565 3015 somnium.

505 3058 630 3113 me,
666 3057 816 3102 cum
843 3038 1045 3105 Asiae
1080 3061 1198 3126 pro
1236 3042 1498 3108 consule
1532 3064 1918 3128 praeessem,
1956 3044 2191 3110 vidisse
2225 3043 2293 3108 in
2328 3043 2565 3128 quiete,

503 3153 656 3198 cum
691 3141 764 3196 tu
791 3151 957 3216 equo
985 3133 1292 3200 advectus
1321 3135 1407 3201 ad
1433 3136 1759 3220 quandam
1786 3136 2008 3223 magni
2032 3137 2311 3204 fluminis
2338 3137 2567 3225 ripam,

504 3236 846 3312 provectus
881 3227 1092 3293 subito
1129 3241 1321 3314 atque
1356 3229 1659 3316 delapsus
1690 3231 1760 3297 in
1793 3230 2064 3308 flumen,
2097 3253 2419 3317 nusquam
2455 3231 2587 3298 ad-.

505 3320 858 3408 paruisses,
909 3343 1014 3388 me
1061 3324 1519 3390 contremuisse
1563 3323 1791 3392 timore
1834 3327 2268 3412 perterritum3
2320 3337 2463 3391 tum
2505 3336 2569 3410 te

506 3427 768 3500 repente
793 3416 1036 3482 laetum
1067 3418 1386 3486 exstitisse
1414 3419 1771 3505 eodemque
1798 3443 1965 3507 equo
1985 3423 2321 3488 adversam
2346 3441 2569 3486 ascen-

506 3508 678 3576 disse
738 3509 948 3597 ripam
997 3533 1243 3597 nosque
1301 3513 1472 3580 inter
1521 3536 1640 3580 nos
1692 3536 1834 3582 esse
1889 3515 2256 3601 conplexos.
2360 3513 2567 3580 facilis

507 3604 876 3682 coniectura
908 3605 1100 3672 huius
1136 3607 1398 3686 somnii,
1433 3607 1719 3694 mihique
1755 3632 1795 3675 a
1827 3609 2047 3695 peritis
2080 3608 2147 3674 in
2184 3606 2350 3673 Asia
2382 3629 2569 3695 prae·

508 3697 752 3796 dictum
781 3709 880 3765 est
911 3699 1052 3768 fore
1081 3724 1191 3768 eos
1220 3713 1488 3770 eventus
1523 3726 1761 3782 rerum,
1796 3703 1911 3788 qui
1936 3703 2325 3770 acciderunt.
2379 3701 2565 3768 venio
2608 3723 2661 3765 59

508 3815 680 3860 nunc
715 3793 800 3860 ad
835 3804 1038 3862 tuum.
1089 3797 1311 3864 audivi
1345 3798 1643 3884 equidem
1678 3821 1761 3866 ex
1794 3810 1859 3867 te
1888 3799 2055 3887 ipsc,
2089 3797 2205 3865 sed
2238 3796 2395 3863 mihi
2428 3820 2569 3864 sae·

508 3887 653 3972 pius
697 3899 918 3956 noster
953 3887 1300 3960 Sallustius
1347 3893 1660 3960 narravit·
1714 3917 1863 3961 cum
1895 3894 1963 3958 in
1998 3894 2109 3960 illa
2142 3893 2335 3980 fuga,
2378 3892 2587 3960 nobis.

509 3979 818 4064 gloriosa,
851 3986 1099 4071 patriae
1135 3987 1588 4067 calamitosa,
1568 4013 1636 4054 ιιι
1671 3988 1826 4055 villa
1859 3987 2141 4073 quadam
2177 3986 2390 4075 campi
2422 3987 2570 4054 Ati-

509 4073 677 4166 natis
722 4098 1010 4188 maneres
1054 4103 1486 4170 magnamque
1529 4094 1780 4170 partem
1826 4084 2029 4150 noctis
2075 4082 2407 4171 vigilasses
2418 4129 2437 4162 ‚
2484 4082 2591 4150 ad
