3292 4559
957 262 1065 318 DE
1097 260 1428 319 DEORUM
1460 262 1788 320 NATURA
1820 262 1868 317 Ι.
1904 262 2146 319 28-34.
2500 250 2583 315 13

529 400 594 456 et
628 389 698 454 in
730 386 1023 474 Legibus
1059 396 1124 453 et
1168 385 1482 451 mundum
1515 386 1712 453 deum
1748 408 1887 453 esse
1922 396 1987 451 et
2032 386 2283 453 caelum
2316 406 2381 452 et
2415 398 2587 455 astra

531 496 598 551 et
630 494 863 549 terram
899 490 964 547 et
996 480 1242 545 animos
1281 490 1346 545 et
1379 502 1518 558 eos,
1573 500 1738 565 quos
1782 480 2099 549 maiorum
2139 480 2444 545 institutis
2480 501 2589 548 ac-

532 576 846 663 cepimus,
891 596 1058 659 quae
1093 584 1158 640 et
1203 596 1320 661 per
1355 598 1424 641 se
1461 585 1608 639 sunt
1652 574 1818 639 falsa
1849 574 2187 660 perspicue
2221 585 2287 639 et
2318 575 2485 640 inter
2518 596 2588 641 se

530 672 942 737 vehementer
981 668 1424 755 repugnantia.
1523 679 1718 752 atque
1763 668 1959 736 etiam
1999 667 2375 755 Xenophon
2425 691 2587 755 pau-
2641 690 2697 734 ει

532 764 811 830 cioribus
838 763 1054 831 verbis
1083 764 1310 829 eadem
1342 764 1481 829 fere
1515 773 1773 849 peccat3
1806 762 1965 829 facit
1990 763 2161 829 enim
2185 764 2254 827 in
2286 763 2385 841 iis,
2422 784 2587 847 quae

531 882 572 925 a
607 857 874 927 Socrate
909 858 1084 923 dicta
1117 857 1390 933 rettulit,
1428 856 1776 925 Socratem·
1808 857 2271 943 disputantem,
2314 858 2592 924 formam

534 953 641 1019 dei
674 953 896 1039 quaeri
928 974 1059 1017 non
1095 962 1408 1038 oportere,
1445 952 1849 1035 eundemque
1878 962 1943 1016 et
1976 950 2181 1017 solem
2206 963 2273 1017 et
2306 952 2590 1018 animum

533 1048 722 1112 deum
775 1046 1016 1122 dicere,
1069 1057 1135 1110 et
1174 1044 1367 1110 modo
1411 1066 1642 1123 unum,
1698 1055 1839 1110 tum
1890 1056 2107 1111 autem
2158 1044 2358 1132 pluris
2404 1045 2589 1112 deos:

533 1162 699 1225 quae
736 1150 885 1206 sunt
917 1139 1122 1207 isdem
1155 1140 1224 1205 in
1263 1140 1484 1205 erratis
1519 1138 1677 1217 fere,
1714 1137 1948 1223 quibus
1984 1162 2081 1217 ea,
2118 1160 2284 1223 quae
2321 1140 2401 1205 de
2435 1138 2591 1206 Pla-

531 1248 683 1301 tone
717 1234 1015 1301 diximus.
1104 1245 1296 1318 atque
1331 1232 1525 1299 etiam
1559 1232 1985 1299 Antisthenes
2019 1233 2088 1297 in
2124 1256 2200 1301 eo
2234 1233 2431 1312 libro,
2478 1231 2591 1317 qui
2624 1236 2697 1291 13
2804 1282 2809 1295 .

531 1328 851 1416 Physicus
891 1328 1289 1405 inscribitur,
1340 1328 1669 1415 popularis
1714 1328 1869 1395 deos
1913 1328 2149 1395 multos
2161 1376 2181 1407 ,
2232 1329 2591 1395 naturalem
2633 1310 2685 1350 ³²

531 1445 735 1489 unum
787 1445 927 1491 esse
981 1423 1200 1489 dicens
1253 1422 1418 1489 tollit
1460 1422 1594 1497 vim
1639 1432 1705 1489 et
1756 1434 2055 1489 naturam
2111 1423 2409 1501 deorum3
2470 1442 2591 1489 nec

529 1518 734 1585 multo
751 1540 938 1583 secus
958 1516 1382 1604 Speusippus,
1417 1517 1759 1583 Platonem
1776 1518 2165 1583 avunculum
2192 1517 2592 1602 subsequens

531 1624 596 1679 et
639 1612 772 1677 vim
813 1612 1138 1697 quandam
1185 1613 1436 1689 dicens,
1488 1634 1620 1697 qua
1667 1612 1883 1678 omnia
1924 1622 2261 1699 regantur,
2318 1625 2591 1695 eamque

519 1706 902 1783 animalem,
955 1706 1229 1773 evellere
1263 1728 1346 1771 ex
1391 1705 1621 1771 animis
1658 1715 1927 1771 conatur
1962 1705 2395 1793 cognitionem
2440 1704 2593 1771 deo-

529 1824 674 1867 rum
685 1825 704 1878 3
757 1800 1270 1883 Aristotelesque
1304 1800 1373 1863 in
1420 1799 1605 1865 tertio
1643 1798 1724 1865 de
1759 1799 2165 1885 philosophia
2195 1800 2361 1865 libro
2388 1799 2593 1867 multa
2634 1824 2687 1863 33

529 1895 778 1971 turbat,
833 1914 874 1955 a
923 1893 1232 1979 magistro
1286 1912 1406 1955 suo
1447 1891 1725 1956 Platone
1770 1915 1895 1955 non
1939 1892 2345 1957 dissentiens:
2400 1892 2591 1957 modo

531 1986 706 2052 enim
744 1983 946 2049 menti
989 1984 1216 2049 tribuit
1259 2006 1514 2048 omnem
1562 1983 1989 2061 divinitatem,
2042 1984 2235 2048 modo
2280 1983 2595 2048 mundum

529 2082 745 2166 ipsum
789 2078 985 2142 deum
1027 2076 1184 2143 dicit
1228 2100 1400 2155 esse,
1453 2076 1647 2142 modo
1692 2076 1889 2143 alium
1908 2163 1911 2167 ι
1932 2076 2257 2161 quendam
2300 2075 2591 2163 praeficit

530 2172 774 2239 mundo
819 2171 1008 2255 eique
1053 2194 1161 2237 eas
1197 2170 1398 2257 partis
1425 2171 1697 2250 tribuit,
1742 2182 1815 2239 ut
1860 2172 2269 2257 replicatione
2314 2171 2595 2256 quadam

530 2266 756 2333 mundi
806 2276 1052 2333 motum
1101 2277 1288 2352 regat
1331 2276 1522 2352 atque
1567 2276 1853 2343 tueatur,
1906 2273 2045 2331 tum
2090 2266 2252 2331 caeli
2298 2265 2590 2331 ardorem

532 2362 726 2428 deum
762 2360 915 2426 dicit
950 2382 1119 2438 esse,
1153 2382 1284 2425 non
1319 2360 1699 2446 intellegens
1728 2360 1977 2427 caelum
2011 2360 2237 2428 mundi
2270 2381 2411 2427 esse
2444 2381 2593 2445 par-

532 2468 691 2533 tem,
747 2475 942 2540 quem
983 2454 1108 2520 alio
1152 2454 1296 2520 loco
1337 2454 1476 2540 ipse
1523 2455 1875 2541 designarit
1917 2454 2129 2520 deum.
2228 2476 2355 2539 quo
2400 2454 2593 2519 modo

533 2560 748 2617 autem
793 2549 952 2615 caeli
1003 2548 1256 2615 divinus
1297 2549 1406 2615 ille
1451 2570 1677 2615 sensus
1729 2549 1799 2614 in
1844 2548 2164 2615 celeritate
2216 2556 2395 2613 tanta
2440 2570 2593 2634 cpon-

533 2642 773 2711 servari
806 2644 1053 2730 potest?
1088 2644 1202 2709 ubi
1221 2642 1460 2725 deinde
1492 2642 1586 2709 illi
1620 2653 1715 2707 tot
1743 2642 1829 2719 di,
1865 2641 1923 2709 si
1954 2664 2365 2708 numeramus
2401 2642 2595 2707 etiam

535 2740 782 2807 caelum
829 2739 1060 2805 deum?
1113 2760 1261 2805 cum
1305 2748 1522 2804 autem
1568 2738 1705 2805 sine
1750 2759 2014 2823 corpore
2056 2736 2231 2819 idem
2272 2735 2405 2800 volt
2452 2756 2593 2803 esse

536 2834 757 2909 deum,
811 2832 982 2898 omni
1025 2833 1208 2899 illum
1251 2855 1446 2898 sensu
1490 2832 1730 2917 privat,
1782 2832 1976 2898 etiam
2017 2829 2374 2918 prudentia.
2462 2849 2593 2913 quo

536 2949 725 3015 porro
759 2927 952 2991 modo
979 2926 1222 2993 moveri
1257 2948 1480 2993 carens
1510 2948 1776 3012 corpore
1810 2938 1925 2991 aut
1955 2946 2087 3010 quo
2112 2924 2305 2991 modo
2340 2944 2595 3009 semper

537 3044 608 3088 se
650 3043 912 3087 movens
949 3043 1088 3087 esse
1131 3020 1386 3105 quietus
1423 3032 1488 3086 et
1532 3020 1762 3086 beatus
1804 3021 2052 3106 potest?
2110 3042 2233 3087 nec
2266 3042 2420 3085 vero
2448 3016 2593 3086 'eius
2636 3042 2689 3083 34

537 3114 1008 3201 condiscipulus
1041 3112 1446 3180 Xenocrates
1497 3115 1566 3179 in
1607 3114 1732 3179 hoc
1776 3137 2013 3201 genere
2057 3114 2432 3201 prudentior
2476 3124 2593 3191 est,

538 3210 720 3293 cuius
753 3210 822 3274 in
853 3208 1061 3285 libris,
1096 3208 1212 3293 qui
1246 3219 1397 3274 sunt
1430 3209 1512 3275 de
1543 3220 1776 3275 natura
1812 3208 2098 3288 deorum,
2134 3208 2313 3275 nulla
2346 3208 2592 3295 species

539 3305 756 3371 divina
795 3303 1204 3372 describitur:
1259 3302 1412 3369 deos
1455 3304 1628 3369 enim
1680 3314 1825 3369 octo
1878 3326 2019 3371 esse
2073 3304 2255 3383 dicit3
2309 3303 2592 3387 quinque

537 3421 668 3477 eos,
705 3398 819 3483 qui
851 3398 920 3462 in
955 3398 1156 3463 stellis
1191 3398 1376 3485 vagis
1409 3398 1840 3476 nominantur,
1876 3421 2097 3477 unum,
2134 3399 2248 3485 qui
2282 3421 2362 3465 ex
2388 3396 2595 3462 omni-

537 3494 660 3558 bus
697 3491 1042 3568 sideribus,
1085 3513 1252 3576 quae
1286 3491 1484 3560 infixa
1519 3493 1699 3559 caelo
1736 3502 1915 3570 sunt,
1952 3515 2033 3559 ex
2068 3489 2370 3579 dispersis
2408 3490 2595 3573 quasi

537 3586 842 3653 membris
893 3586 1166 3673 simplex
1219 3587 1302 3652 sit
1351 3588 1675 3673 putandus
1730 3587 1918 3666 deus;
1980 3587 2321 3673 septimum
2372 3582 2595 3651 Solem

539 3679 832 3765 adiungit
876 3691 1300 3765 octavamque
1344 3680 1635 3759 Lunam,
1680 3681 1793 3767 qui
1836 3702 1966 3766 quo
2010 3702 2202 3745 sensu
2245 3678 2419 3743 beati
2452 3698 2595 3747 esse

540 3776 812 3863 possint,
855 3776 1140 3863 intellegi
1183 3799 1316 3845 non
1355 3790 1586 3865 potest.
1674 3800 1757 3844 ex
1792 3776 2018 3842 eadem
2050 3772 2340 3840 Platonis
2376 3772 2597 3839 schola

541 3870 852 3935 Ponticus
883 3871 1266 3937 Heraclides
1299 3872 1654 3959 puerilibus
1695 3870 1931 3937 fabulis
1966 3868 2217 3935 refersit
2248 3866 2477 3944 libros,
2528 3878 2595 3934 et

540 3975 680 4029 tum
711 3962 1056 4043 mnndum,
1079 3974 1240 4031 tum
1273 3977 1554 4034 mentem
1587 3966 1873 4032 divinam
1905 3986 2049 4029 >esse
2083 3971 2293 4049 putat,
2330 3962 2597 4029 erranti·-

508 4056 665 4125 ‘bus
693 4058 896 4141 ⁴etiam
936 4058 1136 4128 stellis
1173 4059 1571 4130 divinitatem
1614 4058 1839 4127 tribuit
1870 4078 2191 4147 sensuque
2226 4058 2419 4125 deum
2460 4056 2593 4142 pri-
