3292 4559
1190 264 1395 321 CATO
1430 264 1680 321 MAIOR
1715 264 1956 319 60—65.
2471 258 2602 323 255

536 396 607 464 in
644 390 823 458 omni
850 389 1133 455 oratione
1167 399 1551 455 mementote
1580 410 1723 455 eam
1757 410 1861 453 me
1890 398 2284 457 senectutem
2315 389 2600 471 laudare,

534 510 711 573 quae
765 484 1203 551 fundamentis
1258 483 1728 549 adulescentiae
1781 483 2122 549 constituta
2173 484 2284 562 sit3
2337 507 2420 552 ex
2471 508 2602 571 quo

538 582 822 648 efficitur
872 579 975 656 id,
1030 578 1207 662 quod
1265 599 1389 663 ego
1442 600 1681 664 magno
1742 577 2066 661 quondam
2118 599 2267 643 cum
2325 580 2601 647 adsensu

542 675 835 741 omnium
870 672 1025 749 dixi,
1063 672 1362 739 miseram
1397 694 1537 737 esse
1573 682 1983 749 senectutem,
2019 693 2186 756 quae
2223 694 2293 739 se
2317 674 2602 740 oratione

542 769 948 835 defenderet·
984 787 1115 831 non
1150 766 1293 831 cani
1326 788 1447 832 nec
1480 788 1684 852 rugae
1717 777 1978 852 repente
2011 766 2454 833 auctoritatem
2487 769 2602 836 ad-

541 863 755 949 ripere
795 871 1097 949 possunt,
1152 861 1265 925 sed
1309 860 1571 927 honeste
1618 870 1762 927 acta
1803 860 2092 946 superior
2137 870 2312 927 aetas
2354 862 2600 927 fructus

542 956 727 1042 capit
760 954 1153 1020 auctoritatis
1190 964 1527 1020 extremos.
1572 954 1732 1019 haec
1768 954 1940 1019 enim
1973 954 2116 1039 ipsa
2149 965 2300 1019 sunt
2332 954 2602 1019 honora·
2645 986 2696 1025 σε

546 1049 741 1125 bilia,
782 1070 942 1131 quae
978 1047 1281 1113 videntur
1314 1047 1483 1113 levia
1517 1058 1710 1131 atque
1747 1048 2126 1126 communia,
2165 1048 2456 1123 salutari,
2490 1050 2602 1115 ad-

549 1144 721 1230 peti,
776 1142 1023 1221 decedi,
1070 1142 1361 1227 adsurgi,
1407 1142 1667 1220 deduci,
1710 1142 1961 1219 reduci,
2009 1142 2285 1208 consuli:
2338 1163 2504 1226 quae
2540 1154 2604 1207 et

544 1236 731 1323 apud
760 1258 879 1301 nos
912 1247 979 1301 et
1012 1236 1082 1300 in
1127 1236 1268 1310 aliis
1305 1236 1702 1314 civitatibus,
1755 1248 1828 1301 ut
1862 1258 2156 1321 quaeque
2194 1236 2432 1324 optime
2465 1258 2602 1301 mo-

545 1342 691 1395 rata
724 1343 838 1407 est,
873 1330 969 1395 ita
1001 1330 1483 1417 diligentissime
1519 1331 1958 1397 observantur.
2023 1330 2435 1418 Lysandrum
2468 1330 2603 1396 La·-

544 1424 1033 1493 cedaemonium
1046 1471 1065 1502 ,
1102 1424 1283 1489 cuius
1316 1425 1507 1490 modo
1550 1424 1678 1491 feci
1711 1426 2129 1505 mentionem,
2177 1426 2386 1493 dicere
2421 1426 2601 1491 aiunt

547 1519 811 1583 solitum
852 1517 1411 1585 Lacedaemonem
1456 1542 1595 1586 esse
1640 1518 2157 1586 honestissimum
2210 1520 2599 1585 domicilium

542 1612 924 1689 senectutis3
976 1634 1319 1697 nusquam,
1339 1612 1509 1679 enim
1554 1624 1804 1679 tantum
1849 1614 2146 1679 tribuitur
2181 1615 2404 1691 aetati,
2446 1637 2601 1679 nus-

542 1728 747 1791 quam
798 1717 896 1771 est
957 1718 1249 1773 senectus
1312 1707 1696 1773 honoratior.
1802 1708 1959 1792 quin
2011 1708 2204 1773 etiam
2259 1707 2600 1773 memoriae

542 1800 873 1887 proditum
924 1812 1049 1877 est,
1104 1822 1251 1865 cum
1303 1802 1583 1867 Athenis
1634 1801 1804 1867 ludis
1857 1801 2120 1884 quidam
2163 1801 2228 1864 in
2283 1799 2600 1867 theatrum

540 1894 811 1979 grandis
855 1905 1013 1959 natu
1057 1895 1364 1973 venisset,
1415 1916 1654 1981 magno
1691 1915 1994 1959 consessu
2027 1895 2240 1959 locum
2283 1916 2600 1977 nusquam

542 1987 611 2052 ei
648 1987 869 2051 datum
904 2010 945 2051 a
978 1987 1112 2052 suis
1148 1988 1424 2066 civibus3
1478 2010 1627 2053 cum
1675 1998 1888 2053 autem
1936 1987 2020 2051 ad
2051 1986 2597 2053 Lacedaemonios

539 2081 951 2159 accessisset,
995 2082 1135 2166 qui,
1192 2084 1389 2169 legati
1426 2104 1573 2148 cum
1608 2092 1849 2171 essent,
1897 2094 2068 2147 certo
2102 2081 2170 2148 in
2203 2081 2344 2146 loco
2380 2104 2600 2147 conse-

541 2176 811 2252 derant,
864 2176 1333 2242 consurrexisse
1369 2198 1590 2241 omnes
1634 2176 1730 2241 illi
1774 2176 2072 2240 dicuntur
2108 2187 2170 2242 et
2215 2198 2433 2241 senem
2468 2197 2600 2241 ses-

540 2290 707 2333 sum
755 2269 1090 2355 recepisse3
1145 2269 1377 2353 quibus
1431 2292 1581 2335 cum
1633 2294 1674 2335 a
1719 2281 1949 2335 cuncto
1995 2292 2295 2335 consessu
2336 2270 2598 2355 plausus
2639 2296 2690 2337 64

542 2371 731 2427 esset
762 2363 1085 2447 multiplex
1120 2364 1331 2440 datus,
1368 2364 1605 2429 dixisse
1640 2388 1722 2429 ex
1756 2364 1834 2429 iis
1871 2364 2211 2449 quendam,
2246 2364 2601 2429 Athenien-

542 2455 641 2521 sis
688 2455 849 2521 scire
890 2478 1055 2539 quae
1100 2469 1277 2523 recta
1318 2468 1558 2535 essent,
1612 2459 1728 2523 sed
1770 2458 1982 2525 facere
2025 2458 2214 2523 nolle.
2299 2458 2500 2523 multa
2531 2456 2599 2522 in

544 2558 771 2623 nostro
815 2551 1083 2636 collegio
1131 2551 1485 2637 praeclara,
1539 2552 1654 2617 sed
1698 2552 1848 2630 hoc,
1903 2553 1982 2618 de
2029 2574 2157 2636 quo
2202 2553 2480 2637 agimus,
2531 2553 2600 2617 in

544 2643 806 2731 primis,
843 2646 1049 2727 quod,
1082 2657 1156 2711 ut
1189 2646 1460 2730 quisque
1496 2656 1702 2711 aetate
1739 2646 2082 2723 antecedit,
2126 2646 2218 2710 ita
2253 2645 2600 2709 sententiae

544 2738 987 2825 principatum.
1025 2750 1225 2817 tenet,
1278 2761 1488 2822 neque
1535 2740 1744 2803 solum
1777 2738 2016 2805 honore
2061 2737 2598 2811 antecedentibuS,

543 2831 670 2898 sed
701 2831 779 2895 iis
814 2831 1029 2909 etiam,
1064 2834 1175 2916 qui
1210 2855 1357 2897 cum
1390 2834 1656 2918 imperio
1693 2843 1862 2908 sunt,
1899 2833 2170 2897 maiores
2204 2841 2362 2897 natu
2397 2852 2601 2915 augu-

542 2948 655 2991 res
692 2935 1185 3012 anteponuntur.
1276 2949 1441 3012 quae
1486 2938 1637 2993 sunt
1679 2927 1879 3013 igitur
1919 2928 2276 3013 voluptates
2321 2924 2600 3011 corporis

540 3042 703 3085 cum
723 3020 1113 3084 auctoritatis
1146 3021 1445 3106 praemiis
1465 3021 1968 3108 comparandae?
2004 3019 2236 3105 quibus
2254 3020 2365 3104 qui
2391 3019 2602 3105 splen-

542 3112 703 3179 dide
737 3113 839 3177 usi
874 3125 1051 3191 sunt,
1098 3114 1146 3178 ii
1178 3114 1333 3181 mihi
1368 3116 1666 3181 videntur
1699 3115 1983 3180 fabulam
2021 3115 2244 3181 aetatis
2280 3115 2602 3201 peregisse

542 3228 677 3273 nec
710 3215 1037 3290 tamquam
1069 3207 1467 3276 inexercitati
1500 3208 1836 3274 histriones
1866 3208 1934 3273 in
1961 3219 2244 3275 extremo
2271 3219 2420 3273 actu
2453 3228 2603 3273 con-

548 3320 783 3366 rmsse.

696 3394 810 3457 ‘At
832 3405 973 3461 sunt
1003 3397 1238 3461 morosi
1266 3407 1330 3461 et
1358 3396 1531 3461 anxii
1559 3409 1623 3462 et
1646 3397 1937 3462 iracundi
1964 3406 2030 3461 et
2055 3392 2346 3459 difficiles
2373 3394 2597 3458 senes.’
2642 3416 2693 3457 6⁵

548 3487 613 3553 si
652 3488 1044 3571 quaerimus,
1098 3490 1291 3555 etiam
1326 3491 1528 3567 avari3
1580 3491 1697 3556 sed
1737 3490 1896 3555 haec
1938 3510 2190 3553 morum
2236 3486 2392 3550 vitia
2433 3498 2602 3561 sunt,

552 3604 687 3645 non
732 3584 1094 3647 senectutis.
1202 3606 1279 3649 ac
1320 3585 1654 3649 morositas
1707 3595 1921 3650 tamen
1965 3594 2028 3647 et
2073 3604 2150 3646 ea
2201 3579 2384 3656 vitia,
2439 3600 2604 3663 quae

554 3675 712 3752 dixi,
738 3676 977 3743 habent
1003 3677 1244 3761 aliquid
1272 3678 1719 3755 excusationis,
1736 3699 1866 3742 non
1892 3677 2064 3742 illius
2090 3674 2351 3759 quidem
2377 3671 2602 3753 iustae,

558 3769 675 3832 sed
716 3791 880 3853 quae
933 3772 1191 3857 probari
1242 3794 1430 3859 posse
1486 3773 1807 3837 videatur:
1861 3769 2181 3836 contemni
2234 3790 2302 3833 se
2357 3776 2600 3852 putant,

560 3860 822 3948 despici,
856 3866 1095 3943 inludi3
1130 3878 1459 3951 praeterea
1492 3866 1560 3946 in
1594 3864 1811 3950 fragili
1845 3886 2110 3949 corpore
2145 3862 2364 3927 odiosa
2399 3860 2604 3925 omnis

550 3956 826 4025 offensio
863 3970 981 4026 est.
1068 3982 1232 4046 quae
1277 3973 1493 4027 tamen
1528 3960 1743 4025 omnia
1790 3957 2075 4033 dulciora
2115 3958 2280 4023 fiunt
2313 3966 2378 4023 et
2415 3954 2608 4019 mori-

554 4052 681 4118 bus
726 4055 915 4123 bonis
958 4066 1025 4121 et
1069 4056 1341 4134 artibus,
1392 4056 1587 4139 idque
1630 4075 1780 4121 cum
1823 4054 1891 4119 in
1925 4053 2060 4118 vita
2092 4062 2230 4117 tum
2271 4049 2343 4117 in
2373 4072 2610 4117 scaena
