3292 4559
723 242 1157 300 PARADOXA
1195 242 1640 301 STOICORUM
1656 244 1759 313 lv,
1780 242 1865 299 31.
1884 244 1971 301 32.
2007 242 2340 313 v,33-37.
2440 228 2565 297 125

503 405 596 418 --
628 367 869 437 dictum
905 378 1002 433 est
1033 366 1256 453 igitur.
1267 368 1351 432 ab
1387 367 1827 432 eruditissimis
1864 366 2015 431 viris
2054 365 2179 431 nisi
2215 366 2568 452 sapientem

504 463 780 527 liberum
815 484 954 527 esse
990 462 1328 527 neminem.
1401 462 1556 544 quid
1593 474 1691 527 est
1724 462 1896 527 enim
1929 460 2227 525 libertas?
2284 471 2567 545 potestas

506 555 786 633 vivendi,
821 566 892 621 ut
929 555 1107 621 velis.
1179 554 1322 639 quis
1359 554 1555 641 igitur
1589 556 1769 632 vivit,
1802 566 1876 619 ut
1909 554 2063 631 volt,
2098 554 2221 619 nisi
2254 555 2367 637 qui
2395 565 2569 621 recte

506 650 694 727 vivit,
739 649 852 733 qui
885 649 1130 735 gaudet
1176 648 1419 724 officiO,
1467 648 1572 713 cui
1605 649 1863 714 vivendi
1896 649 2001 713 via
2038 648 2437 714 considerata
2472 660 2567 714 at-

506 765 634 827 que
677 743 934 829 provisa
979 743 1114 808 est?
1184 743 1296 827 qui
1327 766 1412 809 ne
1444 744 1699 829 legibus
1734 744 1995 827 quidem
2025 754 2297 827 propter.
2326 755 2568 809 metum

504 850 718 923 paret,
773 837 886 903 sed
941 860 1050 904 eas
1105 838 1393 921 sequitur
1435 849 1504 903 et
1544 839 1725 915 colit,
1779 838 1953 921 quod
1997 837 2065 901 id
2110 838 2385 903 salutare
2430 860 2569 903 esse

2602 480 2655 521 34

505 933 786 997 maxime
819 932 1090 1008 iudicat3
1146 932 1260 1015 qui
1292 931 1452 997 nihil
1487 930 1673 1008 dicit,
1708 932 1869 995 nihil
1903 931 2091 1007 facit,
2135 930 2295 994 nihil
2329 932 2568 1016 cogitat
2630 958 2633 963 ·

507 1026 785 1109 denique
821 1024 946 1089 nisi
977 1025 1276 1091 lubmter
1311 1047 1388 1091 ac
1420 1025 1653 1101 libere3
1688 1025 1870 1089 cuius
1907 1024 2121 1089 omnia
2148 1023 2411 1092 consilia
2438 1046 2571 1089 res-

509 1140 638 1201 que
673 1140 892 1184 omnes
906 1165 925 1196 ,
963 1140 1123 1201 quas
1157 1118 1352 1203 gerit,
1399 1118 1483 1182 ab
1517 1118 1659 1204 ipso
1694 1118 2181 1202 proficiscuntur
2216 1117 2571 1199 eodemque

509 1214 868 1279 referuntur
881 1259 900 1289 ,
933 1236 1056 1279 neo
1091 1224 1189 1279 est
1221 1214 1356 1279 ulla
1387 1236 1522 1290 res,
1557 1235 1725 1297 quae
1759 1215 1905 1299 plus
1942 1214 2115 1298 apud
2152 1233 2301 1279 eum
2335 1213 2572 1298 polleat

511 1330 710 1393 quam
740 1307 943 1393 ipsius
979 1308 1274 1373 voluntas
1309 1319 1506 1391 atque
1540 1308 1879 1385 iudicium3
1926 1308 2031 1373 cui
2064 1308 2323 1392 quidem
2359 1307 2571 1382 etiam,

511 1425 680 1486 quae
722 1402 854 1467 vim
895 1402 1134 1469 habere
1174 1404 1522 1467 maximam
1569 1402 1831 1479 dicitur,
1876 1403 2165 1468 Fortuna
2208 1402 2351 1487 ipsa
2384 1401 2573 1477 cedit,

511 1498 596 1573 si,
632 1509 705 1561 ut
739 1497 994 1583 sapiens
1029 1502 1222 1583 poeta
1257 1497 1450 1574 dixit,
1497 1503 1516 1533 ‘
1531 1497 1667 1563 suis
1704 1520 1781 1562 ea
1816 1497 2049 1582 cuique
2084 1498 2347 1583 fingitur
2380 1496 2575 1560 mori-

511 1591 673 1657 bus.’
763 1592 882 1656 soli
933 1591 1132 1677 igitur
1182 1590 1306 1657 hoc
1351 1591 1665 1677 contingit
1710 1592 2012 1677 sapienti,
2060 1603 2131 1655 ut
2175 1590 2335 1654 nihil
2378 1589 2574 1653 faeiat

512 1686 777 1761 invitus,
821 1686 980 1751 nihil
1025 1686 1248 1751 dolens
1262 1731 1280 1761 ,
1326 1686 1484 1751 nihil
1530 1696 1808 1751 coactus.
1898 1685 2071 1769 quod
2125 1685 2259 1754 etsi,
2294 1683 2385 1747 ita
2436 1704 2573 1749 esse

511 1779 803 1864 pluribus
837 1779 1049 1845 verbis
1088 1779 1532 1845 disserendum
1567 1792 1697 1856 est,
1730 1779 1893 1844 illud
1927 1791 2143 1845 tamen
2179 1789 2246 1845 et
2279 1778 2473 1841 breve
2510 1787 2575 1843 et

513 1871 946 1937 confitendum
989 1883 1115 1949 est,
1159 1872 1285 1937 nisi
1334 1873 1450 1957 qui
1489 1874 1582 1937 ita
1627 1873 1711 1937 sit
1754 1873 2073 1951 adfectus,
2118 1895 2259 1939 esse
2300 1871 2576 1936 liberum

512 1967 851 2034 neminem.
941 1967 1116 2031 servi.
1155 1966 1354 2053 igitur
1397 1988 1616 2031 omnes
1664 1967 1946 2052 inprobi3
1975 1990 2125 2041 ,nec
2167 1966 2291 2031 hoc
2336 1977 2472 2029 tam
2504 1986 2575 2054 re

513 2073 611 2127 est
645 2082 842 2145 quam
877 2060 1054 2125 dictu
1087 2061 1494 2145 inopinatum
1527 2070 1725 2145 atque
1760 2061 2080 2127 mirabile:
2115 2084 2247 2127 non
2282 2059 2453 2126 enim
2485 2058 2576 2121 ita

514 2156 730 2221 dicunt
769 2176 876 2219 eos
915 2176 1053 2221 esse
1089 2176 1338 2231 servos,
1389 2167 1462 2221 ut
1496 2155 1845 2241 mancipia,
1892 2176 2056 2239 quae
2106 2165 2255 2220 sunt
2288 2152 2577 2218 domino-

2608 1700 2661 1743 35

512 2272 658 2316 rum
709 2249 880 2315 facta
932 2270 1100 2314 nexo
1153 2261 1268 2314 aut
1321 2250 1546 2333 aliquo,
1576 2250 1719 2315 iure
1762 2249 1970 2327 civili,
2016 2249 2160 2326 sed,
2206 2249 2262 2314 si
2304 2247 2575 2313 servitus
2627 2270 2666 2317 ‚⁸

513 2346 623 2421 sit,
671 2344 840 2423 sicut
871 2354 997 2420 est,
1045 2343 1454 2410 oboedientia
1487 2344 1677 2409 fracti
1710 2344 1909 2411 animi
1945 2356 2011 2411 et
2044 2343 2275 2409 abiecti
2308 2352 2375 2409 et
2408 2340 2578 2405 arbi-

513 2438 634 2503 trio
671 2437 944 2503 carentis
977 2460 1096 2503 suo
1109 2484 1128 2513 ,
1165 2438 1310 2523 quis
1347 2450 1542 2525 neget
1578 2439 1785 2504 omnis
1818 2439 1981 2504 levis
1994 2486 2013 2515 ,
2048 2438 2255 2503 omnis
2290 2435 2575 2522 cupidos,

513 2532 718 2597 omnis
763 2532 1042 2615 denique
1085 2532 1391 2618 inprobos
1439 2555 1579 2598 esse
1615 2533 1875 2599 servos?
1944 2556 2029 2597 an
2062 2534 2170 2597 ille
2204 2530 2363 2595 mihi
2394 2528 2574 2605 liber,

516 2628 618 2693 oui
653 2628 882 2695 mulier
914 2628 1227 2713 imperat?
1282 2629 1390 2693 cui
1423 2629 1604 2714 leges
1639 2629 1911 2714 inponit,
1946 2627 2341 2714 praescribit,
2376 2626 2572 2700 iubet,

514 2732 690 2789 vetat
731 2722 916 2804 quod.
950 2721 1242 2787 videtur?
1319 2723 1430 2807 qui
1475 2722 1634 2787 nihil
1678 2722 2021 2808 imperanti
2062 2743 2301 2807 negare
2345 2731 2576 2805 potest,

515 2815 673 2880 nihil
709 2822 1004 2880 recusare
1040 2816 1276 2881 audet?
1327 2817 1556 2900 poscit,
1594 2815 1881 2881 dandum
1917 2826 2039 2893 est3
2054 2825 2283 2891 vocat,
2318 2814 2579 2879 venien-
2640 2896 2647 2901 α

517 2910 704 2984 dum3
757 2908 934 2985 eicit,
991 2908 1392 2987 abeundum3
1445 2910 1755 2985 minatur,
1802 2910 2369 2977 extimescendum.
2453 2928 2579 2993 ego

517 3023 672 3068 vero
705 3002 900 3069 istum
936 3023 1066 3067 non
1098 3003 1292 3067 modo
1331 3025 1614 3078 servum,
1654 3004 1770 3069 sed
1803 3003 2267 3087 nequissimum
2302 3024 2579 3077 servum,

519 3098 712 3164 etiam
763 3096 818 3161 si
867 3097 935 3161 in
987 3097 1382 3182 amplissima
1430 3097 1677 3163 familia
1729 3109 1919 3163 natus
1962 3098 2073 3175 sit,
2126 3096 2581 3183 appellandum

518 3204 696 3279 puto.
785 3201 978 3276 atque
1012 3191 1079 3255 in
1113 3191 1252 3276 pari
1289 3191 1556 3257 stultitia
1591 3205 1776 3269 sunt,
1823 3214 1985 3275 quos
2030 3192 2243 3278 signa,
2289 3212 2449 3275 quos
2484 3201 2581 3257 ta-

519 3288 738 3361 bulae,
785 3306 946 3368 quos
991 3287 1308 3351 caelatum
1353 3297 1723 3372 argentum,
1780 3306 1943 3369 quos
1990 3283 2325 3351 Corinthia
2364 3299 2578 3370 opera,

519 3401 682 3467 quos
729 3378 1022 3443 aedificia
1060 3380 1404 3465 magnifica
1447 3380 1646 3445 nimio
1680 3402 1879 3502 ⁹opere
1914 3380 2249 3445 delectant.
2340 3385 2441 3443 ‘at
2474 3399 2580 3443 su-

519 3473 692 3541 mus'
737 3472 1002 3556 inquit‘
1012 3474 1332 3559 principes
1369 3474 1697 3539 civitatis-⁹
1785 3494 1900 3539 vos
1937 3495 2092 3539 vero
2124 3496 2209 3539 ne
2242 3492 2580 3538 conservo-

517 3592 666 3634 rum
707 3566 968 3652 quidem
1013 3579 1368 3633 vestrorum
1402 3568 1725 3653 principes
1761 3568 1911 3633 estis
1923 3592 1943 3644 ;
1987 3568 2103 3634 sed
2136 3578 2209 3631 ut
2240 3566 2309 3631 in
2343 3588 2581 3651 magna

521 3661 766 3727 familia
817 3674 968 3727 sunt
1019 3661 1134 3727 alii·
1178 3663 1477 3729 lautiores
1490 3708 1510 3739 ,
1562 3674 1637 3728 ut
1690 3662 1813 3727 sibi
1856 3662 2173 3739 videntur,
2220 3659 2419 3737 servi,
2466 3659 2582 3725 sed

524 3772 740 3821 tamen
784 3756 980 3832 servi,
1024 3768 1098 3821 ut
1142 3757 1480 3833 atrienses,
1525 3769 1590 3821 at
1634 3758 1749 3841 qui
1794 3768 2071 3823 tractant
2109 3756 2261 3831 ista,
2306 3754 2421 3839 qui
2454 3764 2581 3819 ter-

527 3862 706 3935 gent,
761 3851 872 3934 qui
917 3862 1195 3937 ungunt,
1243 3852 1356 3935 qui
1403 3862 1697 3928 verrunt,
1753 3852 1867 3936 qui
1908 3860 2248 3937 spargunt,
2290 3872 2423 3915 non
2465 3848 2581 3913 ho·-

527 3943 959 4012 nestissimum
1001 3948 1215 4013 locum
1251 3946 1574 4013 servitutis
1609 3957 1859 4023 tenent,
1908 3947 2001 4011 sic
2032 3946 2103 4013 in
2136 3944 2437 4021 civitate,
2470 3943 2583 4027 qui

527 4057 600 4103 se
641 4039 904 4108 istarum
949 4064 1164 4107 rerum
1199 4041 1655 4127 cupiditatibus
1692 4040 2099 4118 dediderunt,
2143 4038 2347 4127 ipsius
2380 4039 2582 4113 servi-

2614 3588 2665 3629 a?
