3292 4559
2373 182 2386 187 -
2487 104 2526 177 K*

719 264 850 333 240
1337 275 1413 330 M.
1452 274 1727 333 TULLII
1763 272 2165 334 CICERONIS

722 402 927 489 ‘quod
980 422 1275 467 accusem
1326 398 1777 466 senectutem?
1831 398 2234 485 praeclarum
2283 422 2666 487 responsum
2721 417 2794 471 et

642 524 693 564 14
723 499 911 563 docto
945 496 1203 561 homine
1231 493 1526 581 dignum!
1572 516 1692 559 sua
1720 492 1890 559 enim
1919 492 2076 558 vitia
2103 493 2472 579 insipientes
2502 507 2566 562 et
2597 521 2795 564 suam

719 592 977 678 culpam
1018 590 1088 655 in
1132 599 1529 657 senectutem
1573 587 1941 665 conferunt3
1995 588 2170 672 quod
2203 610 2333 661 non
2378 588 2663 659 faciebat
2705 594 2793 672 is,

718 685 900 751 cuius
935 684 1127 751 modo
1162 683 1551 749 mentionem
1586 681 1744 759 feci,
1781 680 2065 747 Ennius:

933 822 1026 887 sic
1058 832 1132 887 ut
1165 821 1348 886 fortis
1386 842 1611 905 equus,
1651 818 1858 904 spatio
1894 818 2008 902 qui
2043 842 2234 907 saepe
2269 843 2573 906 supremo

931 915 1089 981 vicit
1124 913 1453 1002 Olympia,
1487 935 1662 1004 nunc
1695 912 1874 979 senio
1911 913 2241 979 confectus
2276 916 2567 999 quiescit.

718 1062 869 1147 equi
919 1060 1102 1127 fortis
1148 1071 1213 1127 et
1264 1058 1521 1126 victoris
1575 1058 1888 1125 senectuti
1934 1070 2259 1145 comparat
2312 1082 2525 1139 suam3
2580 1084 2782 1147 quem

717 1156 979 1242 quidem
1012 1155 1214 1242 probe
1260 1152 1625 1219 meminisse
1659 1152 1954 1239 potestis:
2001 1175 2170 1217 anno
2217 1154 2388 1219 enim
2429 1156 2790 1223 undevice-

713 1252 878 1316 simo
911 1261 1057 1336 post
1092 1249 1229 1315 eius
1262 1258 1534 1313 mortem
1568 1247 1637 1313 hi
1673 1248 1988 1326 consules,
2024 1246 2104 1313 Τ.
2124 1246 2524 1313 Flamininus
2559 1261 2624 1315 et
2649 1251 2790 1320 Μ’.

714 1345 988 1421 Acilius,
1024 1343 1178 1411 facti
1197 1354 1375 1419 sunt;
1410 1342 1517 1408 ille
1536 1353 1755 1408 autem
1775 1339 2106 1429 Caepione
2129 1353 2192 1407 et
2209 1342 2504 1433 Phjjippo
2530 1344 2786 1410 iterum

717 1436 1084 1504 consulibus
1128 1448 1419 1501 mortuus
1464 1445 1593 1514 est,
1644 1457 1795 1502 cum
1840 1459 1962 1523 ego
2005 1436 2286 1523 quinque
2333 1449 2398 1504 et
2439 1438 2794 1524 sexaginta.

716 1552 917 1597 annos
951 1542 1141 1596 natus
1174 1531 1388 1617 Iegem
1421 1530 1781 1596 Voconiam
1816 1553 2055 1617 magna
2086 1552 2246 1597 voce
2281 1543 2344 1597 et
2388 1530 2572 1597 bonis
2614 1532 2789 1599 late-

715 1626 894 1692 ribus
941 1626 1303 1691 suasissem.
1406 1645 1606 1689 annos
1661 1626 2069 1711 septuaginta
2119 1635 2310 1691 natus
2342 1660 2433 1673 —-
2464 1636 2561 1691 tot
2604 1627 2788 1693 enim

716 1720 880 1787 vixit
915 1720 1167 1787 Ennius
1202 1756 1289 1767 —
1322 1720 1415 1786 ita
1458 1719 1708 1785 ferebat
1755 1720 1882 1784 duo
1931 1740 2098 1805 quae
2142 1719 2423 1786 maxima
2466 1732 2794 1807 putantur

718 1837 933 1894 onera,
967 1825 1410 1902 paupertatem
1446 1824 1511 1882 et
1546 1824 1959 1891 senectutem,
1997 1824 2070 1879 ut
2104 1814 2196 1879 eis
2230 1836 2436 1901 paene
2473 1814 2790 1881 delectari

716 1911 1059 1977 videretur.

642 2029 693 2069 15
849 2004 1131 2085 Etenim,
1166 2026 1315 2071 cum
1346 2003 1714 2090 conplector
1749 2002 1982 2081 animo,
2019 2014 2319 2088 quattuor
2345 2004 2593 2089 reperio
2621 2026 2794 2070 cau-

715 2124 819 2166 sas
863 2123 978 2168 cur
1022 2110 1317 2167 senectus
1359 2099 1593 2165 misera
1636 2098 1955 2163 videatur:
2001 2120 2199 2163 unam
2243 2098 2418 2183 quod
2462 2111 2693 2164 avocet
2739 2124 2788 2165 a

605 2190 619 2194 “
712 2195 907 2261 rebus
958 2195 1286 2281 gerendis,
1350 2193 1633 2259 alteram·
1671 2192 1846 2275 quod
1899 2213 2132 2278 corpus
2191 2190 2387 2257 faciat
2436 2192 2785 2271 infirmius,

713 2291 965 2357 tertiam
1001 2289 1176 2374 quod
1209 2288 1418 2375 privet
1452 2286 1750 2352 omnibus
1786 2284 1923 2353 fere
1960 2285 2426 2373 voluptatibus,
2473 2298 2784 2372 quartam

714 2385 891 2468 quod
926 2382 1100 2448 haud
1133 2382 1358 2467 procul
1392 2380 1559 2445 absit
1596 2404 1636 2445 a
1670 2390 1892 2447 morte.
1983 2404 2224 2459 earum,
2261 2381 2314 2447 si
2348 2383 2580 2469 placet,
2616 2405 2784 2447 cau-
2825 2390 2834 2397 '

714 2498 927 2541 sarum
964 2487 1206 2558 quanta
1240 2494 1562 2559 quamque
1598 2473 1683 2539 sit
1715 2474 1887 2540 iusta
1919 2497 2052 2540 una
2086 2498 2381 2561 quaeque
2415 2476 2782 2543 videamus.

644 2588 678 2641 6
919 2570 1009 2633 ‘A
1042 2568 1236 2634 rebus
1272 2568 1571 2654 gerendis
1608 2579 1901 2634 senectus
1937 2570 2286 2636 abstrahit)
2377 2570 2646 2655 quibus?
2685 2594 2782 2635 an

712 2666 791 2731 iis
802 2712 823 2743 ‚
870 2686 1037 2750 quae
1071 2663 1402 2728 iuventute
1436 2674 1750 2749 geruntur
1785 2674 1848 2730 et
1890 2664 2173 2741 viribus?
2241 2665 2538 2747 nullaene
2570 2665 2786 2752 igitur

709 2783 815 2827 res
850 2771 999 2827 sunt
1043 2758 1303 2835 seniles,
1350 2778 1517 2843 quae
1566 2758 1672 2823 vel
1714 2758 1980 2823 infirmis
2016 2759 2387 2845 corporibus
2423 2760 2634 2825 animo
2672 2772 2780 2825 ta-

709 2878 860 2920 men
886 2852 1447 2919 administrentur?
1481 2850 1639 2916 nihil
1668 2873 1821 2937 ergo
1849 2852 2084 2939 agebat
2112 2852 2197 2936 Q.
2217 2854 2577 2932 Maximus,
2607 2854 2778 2921 nihil

708 2949 793 3014 L.
829 2948 1097 3025 Paulus,
1132 2957 1317 3033 pater
1350 2957 1519 3024 tuus,
1556 2968 1738 3011 socer
1773 2947 1998 3033 optimi
2031 2948 2170 3024 viri,
2205 2948 2320 3012 filii
2355 2949 2520 3014 mei?
2573 2950 2782 3015 ceteri

711 3065 923 3119 senes,
968 3040 1279 3120 Fabricii,
1318 3038 1528 3120 Curii,
1577 3038 1998 3119 Coruncanii,
2053 3064 2200 3107 cum
2251 3064 2386 3108 rem
2439 3042 2782 3129 publicam

634 3158 685 3198 ιθ
712 3135 974 3203 consilio
1028 3145 1093 3201 et
1145 3136 1517 3202 auctoritate
1572 3135 2032 3214 defendebant,
2084 3136 2242 3201 nihil
2295 3136 2612 3221 agebant?
2685 3138 2782 3203 ad

707 3229 913 3316 Appii
966 3227 1225 3296 Claudii
1285 3240 1678 3296 senectutem
1741 3229 2084 3296 accedebat
2148 3230 2339 3296 etiam
2402 3241 2475 3295 ut
2537 3252 2782 3296 caecus

710 3338 908 3391 esset:
954 3336 1172 3391 tamen
1203 3325 1288 3404 is,
1334 3346 1482 3389 cum
1517 3323 1835 3389 sententia
1869 3335 2144 3390 senatus„
2163 3323 2496 3391 inclinaret
2531 3324 2616 3388 ad
2651 3347 2780 3409 pa-

710 3442 853 3487 cem
907 3442 1055 3486 cum
1104 3419 1359 3507 Pyrrho
1411 3418 1767 3503 foedusque
1819 3418 2212 3497 faciendum,
2265 3440 2398 3484 non
2449 3418 2777 3484 dubitavit

711 3514 923 3584 dicere
954 3515 1086 3594 illa,
1122 3536 1288 3601 quae
1324 3513 1614 3581 versibus
1648 3523 2022 3599 persecutus
2057 3523 2155 3579 est
2191 3512 2465 3591 Ennius,

924 3674 1054 3738 quo
1089 3652 1275 3717 vobis
1308 3660 1585 3726 mentes,
1622 3660 1837 3715 rectae
1872 3671 2040 3734 quae
2075 3661 2245 3715 stare
2282 3649 2574 3716 solebant

926 3746 1225 3821 antehac,
1263 3744 1589 3809 dementes
1626 3765 1768 3809 sese
1801 3744 2038 3811 flexere
2069 3744 2238 3809 viai?

711 3902 1049 3972 ceteraque
1100 3888 1507 3973 gravissime:
1577 3900 1802 3954 notum
1855 3890 2026 3954 enim
2088 3889 2272 3955 vobis
2325 3910 2581 3953 cannen
2637 3901 2778 3967 est3

710 3985 905 4049 etiam
957 3980 1154 4066 ipsius
1199 3982 1401 4069 Appii
1454 3993 1662 4048 exstat
1713 3981 1934 4048 orat-io.
2023 3994 2216 4069 atque
2267 3981 2428 4048 haec
2477 3980 2584 4047 ille
2633 3984 2778 4069 egit

710 4076 982 4161 septim0
1042 4076 1290 4145 decimo
1353 4098 1519 4145 anno
1580 4088 1727 4163 post
1789 4078 2059 4143 alterum
2120 4078 2548 4153 consulatum,
2612 4098 2776 4144 cum
