3292 4559
736 211 821 278 30
1346 222 1423 277 M.
1460 221 1736 285 TULLII
1769 219 2170 278 CICERONIS

644 368 699 408 98
733 348 893 416 tium
937 347 1346 432 reliquarum.
1435 345 1739 430 quocirca
1789 351 2019 430 poetae
2070 346 2140 413 in
2189 368 2427 432 magna
2479 345 2786 416 varietate

729 463 1149 527 personarum
1192 441 1385 506 etiam
1428 439 1674 506 vitiosis
1709 439 1867 523 quid
1901 439 2240 510 conveniat
2271 452 2338 506 et
2371 441 2528 523 quid
2563 441 2791 508 deceat

730 535 1070 614 videbunt3
1115 534 1299 601 nobis
1336 544 1553 600 autem
1588 556 1738 600 cum
1772 557 1812 598 a
1845 545 2076 600 natura
2109 535 2532 612 constantiae,
2569 536 2793 602 mode-

729 630 1020 708 rationis,
1092 629 1546 714 temperantiae
1560 676 1579 706 ,
1648 629 2072 697 verecundiae
2133 639 2346 714 partes
2410 628 2600 698 datae
2665 631 2794 696 sint

730 746 1006 808 cumque
1051 724 1277 792 eadem
1320 735 1550 788 natura
1594 723 1823 788 doceat
1865 744 1996 790 non
2037 725 2411 809 neglegere,
2463 745 2662 807 quem
2707 725 2794 788 ad

728 819 993 884 modum
1044 839 1163 884 nos
1217 816 1525 882 adversus
1571 815 1864 882 homines
1905 839 2234 902 geramus,
2290 816 2566 884 efficitur
2609 829 2686 884 ut
2726 831 2794 884 et

728 913 917 992 illud,
978 913 1154 996 quod
1214 912 1299 978 ad
1352 933 1607 976 omnem
1661 910 2062 979 honestatem
2113 912 2418 997 pertinet,
2482 911 2791 978 decorum

729 1028 925 1092 quam
968 1007 1095 1073 late
1140 1006 1357 1072 fusum
1402 1005 1484 1072 sit
1518 1005 1824 1090 adpareat
1857 1016 1922 1074 et
1955 1004 2104 1082 hoc,
2151 1005 2325 1088 quod
2359 1016 2689 1092 spectatur
2721 1007 2792 1070 in

726 1122 857 1166 uno
894 1122 1149 1186 quoque
1182 1123 1417 1186 genere
1452 1099 1722 1174 virtutis.
1793 1109 1868 1164 ut
1912 1099 2080 1166 enim
2116 1099 2521 1185 pulchritudo
2559 1123 2792 1186 corpo-

728 1196 815 1259 ris
870 1207 1021 1280 apta
1074 1193 1507 1278 conpositione
1558 1193 1994 1262 membrorum
2037 1203 2253 1259 movet
2293 1195 2512 1262 oculos
2563 1206 2633 1260 et
2677 1194 2788 1260 de-

727 1289 919 1355 lectat
952 1288 1075 1360 hoc
1107 1288 1271 1373 ipsc,
1306 1287 1483 1371 quod
1514 1285 1684 1354 inter
1717 1309 1787 1354 se
1823 1309 2042 1352 omnes
2078 1298 2288 1372 partes
2326 1309 2472 1356 cum
2500 1288 2788 1373 quodam

724 1383 942 1467 lepore
976 1381 1401 1458 consentiunt,
1436 1381 1529 1446 sic
1564 1381 1688 1446 hoc
1724 1380 2047 1460 decorum,
2083 1381 2258 1465 quod
2291 1381 2502 1450 elucet
2533 1383 2604 1448 in
2631 1384 2786 1461 vita,

727 1486 943 1541 movet
976 1474 1501 1560 adprobationem
1537 1497 1791 1553 eorum,
1828 1475 2216 1559 quibuscum
2249 1475 2512 1552 vivitur,
2557 1477 2786 1542 ordine

594 1591 613 1614 τ
728 1581 788 1634 et
852 1569 1207 1636 constantia
1270 1581 1334 1635 et
1394 1569 1827 1636 moderatione
1879 1570 2196 1638 dictorum
2247 1570 2534 1638 omnium
2589 1583 2784 1655 atque

534 1663 543 1676 “
593 1747 595 1750 y
638 1687 690 1726 99
727 1664 1061 1730 factorum.
1134 1663 1497 1730 adhibenda
1532 1674 1629 1730 est
1661 1663 1857 1750 igitur
1893 1665 2210 1748 quaedam
2243 1664 2600 1733 reverentia
2637 1663 2785 1751 [ad-

728 1780 949 1824 versus
984 1755 1304 1844 homines]
1342 1769 1406 1826 et
1440 1757 1666 1844 optimi
1701 1759 2010 1842 cuiusque
2045 1770 2112 1825 et
2141 1757 2552 1845 reliquorum.
2633 1784 2782 1827 nam

726 1854 1097 1939 neglegere,
1146 1855 1303 1938 quid
1346 1854 1426 1920 de
1470 1876 1541 1920 se
1584 1855 1859 1938 quisque
1895 1854 2156 1931 sentiat,
2199 1875 2331 1920 non
2363 1855 2574 1920 solum
2610 1877 2785 1922 arro-

724 1949 936 2032 gantis
982 1960 1107 2026 est,
1154 1949 1269 2014 sed
1304 1949 1495 2015 etiam
1531 1949 1790 2014 omnino
1825 1949 2136 2016 dissoluti.
2223 1960 2322 2016 est
2355 1960 2572 2016 autem
2607 1951 2785 2034 quod

726 2041 981 2106 differat
1033 2042 1103 2108 in
1152 2042 1485 2107 hominum
1528 2043 1774 2108 ratione
1818 2042 2118 2108 habenda
2157 2043 2322 2110 inter
2363 2043 2674 2108 iustitiam
2721 2056 2784 2110 et

723 2136 1203 2202 verecundiam:
1257 2136 1535 2202 iustitiae
1580 2148 1793 2222 partes
1838 2149 1988 2201 sunt
2030 2159 2159 2201 non
2194 2137 2432 2202 violare
2465 2137 2780 2215 homines,

723 2231 1145 2298 verecundiae
1178 2252 1309 2298 non
1339 2230 1696 2310 offendere3
1739 2232 1810 2298 in
1841 2253 1970 2316 quo
2006 2254 2305 2310 maxume
2342 2233 2436 2298 vis
2471 2233 2802 2318 perspici-·

722 2335 827 2388 tur
862 2324 1095 2390 decori.
1166 2324 1267 2388 his
1301 2323 1499 2410 igitur
1532 2326 1838 2411 expositis
1873 2327 2064 2411 quale
2101 2327 2184 2392 sit
2215 2326 2304 2403 id,
2339 2327 2516 2410 quod
2551 2327 2778 2397 decere

723 2417 1011 2492 dicimus,
1047 2418 1443 2484 intellectum
1474 2429 1654 2506 puto.

610 2541 687 2580 100
850 2509 1165 2576 Officium
1209 2524 1455 2590 autem,
1500 2514 1676 2596 quod
1719 2514 1804 2578 ab
1847 2537 1924 2581 eo
1961 2515 2242 2592 ducitur,
2288 2514 2453 2580 hanc
2493 2515 2777 2598 primum

719 2603 915 2672 habet
948 2604 1117 2670 viam
1130 2654 1149 2683 ,
1194 2627 1363 2690 quae
1396 2606 1656 2672 deducit
1691 2608 1775 2672 ad
1809 2608 2314 2676 convenientiam
2349 2607 2779 2673 conservatio-

718 2720 994 2783 nemque
1038 2712 1335 2778 naturae,
1388 2723 1584 2784 quam
1627 2703 1682 2766 si
1725 2724 2068 2786 sequemur
2115 2703 2372 2779 ducem,
2423 2723 2777 2786 numquam

720 2794 1157 2861 aberrabimus
1192 2817 1662 2881 sequemurque
1698 2808 1762 2864 et
1794 2797 1892 2875 id,
1929 2797 2103 2880 quod
2139 2807 2398 2862 acutum
2433 2806 2496 2862 et
2531 2795 2778 2880 perspi-

720 2910 841 2952 cax
874 2901 1105 2954 natura
1140 2901 1264 2967 est,
1300 2903 1367 2956 et
1398 2891 1495 2968 id,
1539 2891 1715 2974 quod
1751 2891 1833 2956 ad
1877 2891 2206 2956 hominum
2241 2889 2776 2958 consociationem

719 2984 1267 3051 accommodatum
1280 3032 1299 3062 ,
1339 2995 1401 3049 et
1436 2985 1533 3062 id,
1570 2985 1745 3069 quod
1780 2983 2124 3050 vehemens
2161 2995 2353 3068 atque
2388 2984 2572 3048 forte.
2661 2982 2775 3048 sed

717 3096 1021 3140 maxuma
1063 3078 1161 3142 vis
1208 3078 1423 3144 decori
1464 3079 1533 3144 in
1578 3080 1702 3146 hac
1742 3079 1910 3145 inest
1951 3091 2162 3165 parte,
2210 3079 2290 3146 de
2325 3100 2454 3162 qua
2488 3077 2776 3164 disputa-

717 3190 861 3232 mus
870 3193 888 3246 3
942 3193 1151 3256 neque
1198 3173 1366 3238 enim
1414 3174 1622 3238 solum
1670 3174 1984 3260 corporis,
2029 3175 2140 3258 qui
2183 3173 2267 3238 ad
2307 3182 2604 3239 naturam
2640 3171 2775 3256 apti

718 3274 897 3340 sunt,
944 3265 1059 3330 sed
1094 3267 1297 3332 multo
1332 3268 1523 3335 etiam
1560 3269 1765 3354 magis
1804 3269 1999 3336 animi
2033 3279 2246 3333 motus
2280 3265 2624 3353 probandi,
2663 3264 2777 3349 qui

604 3379 679 3422 101
715 3357 867 3422 item
922 3358 1005 3422 ad
1055 3371 1350 3426 naturam
1402 3363 1865 3428 accommodati
1917 3373 2084 3427 sunt.
2173 3361 2410 3447 duplex
2463 3369 2560 3424 est
2601 3359 2774 3426 enim

716 3452 813 3516 vis
858 3453 1215 3518 animorum
1264 3467 1457 3540 atque
1491 3468 1748 3521 natura:
1793 3480 1925 3522 una
1955 3478 2106 3541 pars
2141 3456 2208 3518 in
2243 3453 2530 3539 adpetitu
2564 3453 2775 3539 posita

718 3559 843 3624 est,
888 3570 1055 3633 quae
1098 3561 1196 3614 est
1242 3547 1409 3638 ὁρμή
1453 3547 1736 3627 Graece,
1783 3573 1950 3635 quae
1993 3551 2318 3618 hominem
2359 3549 2488 3614 huc
2523 3558 2586 3614 et
2614 3545 2775 3610 illuc

712 3642 909 3727 rapit,
962 3645 1161 3710 altera
1208 3644 1275 3710 in
1326 3645 1602 3723 ratione,
1657 3669 1824 3730 quae
1875 3646 2060 3711 docet
2113 3654 2178 3710 et
2229 3643 2559 3730 explanat,
2611 3639 2776 3724 quid

712 3736 1079 3802 faciendum
1128 3739 1639 3825 fugiendumque
1683 3739 1784 3808 sit.
1879 3737 1997 3824 [ita
2039 3739 2142 3816 fit,
2187 3749 2261 3803 ut
2303 3737 2464 3803 ratio
2508 3735 2776 3820 praesit,

609 3839 677 3891 29
713 3832 1033 3916 adpetitus
1078 3834 1495 3920 obtemperet.
1584 3835 1793 3902 omnis
1837 3845 2051 3900 autem
2097 3835 2262 3900 actio
2307 3853 2536 3898 vacare
2575 3829 2776 3894 debet

711 3926 1065 3994 temeritate
1100 3938 1165 3992 et
1197 3929 1604 4015 neglegentia
1638 3952 1759 3994 nec
1785 3950 1936 3994 vero
1965 3951 2156 4012 agere
2183 3928 2546 4013 quicquam,
2585 3924 2778 3988 cuius

712 4040 840 4084 non
893 4023 1091 4104 possit
1145 4045 1404 4088 causam
1454 4021 1854 4110 probabilem
1904 4023 2198 4100 reddere3
2252 4021 2410 4086 haec
2455 4029 2552 4084 est
2595 4019 2780 4084 enim
