3292 4559
668 192 673 199 ’
763 231 899 301 266
1374 242 1453 297 Μ.
1490 211 1766 297 T'ULm
1799 232 2204 293 memoms

759 370 1117 445 timiditate,
1154 364 1313 451 quid
1346 363 1656 430 abiectius
1691 359 1988 427 tarditate
2023 370 2088 425 et
2123 356 2392 423 stultitia
2419 354 2548 421 dici
2574 354 2820 440 potest?

761 466 917 551 quid
962 462 1155 548 ergo?
1224 482 1364 536 eos,
1412 459 1527 543 qui
1570 454 1839 543 singulis
1883 454 2052 519 vitiis
2097 452 2420 519 excellunt
2464 461 2580 515 aut
2629 449 2824 515 etiam

760 558 1083 647 pluribus,
1146 565 1408 641 propter
1460 553 1698 617 damna
1739 561 1853 615 aut
1903 548 2284 615 detrimenta
2335 554 2450 611 aut
2499 543 2826 609 cruciatus

762 655 1008 737 aliquos
1060 650 1329 714 miseros
1380 668 1521 713 esse
1564 645 1836 711 dicimus
1881 666 1965 708 an
2006 652 2273 729 propter
2309 640 2446 703 vim
2479 636 2827 723 turpitudi-

760 766 1039 831 nemque
1082 742 1426 809 vitiorum?
1496 740 1673 825 quod
1693 740 1870 805 item
1915 737 2000 802 ad
2042 733 2424 815 contrariam
2459 731 2726 799 laudem
2755 730 2826 795 in

668 856 720 897 ⁵2
762 842 1067 907 virtutem
1104 836 1230 903 dici
1264 843 1495 923 potest.
1582 844 1935 920 postremo,
1979 830 2036 895 si
2067 839 2330 916 propter
2361 826 2520 893 alias
2555 849 2662 892 res
2699 824 2828 889 vir-

764 949 869 1002 tns
904 932 1244 1021 expetitur,
1280 930 1507 997 melius
1542 950 1686 995 esse
1719 926 1962 1011 aliquid
1995 945 2192 1009 quam
2223 924 2525 988 virtutem
2561 940 2826 985 necesse

766 1042 893 1097 est:
928 1026 1348 1115 pecuniamne
1382 1023 1581 1109 igitur
1614 1044 1699 1089 an
1732 1021 2004 1087 honores
2039 1042 2126 1083 an
2156 1018 2433 1083 formam.
2466 1038 2552 1080 an
2577 1014 2828 1081 valetu-

766 1124 1023 1192 dinem?
1088 1144 1254 1207 quae
1300 1130 1390 1197 et,
1436 1140 1585 1184 cum
1624 1118 1886 1194 adsunt,
1909 1134 2242 1202 perparva
2273 1122 2450 1189 sunt,
2495 1120 2594 1187 et,
2629 1128 2826 1193 quam

764 1220 877 1287 diu
920 1216 1223 1283 adfutura
1264 1212 1420 1290 sint,
1480 1222 1728 1277 certum
1771 1209 1918 1275 sciri
1959 1208 2136 1273 nullo
2179 1206 2374 1271 modo
2413 1214 2662 1291 potest3
2723 1225 2825 1277 an,

762 1316 833 1380 id
876 1311 1049 1396 quod
1100 1307 1541 1393 turpissimum
1591 1305 1768 1370 dictu
1819 1314 1945 1379 est,
1997 1300 2428 1388 voluptatem?
2498 1309 2568 1365 at
2619 1298 2690 1362 in
2751 1318 2826 1361 ea

762 1406 1025 1491 quidem
1068 1400 1426 1486 spernenda
1462 1411 1527 1465 et
1558 1398 1958 1485 repudianda
1991 1396 2196 1461 virtus
2227 1394 2332 1461 vel
2365 1392 2658 1458 maxime
2689 1413 2828 1457 cer-

762 1500 953 1565 nitur.

895 1590 1031 1659 Sed
1072 1588 1395 1654 'videtisne
1440 1595 1683 1671 quanta
1727 1584 1922 1650 series
1969 1605 2188 1649 rerum
2237 1581 2826 1663 sententiarumtlue

764 1688 847 1753 sit
882 1698 1075 1770 atque
1108 1694 1185 1749 ut
1216 1706 1299 1748 ex
1334 1683 1460 1747 alio
1497 1680 1623 1745 alia
1653 1678 2032 1745 nectantur?
2062 1676 2222 1762 quin
2251 1675 2520 1741 labebar
2545 1674 2822 1761 longius,

659 1790 731 1845 20
762 1781 889 1846 nisi
939 1802 1043 1845 me
1094 1776 1519 1843 retinuissem.
1614 1773 1687 1855 Q.
1751 1772 1903 1855 Quo
1955 1770 2254 1837 tandem?
2303 1769 2578 1835 libenter
2631 1768 2824 1845 enim,

764 1876 991 1950 frater,
1035 1876 1069 1955 †
1116 1871 1289 1957 quod
1340 1870 1529 1935 istam
1582 1867 1936 1933 orationem
1985 1877 2200 1932 tecum
2251 1863 2642 1951 prolaberer.
2731 1864 2822 1927 Μ.

762 1970 876 2034 Ad
926 1970 1121 2034 finem
1166 1967 1519 2042 bonorum,
1574 1984 1704 2047 quo
1746 1962 2111 2028 referuntur
2155 1971 2222 2026 et
2263 1959 2448 2025 cuius
2493 1958 2822 2045 apiscendi

764 2086 959 2131 causa
994 2074 1143 2129 sunt
1176 2061 1474 2127 facienda
1508 2059 1751 2136 omnia,
1787 2068 2261 2123 controversam
2295 2076 2432 2121 rem
2464 2065 2530 2119 et
2560 2054 2818 2141 plenam

764 2158 1174 2227 dissensionis
1225 2158 1393 2222 inter
1442 2154 1840 2221 doctissimos
1854 2200 1875 2229 ,
1925 2152 2043 2218 sed
2093 2151 2436 2235 aliquando
2477 2149 2613 2214 iam
2656 2148 2820 2214 iudi-

666 2270 720 2311 68
765 2254 1058 2319 caudam.
1146 2253 1279 2317 Act.
1343 2250 1479 2331 Qui
1520 2250 1689 2314 istuc
1729 2247 1868 2313 fieri
1909 2256 2122 2333 potest
2153 2245 2238 2310 L.
2275 2243 2489 2311 Gellio
2524 2244 2816 2309 mortuo?

760 2350 853 2413 M.
918 2346 1098 2429 Quid
1150 2345 1409 2410 tandem
1457 2344 1531 2409 id.
1578 2344 1666 2409 ad
1721 2343 1898 2410 rem?
1964 2345 2096 2407 Act.
2161 2340 2490 2423 Quoniam
2541 2340 2814 2406 Athenis

761 2440 984 2505 audire
1045 2462 1127 2503 ex
1176 2438 1479 2502 Phaedro
1536 2460 1686 2503 meo
1739 2436 2002 2503 memini
2055 2434 2372 2511 Gellium,
2437 2434 2813 2500 familiarem

760 2542 970 2608 tuum,
1014 2552 1161 2595 cum
1208 2552 1325 2615 pro
1370 2530 1631 2595 consule
1677 2554 1758 2597 ex
1791 2540 2090 2617 praetura
2121 2529 2190 2594 in
2227 2526 2574 2595 Graeciam
2607 2528 2814 2593 venis-

761 2635 884 2703 set,
918 2622 1194 2689 Athenis
1228 2618 1664 2709 philosophos,
1699 2624 1814 2708 qui
1847 2634 1986 2689 tum
2021 2632 2222 2699 erant,
2263 2621 2332 2686 in
2363 2622 2583 2687 locum
2615 2642 2812 2687 unum

762 2739 1147 2786 convocasse
1203 2716 1487 2802 ipsisque
1536 2740 1776 2805 magno
1827 2738 2020 2803 opere
2073 2727 2400 2783 auctorem
2451 2714 2687 2793 fuisse,
2745 2726 2812 2779 ut

761 2814 1106 2899 aliquando
1174 2812 1750 2879 controversiarum
1817 2812 2096 2895 aliquem
2165 2811 2456 2877 facerent
2523 2809 2812 2875 modum:

758 2910 937 2992 quod
987 2908 1045 2973 si
1096 2919 1309 2974 essent
1360 2929 1436 2972 eo
1482 2908 1726 2985 animo,
1779 2918 1854 2971 ut
1895 2906 2139 2972 nollent
2183 2916 2462 2972 aetatem
2497 2904 2562 2969 in
2599 2904 2816 2969 litibus

761 3012 1116 3079 conterere,
1162 3022 1351 3086 posse
1393 3024 1530 3066 rem
1574 3000 1942 3078 convenire,
1987 3011 2054 3065 et
2096 3000 2288 3065 simul
2333 3019 2601 3084 operam
2635 3020 2815 3063 suam

758 3093 885 3157 illis
920 3116 1061 3157 esse
1094 3096 1471 3179 pollicitum,
1504 3094 1560 3159 si
1593 3106 1812 3180 posset
1843 3093 2010 3159 inter
2043 3116 2158 3159 eos
2183 3092 2426 3178 aliquid
2453 3092 2815 3159 convenire.

757 3186 851 3251 M.
907 3185 1201 3252 Ioculare
1244 3189 1413 3255 istuc
1452 3188 1744 3275 quidem,
1786 3186 2139 3274 Pomponi,
2187 3198 2254 3253 et
2286 3210 2327 3251 a
2359 3186 2580 3252 multis
2625 3208 2817 3271 saepe

760 3279 1069 3345 derisum:
1124 3282 1239 3347 sed
1282 3304 1405 3369 ego
1448 3284 1637 3369 plane
1679 3284 1911 3349 vellem
1956 3304 2061 3347 me
2109 3282 2420 3347 arbitrum
2453 3281 2624 3346 inter
2655 3281 2820 3345 anti-

756 3395 953 3458 quam
998 3376 1419 3442 Academiam
1464 3388 1530 3442 et
1573 3376 1904 3443 Zenonem
1949 3377 2190 3443 datum.
2279 3378 2413 3442 Aa.
2471 3374 2626 3457 Quo
2679 3386 2821 3443 tan-

758 3468 906 3533 dem
948 3470 1115 3535 istuc
1158 3472 1391 3536 modo?
1457 3473 1550 3536 Μ.
1617 3470 1792 3553 Quia
1833 3470 1914 3537 de
1961 3493 2031 3540 re
2073 3494 2205 3537 una
2241 3472 2450 3537 solum
2485 3470 2816 3547 dissident,

758 3562 839 3627 de
874 3563 1099 3629 ceteris
1132 3565 1397 3630 mirifice
1434 3577 1816 3651 congruunt.
1904 3570 2039 3630 Aa.
2082 3565 2220 3629 Ain
2255 3564 2560 3630 tandem?
2604 3586 2816 3629 unane

662 3678 715 3720 54
758 3664 857 3720 est
906 3657 1112 3721 solum
1166 3658 1475 3723 dissensio
1488 3658 1519 3722 ’ἓ
1584 3661 1680 3723 Μ.
1743 3658 1932 3742 Quae
1985 3658 2247 3743 quidem
2299 3659 2384 3723 ad
2435 3682 2578 3725 rem
2621 3658 2820 3744 perti-

754 3760 933 3827 neat,
985 3770 1145 3816 una:
1198 3753 1436 3839 quippe
1488 3776 1639 3818 cum
1681 3754 1928 3837 antiqui
1969 3776 2189 3832 omne,
2237 3754 2414 3840 quod
2458 3755 2820 3822 secundum

752 3852 1050 3908 naturam
1101 3856 1269 3910 esset
1322 3858 1379 3909 et
1430 3868 1560 3929 quo
1612 3846 1980 3913 iuvaremur
2029 3848 2098 3912 in
2150 3848 2309 3925 vita,
2371 3848 2622 3912 bonum
2675 3870 2816 3913 esse

754 3932 1175 4015 decreverint,
1226 3938 1333 4003 hic
1382 3940 1545 4003 nihil
1582 3939 1708 4005 nisi
1751 3942 1928 4025 quod
1970 3941 2313 4007 honestum
2357 3951 2528 4007 essct
2569 3940 2816 4027 putarit

754 4020 1013 4089 bonum.
1104 4033 1230 4094 Ate.
1292 4030 1576 4097 Parvum
1620 4054 1776 4099 vero
1812 4035 2306 4105 controversiam
2345 4034 2500 4101 dicis
2510 4082 2531 4113 ,
2579 4046 2647 4101 at
2683 4056 2815 4100 non
