3292 4559
1266 264 1602 322 LAELIUS
1637 265 1880 321 34-41.
2514 250 2643 319 275

583 392 718 469 sed,
757 392 809 457 si
848 390 1179 465 voluisset,
1216 389 1611 476 paruissem?
1703 388 1933 455 videtis
1969 410 2165 472 quam
2198 386 2446 455 nefaria
2480 389 2638 456 vox!

583 497 654 553 et
687 486 944 553 hercule
976 484 1067 549 ita
1101 483 1276 562 fecit,
1310 486 1413 551 vel
1447 484 1594 571 plus
1625 484 1820 550 etiam
1843 506 2042 570 quam
2076 484 2267 562 dixit3
2302 505 2432 550 non
2467 485 2639 551 enim

584 582 796 668 paruit
839 580 946 647 ille
991 579 1092 645 Ti.
1132 578 1414 647 Gracchi
1457 579 1828 657 temeritati,
1883 578 1999 645 sed
2041 578 2350 666 praefuit,
2402 600 2523 646 nec
2566 602 2635 645 se

578 677 880 742 comitem
922 675 1092 743 illius
1127 673 1392 753 furoris,
1437 674 1552 740 sed
1587 674 1819 740 ducem
1862 674 2176 760 praebuit.
2262 672 2481 758 itaque
2515 673 2639 739 hac

579 771 860 836 amentia
904 769 1276 854 quaestione
1317 790 1489 835 nova
1538 768 1912 854 perterritus
1954 769 2023 832 in
2057 768 2289 833 Asiam
2331 767 2637 855 profugit,

577 866 665 931 ad
700 864 902 933 hostis
945 887 1016 931 se
1063 862 1357 939 contulit,
1410 884 1653 949 poenas
1695 863 1791 929 rei
1823 862 2121 948 publicae
2154 862 2371 947 gravis
2405 862 2639 929 iustas-

577 981 708 1044 que
744 958 1070 1044 persolvit.
1123 957 1300 1023 nulla
1334 968 1432 1023 est
1464 956 1664 1043 igitur
1699 956 2024 1023 excusatio
2056 956 2324 1042 peccati,
2361 957 2415 1021 si
2451 958 2639 1023 amici

579 1075 780 1118 causa
806 1050 1202 1138 peccaveris3
1237 1073 1408 1129 nam,
1445 1072 1593 1117 cum
1621 1048 2017 1115 conciliatrix
2043 1047 2359 1115 amicitiae
2387 1050 2636 1115 virtutis

583 1146 798 1232 opinio
835 1145 1054 1224 fuerit,
1102 1144 1362 1213 difficile
1397 1157 1494 1210 est
1528 1145 1872 1211 amicitiam
1908 1168 2196 1223 manere,
2241 1145 2295 1209 si
2332 1168 2371 1210 a
2404 1145 2639 1212 virtute

583 1239 913 1307 defeceris.
975 1228 1195 1326 fsquod
1247 1240 1303 1305 si
1361 1250 1609 1307 rectum
1660 1240 2071 1307 statuerimus
2122 1240 2227 1306 vel
2290 1241 2637 1307 concedere
2681 1252 2732 1293 ³8

580 1335 803 1401 amicis
839 1334 1145 1420 quicquid
1179 1335 1379 1401 velint
1410 1336 1515 1401 vel
1550 1335 1893 1423 impetrare
1929 1336 2012 1401 ab
2056 1334 2135 1400 iis
2184 1334 2492 1419 quicquid
2526 1358 2637 1401 ve-

580 1429 804 1505 limus,
855 1428 1143 1514 perfecta
1177 1429 1438 1513 quidem
1483 1429 1798 1516 sapientia
1830 1430 1886 1494 si
1927 1429 2157 1506 simus,
2209 1430 2368 1496 nihil
2402 1430 2635 1496 habeat

581 1546 683 1589 res
709 1522 868 1599 vitii,
903 1524 1018 1590 sed
1051 1524 1373 1609 loquimur
1401 1524 1480 1591 de
1515 1524 1594 1590 iis
1621 1523 1862 1603 amicis,
1898 1525 2010 1610 qui
2037 1536 2184 1590 ante
2212 1526 2429 1591 oculos
2466 1537 2635 1601 sunt,

582 1638 744 1700 quos
780 1616 1056 1683 vidimus
1093 1630 1204 1683 aut
1249 1618 1330 1685 de
1365 1618 1600 1704 quibus
1632 1619 2010 1685 memoriam
2045 1618 2407 1703 accepimus
2420 1666 2439 1695 ,
2475 1639 2635 1701 quos

580 1711 761 1775 novit
795 1710 927 1776 vita
961 1712 1346 1777 communis:
1393 1735 1476 1778 ex
1517 1711 1640 1777 hoc
1675 1734 1941 1778 numero
1976 1712 2161 1776 nobis
2198 1711 2494 1796 exempla
2529 1733 2637 1775 su-

583 1804 816 1869 menda
860 1814 1036 1882 sunt,
1092 1815 1156 1870 et
1190 1826 1409 1871 eorum
1453 1804 1716 1889 quidem
1750 1806 2055 1881 maxime,
2109 1806 2220 1888 qui
2258 1806 2343 1869 ad
2385 1805 2636 1890 sapien-

579 1898 738 1963 tiam
790 1918 1102 1983 proxume
1154 1898 1486 1964 accedunt.
1594 1899 1889 1964 videmus
1940 1898 2296 1964 Aemilium
2349 1898 2635 1965 Luscino
2679 1910 2729 1950 3⁹

585 1990 970 2057 familiarem
1004 1990 1204 2058 fuisse
1221 2028 1310 2039 -—
1326 1992 1417 2058 sic
1453 2016 1493 2057 a
1525 1991 1815 2080 patribus
1853 1992 2213 2079 accepimus
2230 2028 2344 2070 —-,
2379 1993 2480 2057 bis
2506 2016 2639 2060 una

583 2085 898 2163 consules,
937 2086 1214 2173 collegas
1249 2086 1319 2151 in
1353 2107 1652 2163 censura3
1700 2096 1837 2151 tum
1858 2097 1936 2152 et
1971 2110 2120 2153 cum
2154 2086 2231 2151 iis
2268 2097 2334 2153 et
2352 2078 2532 2153 'inter
2568 2111 2636 2154 se

585 2177 1132 2246 coniunctissimos
1168 2179 1367 2246 fuisse
1391 2180 1513 2246 Μ’.
1537 2177 1828 2258 Curium,
1868 2181 1969 2246 Ti.
1992 2178 2472 2247 Coruncanium
2503 2205 2638 2247 me·-

581 2273 822 2340 moriae
866 2273 1190 2361 proditum
1235 2284 1358 2340 est:
1410 2273 1610 2361 igitur
1641 2297 1725 2340 ne
1761 2276 2074 2362 suspicari
2114 2275 2375 2359 quidem
2408 2298 2637 2362 possu-

581 2391 725 2434 mus
760 2390 1149 2453 quemquam
1192 2369 1421 2443 horum
1465 2370 1549 2435 ab
1585 2369 1792 2435 amico
1839 2370 2170 2456 quippiam
2214 2371 2633 2447 contendisse,

579 2464 758 2548 quod
811 2474 1031 2529 contra
1086 2463 1309 2542 fidem,
1372 2475 1595 2530 contra
1644 2464 1748 2529 ius
1801 2464 2173 2539 iurandum,
2227 2476 2447 2531 contra
2497 2488 2633 2530 rem

575 2559 904 2644 publicam
948 2568 1135 2625 esset.
1223 2582 1375 2625 nam
1418 2558 1543 2625 hoc
1589 2559 1851 2643 quidem
1892 2559 1961 2624 in
2006 2558 2241 2624 talibus
2277 2559 2429 2624 viris
2478 2561 2635 2643 quid

575 2651 805 2718 attinet
839 2652 1082 2729 dicere,
1119 2652 1173 2717 si
1211 2654 1669 2731 contendisset,
1704 2652 2195 2739 impetraturum
2228 2676 2361 2719 non
2394 2653 2633 2720 fuisse?

579 2768 728 2811 cum
763 2746 855 2810 illi
901 2746 1284 2821 sanctissimi
1325 2747 1448 2813 viri
1491 2747 1761 2825 fuerint,
1816 2769 2019 2831 aeque
2064 2758 2280 2813 autem
2323 2747 2507 2813 nefas
2552 2749 2633 2813 sit

579 2839 706 2904 tale
759 2838 1000 2922 aliquid
1046 2850 1110 2903 et
1162 2840 1373 2906 facere
1425 2853 1723 2927 rogatum
1771 2851 1835 2908 et
1882 2864 2132 2927 rogare.
2221 2853 2289 2907 at
2330 2863 2483 2908 vero
2528 2842 2629 2906 Ti.

584 2930 954 2998 Gracchum
1008 2934 1440 3018 sequebantur
1476 2934 1555 3001 O.
1593 2934 1843 3014 Carb0,
1898 2934 1976 3002 C.
2014 2934 2213 3015 Cato,
2265 2947 2329 3004 et
2371 2937 2631 3002 minime

583 3037 719 3091 tum
764 3026 1023 3109 quidem
1061 3024 1266 3092 Gaius
1308 3028 1536 3108 frater,
1587 3052 1761 3096 nunc
1803 3030 1976 3097 idem
2021 3032 2384 3099 acerrimus.
2393 3004 2438 3117 s
2470 3032 2631 3098 haec
2666 3031 2733 3083 12

575 3120 777 3206 igitur
825 3119 933 3186 lex
978 3121 1047 3186 in
1092 3119 1370 3188 amicitia
1415 3124 1762 3203 sanciatur,
1816 3135 1890 3191 ut
1929 3147 2140 3210 neque
2184 3149 2483 3213 rogemus
2527 3149 2629 3192 res
2674 3102 2729 3142 ⁴⁰

579 3215 782 3301 turpis
817 3236 939 3281 nec
973 3214 1285 3281 faciamus
1328 3220 1565 3304 rogati3
1610 3218 1813 3307 turpis
1858 3220 2029 3286 enim
2064 3222 2389 3286 excusatio
2426 3231 2525 3286 est
2568 3231 2768 3325 πη

575 3310 838 3375 minime
883 3309 1254 3397 accipienda
1299 3334 1446 3376 cum
1487 3313 1555 3378 in
1599 3314 1825 3379 ceteris
1861 3314 2167 3400 peccatiS,
2213 3325 2351 3379 tum
2397 3315 2451 3379 si
2486 3314 2631 3397 quis

579 3414 800 3469 contra
848 3426 986 3469 rem
1038 3405 1362 3490 publicam
1417 3429 1485 3472 se
1547 3408 1737 3473 amici
1790 3431 1983 3473 causa
2043 3407 2272 3473 fecisse
2333 3407 2629 3472 fateatur.

579 3496 816 3563 etenim
853 3519 928 3563 eo
962 3498 1133 3577 loce,
1168 3498 1380 3565 Fanni
1416 3510 1481 3565 et
1515 3499 1859 3579 Scaevola,
1894 3501 2087 3566 locat-i
2122 3524 2372 3578 sumus,
2408 3511 2482 3565 ut
2514 3522 2630 3566 nos

577 3589 770 3677 longe
831 3592 1194 3679 prospicere
1257 3604 1545 3680 oporteat
1604 3594 1854 3660 futuros
1910 3616 2097 3659 casus
2149 3595 2246 3660 rei
2303 3594 2629 3681 publicae:

577 3684 836 3751 deflexit
867 3686 998 3751 iam
1033 3686 1499 3772 aliquantulum
1535 3687 1616 3755 de
1652 3688 1856 3776 spatio
1894 3689 2335 3773 curriculoque
2365 3710 2631 3754 consue-

581 3777 735 3843 tudo
771 3782 1105 3847 maiorum.
1195 3782 1296 3846 Ti.
1336 3780 1673 3850 Gracchus
1707 3804 1979 3867 regnum
2015 3804 2329 3869 occupare
2364 3791 2627 3848 conatus
2670 3803 2725 3843 ιι

577 3882 708 3949 est,
760 3874 864 3939 vel
912 3876 1207 3961 regnavit
1257 3876 1313 3943 is
1357 3876 1616 3962 quidem
1660 3899 1899 3963 paucos
1942 3900 2222 3943 menses:
2276 3900 2432 3942 num
2474 3876 2631 3960 quid

580 3964 786 4032 simile
811 3969 1083 4053 populus
1101 3970 1432 4037 Romanus
1463 3972 1754 4037 audierat
1782 3984 1889 4037 aut
1920 3971 2204 4039 viderat?
2238 3972 2411 4037 hunc
2439 3972 2629 4037 etiam

579 4067 725 4143 post
767 4071 1034 4127 mortem
1079 4066 1281 4131 secuti
1327 4066 1517 4132 amici
1561 4077 1625 4133 et
1667 4066 2007 4153 propinqui
2055 4067 2211 4153 quid
2254 4067 2323 4133 in
2364 4065 2444 4132 P.
2484 4064 2629 4133 Sci·-

2173 4168 2241 4223 18
2261 4170 2285 4197 *
