3292 4559
1101 253 1210 308 m:
1247 251 1574 311 Orneus
1611 253 1657 308 ι.
1698 253 1937 308 ‘ze—84.
1994 239 2011 353 ι’
2386 231 2391 242 “
2450 236 2537 304 25

487 401 612 468 que
655 379 939 454 fidentis3
987 369 1227 442 tem'ere
1260 388 1478 442 autem
1510 376 1578 440 in
1611 377 1749 440 acie
1786 374 2026 440 versari
2062 386 2127 439 et
2162 397 2358 440 manu
2393 396 2540 439 cum

487 477 670 541 hoste
709 471 1049 556 confligere
1083 470 1340 536 inmane
1377 470 1685 554 quiddam
1720 482 1785 536 et
1820 470 2155 548 beluarum
2192 469 2395 534 simile
2426 479 2541 543 est,

486 569 603 633 sed
665 589 811 632 cum
872 575 1126 649 tempus
1187 564 1661 648 necessitasque
1714 564 2025 650 postulat,
2088 561 2541 628 decertandum
2592 579 2597 588 ’

488 685 683 726 manu
726 670 822 725 est
869 671 935 723 et
977 679 1147 723 mors
1195 658 1486 723 servituti
1529 657 2038 744 turpitudinique
2074 655 2557 742 anteponenda..

485 755 569 820 de
613 749 972 819 evertendis
1020 762 1234 833 autem
1271 752 1773 839 diripiendisque
1809 752 2076 816 urbibus
2112 750 2300 815 valde
2338 750 2543 826 consi-
2586 803 2613 842 8

488 848 843 913 derandum
888 857 988 911 est
1018 870 1102 912 ne
1139 846 1296 930 quid
1331 858 1598 924 temere,
1637 870 1719 913 ne
1755 846 1913 930 quid
1946 845 2313 921 crudeliter3
2349 844 2544 927 idque

487 955 588 1008 est
620 941 740 1006 viri
777 940 1017 1025 magni,
1053 940 1244 1005 rebus
1282 941 1537 1026 agitatis
1567 941 1797 1025 punire
1822 939 2043 1014 sontis,
2077 937 2547 1002 multitudinem

481 1055 889 1112 conservare,
925 1033 993 1096 in
1027 1033 1204 1098 omni
1237 1033 1498 1098 fortuna
1528 1044 1705 1098 recta
1739 1045 1929 1116 atque
1958 1032 2227 1098 honesta
2254 1031 2545 1099 retinere.

490 1138 564 1192 ut
609 1127 782 1192 enim
825 1142 1004 1204 sunt,
1051 1149 1256 1212 quem
1289 1127 1372 1192 ad
1415 1127 1683 1194 modum
1718 1149 1915 1213 supra
1948 1126 2103 1202 dixi,
2138 1126 2251 1209 qui
2284 1125 2547 1192 urbanis

489 1221 686 1286 rebus
738 1219 1004 1286 bellicas
1058 1231 1478 1308 anteponant,
1531 1222 1624 1288 sic
1658 1221 1948 1331 reperias
1994 1220 2259 1314 multos,
2313 1219 2547 1304 quibus

489 1314 852 1400 periculosa
897 1325 961 1380 et
1006 1315 1216 1381 calida
1259 1317 1523 1382 consilia
1567 1316 1797 1401 quietis
1842 1328 1907 1382 et
1940 1305 2235 1402 cogitatis
2270 1314 2549 1400 splendi-

489 1409 672 1476 diora
727 1420 792 1474 et
839 1409 1086 1474 maiora
1137 1409 1494 1487 videantur.
1582 1431 1937 1494 numquam
1980 1410 2238 1474 omnino
2282 1408 2549 1495 periculi

489 1502 652 1588 fuga
693 1503 1218 1569 committendum
1263 1515 1362 1570 est
1407 1517 1480 1571 ut
1521 1505 1790 1572 inbelles
1824 1504 2160 1588 timidique
2195 1503 2547 1579 videamur,

484 1595 606 1660 sed
659 1596 1038 1682 fugiendum
1079 1598 1243 1663 illud
1294 1600 1514 1677 etiam,
1565 1623 1648 1665 ne
1694 1598 2039 1665 offeramus
2089 1620 2207 1663 nos
2236 1592 2548 1682 *peric‘ulis

487 1690 628 1754 sine
664 1711 878 1767 causa,
915 1711 1044 1774 quo
1081 1713 1222 1758 esse
1256 1692 1416 1758 nihil
1447 1704 1661 1778 potest
1695 1693 1969 1758 stultius.
2058 1700 2449 1776 quapropter
2479 1690 2548 1754 in

491 1783 803 1846 adeundis
851 1783 1149 1868 periculis
1197 1786 1590 1852 consuetudo
1633 1786 1949 1852 imitanda
1990 1785 2383 1850 medicorum
2428 1794 2546 1864 est,

493 1874 605 1958 qui
640 1875 864 1940 leviter
899 1879 1291 1962 aegrotantis
1326 1879 1558 1944 leniter
1593 1890 1847 1954 curant,
1893 1878 2297 1964 gravioribus
2334 1889 2548 1944 autem

491 1968 730 2032 morbis
781 1969 1174 2054 periculosas
1225 1973 1584 2050 curationes
1629 1984 1696 2039 et
1740 1973 2047 2058 ancipites
2094 1972 2397 2038 adhibere
2442 1994 2549 2037 co-

491 2073 752 2147 guntur.
839 2083 970 2146 qua
1003 2087 1072 2130 re
1105 2065 1174 2130 in
1209 2066 1548 2149 tranquillo
1584 2078 2029 2152 tempestatem
2068 2066 2403 2132 adversam
2437 2088 2551 2151 op-

493 2169 627 2220 tare
681 2155 992 2222 dementis
1047 2171 1172 2238 est,
1236 2160 1580 2228 subvenire
1633 2172 1851 2226 autem
1905 2161 2269 2246 tempestati
2313 2161 2550 2244 quavis

494 2250 736 2318 ratione
771 2251 1106 2336 sapientis,
1155 2276 1358 2338 eoque
1391 2255 1631 2340 magis,
1681 2255 1737 2320 si
1769 2255 1915 2341 plus
1950 2255 2321 2340 adipiscare
2335 2277 2403 2322 re
2440 2279 2551 2320 ex-

493 2343 727 2428 plicata
772 2344 921 2410 boni
963 2368 1159 2431 quam
1205 2347 1582 2420 addubitata
1625 2350 1797 2416 mali.
1884 2350 2284 2435 periculosae
2336 2360 2551 2416 autem

493 2460 706 2502 rerum
741 2439 1020 2506 actiones
1057 2443 1287 2528 partim
1315 2444 1393 2508 iis
1419 2455 1590 2522 sunt,
1627 2445 1743 2528 qui
1768 2467 1879 2510 eas
1909 2445 2285 2531 suscipiunt,
2320 2443 2553 2530 partim

491 2531 588 2596 rei
619 2531 942 2644 publicae-3
987 2535 1272 2622 itemque
1309 2538 1420 2604 alii
1453 2539 1532 2605 de
1567 2539 1721 2616 vita,
1758 2539 1869 2604 alii
1901 2539 1982 2604 de
2016 2538 2223 2626 gloria
2254 2549 2321 2604 et
2355 2539 2549 2604 bene-

493 2625 772 2692 volentia
807 2627 1044 2696 civium
1077 2631 1146 2696 in
1181 2632 1524 2700 discrimen
1557 2644 1887 2700 vocantur.
1977 2633 2399 2719 promptiores
2430 2632 2552 2718 igi-

495 2736 598 2782 tur
635 2719 942 2786 debemus
978 2747 1118 2790 esse
1155 2727 1239 2790 ad
1272 2738 1492 2792 nostra
1524 2727 1814 2812 pericula
1844 2749 2043 2812 quam
2078 2727 2161 2794 ad
2188 2726 2553 2792 communia

497 2811 926 2898 dimicareque
971 2820 1254 2902 paratius
1301 2821 1382 2886 de
1416 2821 1658 2887 honore
1695 2832 1758 2886 et
1792 2821 2000 2906 gloria
2032 2843 2230 2905 quam
2266 2820 2347 2887 de
2384 2831 2552 2888 cete-

495 2903 582 2966 ris
619 2908 989 2972 commodis.
1082 2912 1326 2980 inventi
1361 2925 1578 2979 autem
1609 2916 1797 2980 multi
1831 2929 2007 2991 sunt,
2050 2916 2164 2998 qui
2196 2937 2330 2980 non
2360 2914 2550 2980 modo

495 2999 864 3082 pecuniam,
909 3004 1026 3068 sed
1070 3006 1262 3070 etiam
1297 3009 1496 3072 vitam
1529 3009 1917 3094 profundere
1952 3032 2069 3096 pro
2105 3010 2313 3096 patria
2345 3010 2551 3096 parati

497 3104 730 3170 essent,
764 3095 938 3162 idem
971 3099 1212 3183 gloriae
1247 3101 1558 3168 iacturam
1591 3126 1675 3168 ne
1698 3104 2029 3170 minimam
2054 3103 2315 3189 quidem
2338 3105 2551 3170 facere

497 3188 764 3268 vellent,
809 3213 893 3256 ne
937 3215 1006 3258 re
1049 3195 1310 3278 publica
1352 3197 1614 3281 quidem
1655 3200 2045 3284 postulante,
2089 3210 2161 3264 ut
2198 3197 2553 3264 Callicrati-

497 3281 632 3360 das,
669 3284 802 3368 qui,
838 3307 986 3351 cum
1021 3287 1685 3358 Lacedaemoniorum
1720 3293 1853 3358 dux
1888 3293 2115 3358 fuisset
2146 3293 2549 3378 Peloponne-

496 3374 667 3440 siaco
704 3378 873 3446 bello
905 3383 1236 3466 multaque
1263 3384 1522 3451 fecisset
1545 3387 1825 3473 egregie,
1864 3389 2053 3452 vertit
2080 3387 2167 3452 ad
2196 3398 2551 3452 extremum

497 3469 740 3548 omnia,
787 3494 934 3542 cum
977 3478 1242 3542 consilio
1287 3500 1420 3544 non
1455 3481 1668 3566 paruit
1703 3503 1953 3556 eorum,
1996 3481 2108 3564 qui
2152 3481 2423 3546 classem
2467 3480 2551 3545 ab

495 3563 842 3649 Arginusis
879 3572 1336 3637 removendam
1369 3597 1490 3640 nec
1525 3596 1674 3640 cum
1710 3573 2217 3641 Atheniensibus
2244 3573 2551 3640 dimican-

499 3658 653 3722 dum
719 3663 1064 3745 putabant3
1135 3667 1372 3750 quibus
1442 3669 1550 3736 ille
1611 3668 1941 3754 respondit
2001 3668 2548 3734 Lacedaemonios

500 3753 698 3818 classe
731 3756 844 3823 illa
879 3761 1112 3826 amissa
1147 3762 1338 3828 aliam
1374 3786 1599 3848 parare
1633 3785 1855 3850 posse,
1890 3787 1960 3833 se
1994 3763 2223 3849 fugere
2258 3763 2395 3828 sine
2430 3783 2549 3828 suo

501 3847 808 3917 dedecore
843 3875 973 3919 non
1007 3878 1214 3942 posse.
1303 3869 1496 3941 atque
1530 3857 1691 3924 haec
1725 3858 1987 3942 quidem
2020 3856 2553 3924 Lacedaemoniis

500 3942 694 4028 plaga
745 3949 1106 4028 mediocris,
1159 3953 1270 4018 illa
1320 3952 1651 4038 pestifera,
1700 3975 2055 4036 qua,cu1n
2100 3950 2549 4018 Cleombrotus

498 4040 806 4115 ‚invidiam
862 4045 1090 4112 timens
1126 4057 1381 4116 ,temere
1434 4071 1582 4114 cum
1632 4048 2087 4135 Epaminonda
2138 4047 2546 4124 conflixisset,

2577 731 2648 784 24

2612 803 2638 842 8

2587 2941 2638 2980 84
