3292 4559
691 2209 727 2320 nab-⁸

788 229 917 300 148
1404 239 1481 296 Μ,
1518 236 1794 294 TULLII
1819 235 2229 297 CICERONIS

785 361 1050 432 13—23).
1122 359 1313 430 Scipio
1345 358 1519 430 igitur
1550 358 1622 428 (c.
1651 358 1748 428 24)
1781 357 2011 414 tandem
2046 357 2338 413 exordiens
2367 357 2616 428 primum
2653 357 2842 413 definit

784 439 1071 496 notionem
1084 438 1169 492 rei
1186 436 1471 507 publicae,
1500 451 1672 508 quam
1689 433 1830 489 dicit
1843 451 1968 489 esse
1983 451 2104 490 rem
2119 435 2334 505 populi,
2361 435 2640 525 populum
2659 442 2842 490 autem

786 521 1007 573 coetum
1030 515 1407 570 multitudinis
1432 530 1714 569 consensu
1737 512 1874 567 iuris
1899 519 1960 568 et
1980 513 2244 567 utilitatis
2260 529 2652 570 commumone
2669 530 2842 570 socia·

784 599 905 650 tum
938 593 1013 664 (e.
1040 593 1153 665 25).
1220 591 1447 646 Deinde
1484 607 1704 645 omnem
1735 606 1856 644 rem
1887 589 2198 660 publicam,
2235 589 2354 645 sive
2387 607 2436 678 a·
2454 607 2598 679 rege
2626 591 2746 646 sive
2772 592 2844 646 ab

786 669 1149 741 optimatibus
1174 668 1291 724 sive
1318 669 1393 723 ab
1418 669 1543 738 ipso
1566 666 1779 738 populo
1807 666 2247 736 administretur,
2283 667 2516 722 consilio
2533 669 2846 740 regendam

786 765 911 806 esse
928 753 1139 804 censet.
1210 747 1359 801 Tum
1384 747 1766 818 interrogatus
1782 762 1819 799 a
1835 744 2038 800 Laelio
2055 761 2224 815 quam
2241 746 2314 801 de
2327 745 2512 800 tribus
2525 745 2652 800 istis
2669 746 2846 802 admi·

784 827 1113 882 nistrandae
1146 825 1299 879 illius
1330 824 1527 879 formis
1562 823 1832 894 optimam
1865 823 2080 878 iudicet
2107 823 2324 879 nullam
2349 841 2544 880 earum
2569 825 2682 881 sibi
2705 827 2848 880 satis

782 904 977 960 facere
998 902 1329 974 respondet,
1366 901 1467 956 sed
1493 907 1752 972 quartam
1777 901 2060 970 quandam
2083 906 2456 971 temperatam
2482 908 2544 956 et
2567 903 2844 991 composi-

782 987 903 1037 tam
922 998 991 1037 ex
1008 981 1263 1036 omnibus
1308 979 1381 1050 (c.
1402 977 1515 1050 29).
1566 979 1824 1034 Instante
1842 984 2033 1033 autem
2047 978 2274 1046 Laelio,
2302 985 2368 1034 ut
2383 995 2556 1048 quam
2573 979 2646 1034 de
2661 979 2846 1034 tubus

782 1057 897 1112 illis
925 1057 1420 1113 administrationis
1442 1055 1758 1110 rationibus
1783 1055 2020 1110 maxime
2043 1055 2248 1127 probet
2269 1061 2464 1126 aperte
2487 1053 2840 1126 profiteamr,

782 1136 1000 1207 regiam
1022 1134 1252 1204 reliquis
1278 1133 1499 1188 duabus
1516 1133 1835 1204 anteponit,
1869 1149 1998 1187 cum
2015 1139 2326 1188 ceterorum
2341 1133 2706 1204 plurImorum
2717 1139 2838 1188 tum

782 1212 961 1283 ipsius
984 1210 1180 1282 populi
1194 1209 1437 1264 Romani
1456 1215 1627 1281 atque
1655 1211 1740 1266 rei
1765 1217 1825 1266 et
1847 1211 2192 1267 domesticae
2218 1219 2278 1267 et
2291 1212 2534 1267 bellicae
2551 1229 2658 1267 usu
2671 1229 2836 1301 unice

782 1288 1253 1345 commendatam:
1308 1303 1650 1358 quamquam
1693 1289 1986 1344 consilium
2025 1290 2090 1344 in
2121 1290 2500 1359 optimatium,
2545 1289 2611 1344 in
2643 1291 2836 1361 populi

782 1365 1015 1436 imperio
1050 1365 1371 1421 libertatem
1404 1366 1712 1422 collaudat.
1782 1367 2048 1438 Denique
2071 1368 2222 1423 redit
2245 1368 2320 1424 ad
2345 1385 2498 1436 eam,
2527 1385 2698 1439 quam
2723 1370 2836 1457 iam

782 1461 954 1514 supra
967 1443 1254 1514 professus
1272 1451 1375 1512 est,
1414 1445 1776 1514 sententiam,
1813 1461 1992 1516 genus
2008 1445 2092 1502 rei
2106 1445 2368 1517 publicae
2385 1446 2676 1518 regendae
2693 1454 2844 1516 opti·

780 1539 933 1576 mum
966 1521 1108 1575 illud
1142 1521 1250 1575 sibi
1283 1521 1491 1591 videri,
1528 1523 1682 1593 quod
1713 1523 1947 1577 mixtum
1981 1524 2057 1578 sit
2089 1541 2122 1579 e
2153 1525 2333 1580 tribus
2365 1523 2481 1578 illis
2517 1524 2838 1596 generibus.

782 1597 946 1662 Quod
983 1596 1246 1668 quoniam
1266 1597 1559 1654 Romanae
1584 1599 1672 1654 rei
1693 1599 1958 1670 publicae
1986 1601 2240 1671 exemplo
2275 1601 2560 1656 illustrare
2585 1602 2840 1672 proposi·

778 1683 901 1732 tum
925 1677 1125 1745 habet,
1164 1682 1333 1732 antea
1360 1683 1631 1747 quantum
1657 1677 1802 1734 haec
1819 1678 2022 1734 ceteris
2037 1683 2290 1750 praestet
2303 1679 2411 1734 sibi
2427 1681 2836 1736 ostendendum

782 1770 905 1810 esse
924 1753 1063 1808 dicit
1094 1754 1169 1824 (e.
1186 1753 1451 1825 30—46).

1240 1993 1834 2062 FRAGMENTA
1874 1996 2298 2064 VATICAN
2297 2001 2384 2064 A.

998 2112 1478 2200 [Desiderantur
1508 2120 1579 2180 in
1602 2118 2004 2203 palimpsesto
2028 2123 2304 2205 paqinae
2335 2133 2530 2189 XXXI
2533 2120 2628 2208 V.]

911 2229 1074 2297 cod.
1110 2257 1173 2319 p.
1210 2233 1316 2297 63.
1387 2231 1423 2268 ⁴*
1459 2234 1495 2271 ⁴*
1531 2235 1567 2272 ⁴*
1601 2235 1842 2321 inlpetu
1875 2237 2336 2316 liberavissent,
2371 2264 2492 2307 nec
2531 2241 2610 2308 C.
2645 2244 2834 2311 Due-

776 2325 921 2400 lius,
958 2327 1171 2391 Aulus
1195 2327 1457 2404 Atilius,
1497 2328 1581 2393 L.
1608 2329 1918 2396 Metellus
1954 2343 2192 2400 terrore
2217 2335 2664 2430 Karthaginis,
2697 2361 2828 2404 non

776 2418 905 2481 duo
958 2417 1295 2502 Scipiones
1354 2421 1567 2486 oriens
1628 2424 1998 2490 incendium
2055 2427 2208 2518 belli
2265 2428 2499 2496 Punici
2561 2435 2826 2499 secundi

774 2511 1085 2596 sanguine
1132 2534 1249 2578 suo
1291 2515 1762 2595 restinxissent,
1805 2542 1926 2586 nee
1967 2521 2038 2584 id
2088 2522 2434 2591 excitatum
2479 2527 2830 2594 maioribus

774 2606 971 2691 copiis
1016 2618 1128 2672 aut
1170 2607 1453 2692 Quintus
1494 2611 1828 2679 Maximus
1875 2618 2303 2683 enervavisset
2348 2632 2460 2684 aut
2507 2621 2606 2686 M.
2645 2623 2834 2689 Mar-

773 2701 968 2766 cellus
1023 2702 1412 2769 contudisset
1465 2717 1577 2770 aut
1619 2731 1660 2772 a
1703 2709 1902 2793 portis
1953 2708 2146 2776 huius
2189 2711 2368 2777 urbis
2412 2717 2708 2782 avolsum
2741 2719 2826 2783 P.

770 2796 1119 2862 Africanus
1173 2799 1558 2884 conpulisset
1608 2801 1780 2867 intra
1830 2804 2112 2869 hostium
2163 2808 2434 2871 moenia.
2523 2810 2622 2874 M.
2671 2835 2826 2878 vero

768 2913 833 2975 p.
870 2889 1009 2976 64.]
1046 2889 1310 2969 Catoni,
1356 2893 1599 2959 homini
1630 2897 1858 2982 ignoto
1895 2909 1960 2963 et
1991 2921 2182 2977 nove,
2217 2921 2346 2984 quo
2381 2924 2626 2982 omnes,
2667 2903 2680 2992 Ι
2715 2905 2828 2989 qui

769 2983 973 3048 isdem
1023 2985 1217 3050 rebus
1270 2987 1626 3072 studemus,
1683 2991 1866 3073 quasi
1919 2993 2266 3079 exemplari
2315 2996 2399 3058 ad
2441 2997 2824 3064 industriam

768 3077 1196 3160 virtutemque
1241 3078 1562 3158 ducimur,
1610 3095 1780 3148 certe
1819 3084 1997 3149 licuit
2034 3084 2301 3151 Tusculi
2335 3111 2404 3154 se
2437 3089 2507 3153 in
2543 3089 2678 3157 otio
2715 3094 2828 3158 de·

766 3169 1021 3246 lectare,
1058 3174 1299 3238 salubri
1334 3186 1397 3240 et
1429 3177 1790 3262 propinquo
1827 3178 2000 3257 loco}
2053 3179 2168 3246 sed
2201 3177 2398 3248 homo
2429 3183 2719 3265 demens,
2752 3197 2824 3252 ut

765 3262 871 3327 isti
921 3274 1178 3348 putant,
1232 3289 1381 3332 cum
1433 3283 1692 3357 cogeret
1745 3294 1895 3337 eum
1947 3273 2290 3340 necessitas
2343 3277 2549 3354 nulla,
2601 3280 2674 3344 in
2725 3281 2826 3345 his

765 3356 955 3421 undis
1003 3369 1065 3423 et
1107 3363 1591 3446 tempestatibus
1636 3365 1722 3428 ad
1777 3387 2094 3432 summam
2149 3380 2542 3435 senectutem
2595 3375 2822 3439 maluit

764 3451 988 3516 iactari
1041 3474 1236 3537 quam
1287 3455 1353 3519 in
1405 3456 1517 3522 illa
1567 3460 2022 3544 tranquillitate
2070 3472 2262 3546 atque
2315 3464 2446 3530 otio
2492 3465 2822 3533 iucundis-

764 3545 923 3611 sime
957 3547 1194 3613 vivere.
1264 3550 1487 3615 omitto
1520 3552 2000 3621 innumerabilis
2037 3557 2230 3636 viros,
2267 3580 2546 3644 quorum
2579 3553 2824 3648 singuli

762 3661 826 3724 p.
865 3637 1001 3725 77.]
1048 3642 1236 3706 saluti
1278 3642 1430 3710 huic
1474 3646 1714 3711 civitati
1753 3647 1765 3734 Ι
1802 3649 2096 3728 fuemnt,
2152 3663 2217 3717 et
2258 3654 2414 3737 quia
2457 3666 2609 3720 sunt
2654 3658 2828 3722 haud

761 3734 984 3816 procul
1024 3733 1109 3797 ab
1154 3737 1377 3800 aetatis
1412 3737 1603 3804 huius
1637 3744 1973 3821 memoria,
2019 3765 2518 3813 commemorare
2555 3771 2670 3815 eos
2707 3751 2824 3816 de-

764 3826 931 3902 sine,
1002 3849 1082 3892 ne
1144 3829 1287 3912 quis
1349 3854 1419 3896 se
1480 3845 1592 3898 aut
1644 3858 1904 3902 suorum
1959 3838 2240 3923 aliquem
2290 3845 2820 3926 praetermissum

763 3930 1091 4000 queratur:
1143 3943 1344 3987 unum
1389 3924 1511 3992 hoc
1555 3929 1819 4007 defini0,
1873 3943 2117 3998 tantam
2172 3957 2310 4000 esse
2362 3937 2818 4004 necessitatem

761 4009 1013 4076 virtutis
1046 4017 1267 4098 generi
1299 4016 1631 4088 hominum
1667 4049 1707 4090 a
1739 4037 1970 4092 natura
2003 4038 2377 4114 tantumque
2413 4052 2702 4098 amorem
2733 4031 2820 4098 ad
