3292 4559
1043 314 1150 368 DE
1183 307 1705 368 DIVINATIONE
1738 309 1786 368 1
1820 309 2061 365 42—47
2459 295 2587 370 139

525 443 664 510 eius
706 434 916 528 igitur
947 435 1177 503 somnii
1211 458 1251 501 a
1295 431 1763 501 coniectoribus
1809 442 1976 518 quae
2020 433 2103 498 sit
2144 431 2585 520 interpretatio
2624 449 2681 492 4⁵

524 536 715 612 faeta,
749 534 1108 630 videamus.
1156 532 1160 533 ⁷

694 695 839 751 rex,
893 693 1057 756 quae
1090 668 1161 734 in
1202 666 1338 734 vita
1370 676 1685 752 usurpant
1726 662 2046 743 homines,
2102 667 2419 752 cogitant,
2473 691 2585 734 ou—

1376 771 1551 838 rant,
1586 759 1828 837 vident,

694 881 988 946 quaeque
1031 867 1235 942 agunt
1276 855 1618 941 vigilantes
1667 855 2071 940 agitantque,
2127 876 2205 921 ea
2250 857 2305 921 si
2358 857 2465 924 cui
2517 857 2587 922 in

1381 968 1606 1014 somno
1643 949 1964 1026 accidunt,

603 1053 608 1057 '
696 1047 908 1112 minus
955 1047 1190 1111 mirum
1243 1055 1371 1122 est,
1424 1044 1541 1108 sed
1583 1043 1651 1108 di
1693 1067 1831 1110 rem
1876 1056 2117 1110 tantam
2150 1043 2312 1110 haut
2345 1055 2583 1111 temere

1375 1137 1699 1224 inproviso
1736 1138 2033 1204 offerunt.

694 1236 880 1324 proin
913 1236 1061 1301 vide
1096 1257 1200 1312 ne,
1234 1253 1430 1319 quem
1465 1243 1538 1298 tu
1573 1255 1714 1299 esse
1749 1232 2047 1301 hebetem
2075 1233 2343 1320 deputes
2381 1254 2585 1319 aeque

1380 1349 1456 1394 ac
1491 1350 1710 1414 pecus,

690 1427 746 1492 is
783 1426 1094 1512 sapientia
1127 1423 1450 1489 munitum
1484 1435 1707 1509 pectus
1746 1425 2081 1510 egregium
2116 1436 2301 1510 gerat

691 1533 882 1608 teque
915 1541 1117 1606 regno
1147 1519 1451 1604 expellat:
1488 1541 1640 1582 nam
1674 1518 1743 1582 id
1776 1520 1951 1602 quod
1986 1521 2067 1585 de
2102 1520 2235 1586 sole
2261 1531 2583 1586 ostentum

1376 1623 1474 1678 est
1507 1611 1645 1688 tibi,

689 1709 928 1795 populo
965 1707 1532 1773 commutationem
1563 1728 1778 1771 rerum
1814 1705 2138 1790 portendit
2171 1707 2309 1773 fore

690 1801 1252 1887 perpropinquam.
1308 1800 1470 1882 haec
1504 1800 1667 1864 bene
1702 1810 2087 1864 verruncent
2120 1802 2391 1884 populo:
2428 1824 2582 1865 nam

1378 1891 1553 1974 quod
1589 1891 1673 1955 ad
1709 1892 2039 1956 dexteram

695 1985 863 2072 cepit
899 2007 1161 2052 cursum
1196 1984 1278 2049 ab
1321 1984 1509 2049 laeva
1544 1983 1804 2068 signum
1836 1995 2251 2070 praepotens,
2289 1986 2586 2071 pulcher-

1379 2100 1562 2142 rume

694 2185 1082 2261 auguratum
1134 2184 1232 2238 est
1286 2195 1423 2332 renfi
1467 2172 1831 2260 Romanam
1882 2172 2215 2258 publicam
2268 2197 2584 2240 summam

1413 2291 1541 2334 ore.

647 2418 799 2502 Age
833 2437 1006 2481 nune
1041 2414 1126 2478 ad
1161 2423 1426 2480 externa
1458 2414 1817 2480 redeamuS.
1906 2424 2179 2478 matrem
2212 2413 2579 2482 Phalaridis
2616 2400 2687 2514 ἓξ

519 2511 737 2578 scribit
769 2509 1080 2575 Ponticus
1116 2509 1528 2587 Heraclides,
1566 2509 1793 2574 doctus
1829 2507 1958 2585 vir,
2004 2504 2255 2574 auditor
2291 2520 2355 2574 et
2392 2508 2583 2577 disci-

517 2604 708 2692 pulus
750 2603 1040 2670 Platonis
1053 2649 1071 2680 ,
1125 2603 1332 2668 visam
1385 2625 1523 2669 esse
1576 2603 1858 2668 videre
1838 2626 1907 2667 m
1952 2603 2192 2668 somnis
2240 2603 2583 2670 simulacra

520 2700 807 2775 deorum,
843 2719 1010 2783 quae
1036 2697 1175 2784 ipsa
1204 2697 1377 2762 domi
1405 2697 1935 2763 consecravissetz-
1971 2719 2054 2762 ex
2084 2696 2165 2762 iis
2181 2697 2583 2764 Mercurium

520 2817 556 2859 e
591 2805 842 2878 patera,
877 2813 1072 2875 quam
1109 2792 1372 2856 dextera
1405 2813 1602 2856 manu
1637 2801 1912 2868 teneret,
1956 2790 2336 2876 sanguinem
2372 2790 2583 2856 visum

521 2907 662 2951 esse
697 2884 998 2961 fundere,
1035 2885 1149 2969 qui
1183 2907 1332 2950 cum
1367 2895 1603 2951 terram
1637 2884 1985 2972 attigisset3
2021 2886 2449 2954 refervescere
2484 2887 2582 2953 vi-

522 2981 781 3046 deretur
833 2979 954 3055 sic,
1009 2989 1081 3044 ut
1125 2990 1260 3044 tota
1303 2981 1535 3044 domus
1579 2981 1892 3066 sanguine
1934 2982 2353 3049 redundaret.
2406 2985 2583 3068 quod

521 3072 742 3138 matris
768 3072 1089 3138 somnium
1113 3073 1387 3138 inmanis
1415 3073 1532 3138 filii
1561 3074 1904 3140 crudelitas
1933 3059 2371 3162 conprobavit.
2425 3078 2583 3162 quid

523 3190 673 3255 ege,
727 3188 894 3253 quae
936 3165 1126 3252 Magi
1173 3163 1350 3253 Cyro
1391 3167 1488 3232 illi
1531 3167 1805 3254 principi
1846 3167 2244 3255 interpretati
2292 3171 2446 3249 sint,
2500 3195 2581 3238 ex

521 3261 804 3328 Dinonis
819 3259 1102 3328 Persicis
1128 3261 1490 3348 proferam?
1523 3285 1676 3328 nam
1712 3285 1861 3328 cum
1897 3263 2236 3332 dormienti
2271 3265 2332 3330 ei
2366 3264 2460 3330 sol
2498 3267 2581 3329 ad

520 3357 716 3444 pedes
753 3356 928 3421 visus
965 3368 1152 3434 esset,
1182 3367 1286 3422 ter
1321 3365 1470 3422 eum
1505 3357 1723 3424 scribit
1756 3358 1995 3424 frustra
2024 3359 2408 3445 adpetivisse
2442 3381 2581 3424 mae

519 3452 740 3529 nibus,
796 3473 946 3516 cum
990 3475 1058 3518 se
1095 3452 1480 3520 convolvens
1529 3449 1687 3538 [sol]
1734 3453 2094 3519 elaberetur
2126 3464 2193 3519 et
2226 3452 2457 3529 abiret3
2514 3463 2579 3518 et

519 3547 758 3633 Magos
793 3545 1050 3624 dixisse,
1089 3543 1296 3633 [quod
1329 3569 1534 3632 genus
1571 3547 1960 3634 sapientium
1996 3556 2059 3612 et
2094 3546 2429 3611 doctorum
2464 3545 2578 3610 ha-

519 3640 792 3709 bebatur
833 3639 903 3706 in
934 3638 1154 3708 Persis
1167 3635 1214 3726 ,]
1257 3662 1338 3706 ex
1390 3641 1624 3728 triplici
1676 3641 2065 3728 adpetitione
2116 3640 2271 3706 solis
2316 3639 2578 3726 triginta

521 3757 716 3800 annos
756 3731 1005 3820 Cyrum
1046 3745 1464 3822 regnaturum
1509 3757 1650 3802 esse
1693 3735 2017 3823 portendi3
2074 3735 2250 3820 quod
2292 3735 2383 3799 ita
2425 3739 2579 3822 con-2

519 3831 692 3916 tigit:
727 3854 880 3896 nam
915 3832 997 3896 ad
1033 3832 1579 3918 septuagesimum
1612 3832 1932 3919 pervenit,
1968 3854 2119 3898 cum
2153 3829 2577 3916 quadraginta

520 3935 708 3990 natus
743 3947 943 3990 annos
989 3949 1260 4013 regnare
1305 3927 1637 4013 coepisset.
1898 3925 2023 3991 Est
2063 3925 2351 4011 profecto
2388 3924 2577 4009 quid-
2618 3943 2671 3982 4⁷

523 4017 672 4082 dam
706 4019 896 4086 etiam
929 4019 1000 4085 in
1034 4020 1322 4088 barbaris
1366 4022 1669 4108 gentibus
1714 4021 2149 4106 praesentiens
2186 4029 2379 4105 atque
2414 4019 2577 4084 divi-

517 4135 679 4178 nans
692 4159 712 4191 ‚
749 4113 804 4178 si
838 4114 1100 4198 quidem
1135 4116 1220 4182 ad
1251 4127 1524 4182 mortem
1557 4115 1965 4203 proficiscens
2006 4111 2313 4182 Callanus
2348 4113 2573 4192 Indue,
