3292 4559
1206 269 1413 327 CATO
1449 269 1699 328 MAIOR
1733 272 1973 328 21-27.
2328 337 2332 342 ,
2491 259 2620 326 243

737 397 889 465 serit
923 397 1203 474 arbores,
1241 416 1406 480 quae
1442 395 1624 462 alteri
1659 397 1870 463 saeclo
1905 397 2167 484 prosint,

563 522 635 576 ut
682 511 773 576 ait
817 507 1061 576 Statius
1106 519 1325 575 noster
1364 509 1431 574 in
1478 506 1904 596 Synephebis.
2009 531 2127 576 nec
2173 531 2323 574 vero
2369 509 2619 576 dubitat
2644 530 2694 570 25
2754 503 2760 510 ’

562 604 869 693 agricola,
907 603 1198 688 quamvis
1235 601 1314 667 sit
1340 624 1565 681 senex,
1602 603 1954 689 quaerenti,
1991 605 2097 669 cui
2131 615 2320 683 serat,
2355 627 2618 691 respon-

564 702 742 766 dere:
781 700 912 763 ‘dis
947 696 1411 775 inmortalibus,
1448 697 1560 782 qui
1595 721 1699 765 me
1734 720 1868 763 non
1899 699 2190 785 accipere
2227 698 2420 764 modo
2455 700 2615 766 haec

560 819 603 860 a
638 794 987 860 maioribus
1031 793 1399 869 voluerunt,
1453 793 1567 858 sed
1612 793 1806 858 etiam
1839 793 2112 879 posteris
2155 792 2466 877 prodere?
2555 806 2619 860 et
2652 807 2687 862 8

560 887 1134 1048 ιιιειῙΞιιεᾱΟειεξίΙὶιιε
1165 887 1245 952 de
1282 908 1433 953 sene
1462 888 1645 952 alteri
1679 887 1934 952 saeculo
1970 887 2392 974 prospiciente
2422 910 2618 975 quam

559 985 679 1049 illu
757 1007 781 1048 1
827 1005 959 1047 em·

738 1094 988 1180 edepol,
1025 1103 1339 1170 senectae,
1376 1093 1431 1158 si
1464 1093 1555 1158 nil
1591 1093 1938 1176 quicquam
1975 1091 2152 1157 aliud
2185 1091 2301 1157 viti

737 1189 1033 1274 adportes
1068 1193 1302 1265 tecum,
1340 1209 1487 1252 cum
1522 1186 1804 1263 advenis,
1841 1209 2044 1250 unum
2076 1185 2146 1250 id
2179 1199 2278 1251 sat
2314 1199 2430 1265 est,

737 1281 911 1367 quod
948 1283 1058 1346 diu
1091 1280 1367 1347 vivendo
1402 1281 1603 1345 multa
1638 1303 1805 1365 quae
1841 1302 1972 1345 non
2007 1281 2142 1346 volt
2175 1282 2368 1347 videt.

562 1416 631 1461 et
664 1395 869 1460 multa
904 1393 1194 1471 fortasse,
1231 1415 1396 1477 quae
1433 1391 1590 1458 voltl
1628 1403 1822 1477 atque
1857 1392 1926 1458 in
1962 1416 2059 1471 ea,
2097 1415 2262 1478 quae
2298 1415 2428 1458 non
2465 1394 2618 1470 volt,

562 1511 769 1574 saepe¹
787 1488 979 1555 etiam
1015 1487 1445 1554 adulescentia
1487 1487 1773 1554 incurrit.
1859 1487 2020 1552 illud
2054 1510 2206 1554 vero
2241 1488 2414 1554 idem
2447 1482 2619 1554 Cae-

558 1583 745 1649 cilius
782 1582 1102 1648 vitiosius:

734 1713 872 1767 tum
908 1702 1207 1786 equidem
1238 1701 1308 1766 in
1342 1710 1599 1767 senecta
1633 1700 1757 1766 hoc
1793 1700 2031 1783 deputo
2066 1700 2516 1777 miserrimum,

736 1797 969 1866 sentire
1005 1818 1081 1859 ea
1117 1804 1326 1859 aetate
1359 1794 1574 1879 ipsum
1608 1816 1749 1858 esse
1785 1791 2079 1857 odiosum
2115 1792 2317 1857 alteri.

559 1915 917 1982 iucundum
950 1913 1163 1998 potius
1198 1931 1392 1994 quam
1426 1911 1750 1975 odiosuml
1787 1921 1863 1974 ut
1895 1911 2066 1976 enim
2102 1911 2614 1977 adulescentibus
2641 1929 2692 1968 26

565 2011 737 2074 bona
768 2007 985 2071 indole
1020 2005 1325 2091 praeditis
1362 2005 1680 2090 sapientes
1717 2026 1902 2069 senes
1940 2003 2355 2083 delectantur,
2388 2006 2618 2071 levior-

560 2125 690 2187 que
726 2103 800 2166 fit
834 2111 1125 2166 senectus
1162 2120 1411 2176 eorum,
1448 2098 1561 2182 qui
1596 2122 1635 2164 a
1669 2099 2000 2163 iuventute
2037 2099 2332 2164 coluntur
2368 2111 2434 2164 et
2476 2098 2618 2164 dili-

562 2207 835 2283 guntur,
873 2195 965 2261 sic
1001 2194 1439 2260 adulescentes
1477 2215 1702 2258 senum
1735 2193 2093 2280 praeceptis
2127 2192 2442 2278 gaudent,
2478 2194 2620 2278 qui-

564 2293 687 2357 bus
733 2290 815 2356 ad
867 2291 1175 2355 virtutum
1219 2288 1433 2355 studia
1481 2288 1804 2355 ducuntur
1811 2314 1832 2368 3
1883 2310 2003 2354 nec
2053 2289 2265 2354 minus
2316 2290 2618 2376 intellego

561 2409 668 2452 me
703 2385 888 2451 vobis
923 2407 1118 2470 quam
1151 2383 1305 2449 mihi
1342 2406 1458 2449 vos
1494 2406 1636 2451 esse
1670 2382 2005 2449 iucundOS.
2094 2384 2209 2449 sed
2242 2384 2503 2462 videtis,
2548 2395 2622 2448 ut

562 2492 858 2547 senectus
892 2500 1027 2546 non
1059 2480 1251 2545 modo
1286 2478 1595 2566 languida
1629 2489 1824 2562 atque
1865 2479 2036 2545 iners
2070 2500 2202 2543 non
2238 2478 2349 2556 sit,
2395 2501 2620 2544 verum

540 2576 759 2642 etiam
810 2576 893 2640 sit
936 2595 1207 2661 operosa
1251 2584 1316 2640 et
1368 2597 1620 2660 semper
1664 2595 1865 2660 agens
1925 2573 2168 2657 aliquid
2212 2582 2278 2639 et
2327 2573 2617 2650 moliens,

564 2671 694 2736 tale
748 2664 989 2735 scilicet
1000 2715 1021 2746 ,
1075 2669 1265 2752 quale
1308 2669 1620 2750 cuiusque
1665 2667 1950 2732 studium
1995 2667 2063 2732 in
2109 2667 2433 2752 superiore
2485 2667 2620 2730 vita

561 2765 708 2828 fuit.
798 2763 991 2844 quid?
1034 2763 1146 2844 qui
1181 2763 1373 2828 etiam
1408 2763 1749 2827 addiscunt
1783 2761 2063 2844 aliquid?
2105 2773 2177 2826 ut
2213 2771 2278 2827 et
2313 2758 2619 2828 Solonem

563 2855 857 2919 versibus
900 2856 1283 2938 gloriantem
1326 2857 1650 2930 videmus,
1697 2855 1809 2937 qui
1855 2877 1925 2920 se
1961 2856 2192 2922 cotidie
2228 2853 2470 2939 aliquid
2504 2855 2618 2920 ad-

562 2947 917 3012 discentem
954 2946 1108 3011 dicit
1134 2971 1352 3014 senem
1384 2949 1543 3026 fieri,
1580 2959 1647 3013 et
1675 2969 1807 3057 ege
1825 2946 1971 3026 feci,
2007 2950 2119 3033 qui
2151 2951 2392 3016 litteras
2413 2948 2619 3017 Grae-

562 3061 675 3104 eas
722 3059 919 3104 senex
964 3039 1183 3118 didici,
1238 3062 1399 3125 quas
1451 3042 1713 3126 quidem
1758 3042 1848 3108 sic
1892 3042 2080 3109 avide
2135 3045 2386 3132 adripui
2435 3045 2618 3130 quasi

560 3133 935 3198 diuturnam
976 3133 1148 3199 sitim
1192 3134 1447 3219 explere
1493 3136 1787 3221 cupiens,
1841 3147 1914 3202 ut
1959 3159 2036 3202 ea
2079 3138 2220 3226 ipsa
2263 3139 2421 3204 mihi
2464 3151 2617 3205 nota

560 3238 808 3306 essent,
856 3225 1089 3312 quibus
1122 3250 1228 3296 me
1262 3251 1435 3296 nunc
1471 3231 1778 3316 exemplis
1813 3232 1910 3296 uti
1954 3233 2213 3310 videtis3
2237 3233 2437 3317 quod
2473 3254 2620 3298 cum

564 3323 795 3389 fecisse
849 3320 1183 3388 Socratem
1242 3324 1311 3388 in
1370 3324 1605 3390 fidibus
1658 3325 1974 3404 audirem,
2039 3328 2269 3392 vellem
2321 3326 2618 3409 equidem

559 3417 760 3481 etiam
792 3415 952 3480 illud
984 3451 1072 3464 -
1106 3417 1439 3484 discebant
1472 3419 1642 3486 enim
1684 3420 1918 3486 fidibus
1956 3420 2199 3502 antiqui
2231 3453 2345 3494 -—,
2394 3419 2571 3484 sed
2551 3443 2620 3482 ιιι

562 3510 790 3576 litteris
825 3522 997 3576 certe
1032 3510 1375 3578 elaboravi.

694 3604 835 3670 Nec
885 3627 1057 3672 nunc
1108 3606 1370 3690 quidem
1420 3607 1573 3672 viris
1628 3607 1919 3674 desidero
1975 3605 2399 3671 adulescentis
2434 3641 2522 3652 —-
2563 3606 2618 3670 is
2655 3591 2688 3644 9

563 3699 738 3764 enim
782 3711 919 3766 erat
960 3701 1139 3766 locus
1184 3701 1343 3767 alter
1387 3702 1467 3767 de
1514 3701 1686 3766 vitiis
1733 3701 2074 3766 senectutis
2116 3735 2231 3778 -,
2277 3720 2408 3764 non
2451 3663 2670 3785 plus,2

568 3812 783 3874 quam
798 3794 1171 3860 adulescens
1208 3796 1375 3861 tauri
1410 3806 1525 3863 aut
1558 3792 1880 3880 elephanti
1917 3793 2388 3860 desiderabam.
2445 3796 2632 3877 quod

564 3895 687 3960 est,
722 3908 797 3951 eo
826 3888 1011 3954 decet
1043 3890 1140 3954 uti
1169 3901 1234 3958 et
1258 3889 1565 3976 quicquid
1594 3911 1750 3976 agas
1781 3910 1970 3974 agere
1997 3911 2115 3975 pro
2143 3888 2407 3954 viribus.
2454 3909 2619 3972 quae

566 3979 741 4044 enim
773 4003 900 4047 vox
942 3994 1153 4069 potest
1200 4007 1341 4053 esse
1386 3985 1810 4072 contemptior
1855 4005 2050 4068 quam
2086 3983 2350 4050 Milonis
2389 3981 2620 4048 Croto-

528 4111 533 4114 ·
568 4075 817 4142 niatae?
850 4079 962 4162 qui
996 4101 1145 4145 cum
1170 4080 1299 4146 iam
1326 4103 1524 4148 senex
1550 4091 1720 4148 esset
1745 4079 2142 4166 athletasque
2171 4101 2240 4146 se
2266 4078 2620 4146 exercentis

2158 4179 2264 4238 16*
