3292 4559
1278 271 1387 328 DE
1422 268 1633 326 FATO
1672 269 1704 325 7
1714 269 1880 324 -13.
2476 255 2627 321 221:

543 395 889 470 familiares
924 407 989 464 et
1023 397 1345 464 ebriosum
1382 405 1447 460 et
1478 392 1914 459 mulierosum·
1927 389 2162 472 fuisse3
2199 387 2410 478 neque
2445 390 2630 458 haec*

547 496 831 564 scribunt
874 493 1342 580 vituperantes,
1398 489 1513 555 sed
1564 489 1780 575 potius
1833 488 1919 554 ad
1969 487 2258 554 laudem:
2311 487 2608 554 vitiosam

548 591 719 658 enim
767 599 1065 655 naturam
1116 585 1201 652 ab
1248 606 1326 651 eo
1372 582 1466 648 sic
1508 582 1855 648 edomitam
1900 594 1964 648 et
2010 604 2421 669 conpressam
2467 605 2610 648 esse

548 678 867 762 doctrina,
912 694 986 748 ut
1019 703 1209 748 nemo
1227 701 1554 791 ‘umquam
1598 677 2001 744 vinulentum
2043 678 2258 756 illum,
2302 699 2494 744 nemo
2540 677 2609 742 in

547 803 626 846 eo
678 771 963 845 libidinis
1015 774 1363 862 vestigium
1416 772 1666 840 viderit.
1771 773 1969 857 quid?
2033 771 2344 839 Socraten
2395 795 2608 839 nonne

544 875 822 985 legimus
858 893 1050 957 quem
1087 870 1171 936 ad
1204 868 1470 934 modum
1496 867 1732 932 notarit
1753 867 2048 953 Zopyrus
2074 867 2607 953 physiognomon,

545 969 659 1054 qui
704 991 773 1032 se
818 965 1239 1054 profitebatur
1280 961 1615 1027 hominum
1660 983 1870 1026 mores
1913 971 2305 1043 naturasque
2353 983 2434 1026 ex
2470 983 2610 1026 cor·-

546 1085 724 1148 pore,
763 1059 984 1136 oculis,
1018 1060 1220 1135 voltu,
1255 1056 1467 1122 fronte
1503 1055 1924 1141 pernoscere?
1959 1053 2290 1140 stupidum
2326 1077 2466 1120 esse
2487 1053 2612 1120 So-

548 1167 768 1223 craten
794 1155 953 1220 dixit
982 1165 1045 1220 et
1077 1153 1373 1230 bardum,
1408 1151 1583 1235 quod
1609 1151 1834 1236 iugula
1863 1171 2145 1215 concava
2171 1171 2301 1214 non
2325 1149 2610 1227 haberet,

548 1251 907 1316 obstructas
952 1271 1061 1316 eas
1104 1247 1303 1335 partis
1350 1258 1416 1314 et
1461 1247 1790 1311 obturatas
1837 1267 1978 1311 esse
2023 1243 2280 1312 dicebat
2293 1270 2314 1323 3
2368 1245 2616 1310 addidit

550 1347 742 1413 etiam
776 1343 1220 1421 mulierosum,
1263 1343 1332 1408 in
1368 1363 1495 1426 quo
1532 1341 1904 1407 Alcibiades
1951 1339 2335 1406 cachinnum
2381 1339 2612 1406 dicitur

552 1441 902 1507 sustulisse.
991 1439 1107 1506 sed
1158 1439 1318 1505 haec
1371 1461 1451 1504 ex
1505 1436 1904 1502 naturalibus
1958 1435 2170 1502 causis
2224 1435 2381 1502 vitia
2432 1434 2612 1502 nasei
2648 1446 2697 1485 11

551 1546 837 1622 possunt,
873 1533 1209 1620 exstirpari
1243 1543 1458 1598 autem
1496 1543 1561 1598 et
1593 1531 1886 1598 funditus
1922 1531 2079 1608 tolli,
2115 1542 2186 1596 ut
2221 1531 2280 1596 is
2307 1531 2466 1618 ipse,
2501 1530 2614 1615 qui

552 1629 634 1696 ad
670 1653 748 1696 ea
780 1651 1135 1716 propensus
1168 1627 1393 1706 fuerit,
1442 1651 1483 1692 a
1517 1628 1710 1693 tantis
1747 1627 1918 1692 vitiis
1955 1638 2286 1702 avocetur,
2339 1646 2471 1689 non
2517 1637 2614 1690 est
2659 1625 2666 1632 ’

549 1724 618 1789 id
652 1724 933 1810 positum
959 1725 1026 1787 in
1050 1723 1450 1788 naturalibus
1477 1721 1710 1798 causis,
1747 1721 1862 1786 sed
1895 1721 1964 1784 in
1991 1722 2340 1797 voluntate,
2377 1719 2611 1796 stadie,

554 1816 889 1901 disciplina
900 1841 919 1893 3
956 1838 1121 1901 quae
1157 1815 1465 1880 tolluntur
1500 1815 1747 1891 omnia,
1795 1815 1850 1878 si
1883 1815 1980 1878 vis
2019 1825 2083 1879 et
2115 1825 2348 1878 natura
2379 1813 2499 1880 fati
2533 1837 2615 1880 ex

556 1909 963 1975 divinationis
1007 1909 1251 1974 ratione
1294 1906 1670 1972 firmabitur.
1761 1907 1996 1972 etenim
2043 1907 2100 1972 si
2143 1917 2240 1972 est
2284 1907 2613 1987 divinatio,
2651 1918 2685 1971 6

554 2001 1007 2086 qualibusnam
1071 2025 1110 2066 a
1171 2001 1489 2087 perceptis
1562 1999 1714 2066 artis
1785 1999 2245 2087 proficiscitur?
2312 2013 2616 2088 percepta

554 2097 840 2183 appello,
896 2115 1064 2181 quae
1107 2096 1408 2161 dicuntur
1452 2091 1708 2161 Graece
1753 2095 2182 2180 θεωρήματα.
2270 2116 2402 2160 non
2447 2095 2618 2162 enim

557 2191 749 2257 credo
781 2192 959 2256 nullo
1003 2202 1305 2278 percepto
1343 2200 1454 2256 aut
1500 2200 1744 2255 ceteros
1790 2189 2064 2256 artifices
2101 2189 2340 2255 versari
2383 2190 2454 2255 in
2499 2212 2616 2262 suo

553 2309 820 2352 munere
856 2297 967 2352 aut
1000 2307 1139 2363 eos,
1184 2285 1298 2369 qui
1340 2283 1733 2351 divinatione
1767 2294 2058 2362 utantur,
2103 2283 2322 2350 futura
2364 2284 2618 2372 praedi-

554 2401 719 2446 cere.
806 2381 933 2446 sint
966 2380 1164 2468 igitur
1198 2380 1668 2466 astrologorum
1701 2391 2006 2466 percepta
2039 2379 2232 2445 huius
2267 2381 2470 2446 modi.
2527 2381 2614 2446 ‘si
2641 2396 2692 2434 12

552 2475 699 2561 quis
743 2476 924 2542 verbi
970 2497 1167 2542 causa
1209 2474 1451 2541 oriente
1489 2471 1804 2541 Canicula
1846 2486 2036 2540 natus
2073 2485 2198 2553 est,
2242 2475 2298 2541 is
2341 2475 2411 2542 in
2454 2477 2618 2542 mari

554 2591 686 2636 non
720 2571 1066 2638 morietur?
1154 2568 1381 2657 vigila,
1434 2567 1829 2657 Chrysippe,
1872 2593 1955 2636 ne
1991 2581 2171 2635 tuam
2205 2591 2498 2649 causam,
2547 2571 2620 2636 in

556 2685 688 2750 qua
721 2665 837 2730 tibi
872 2687 1021 2730 cum
1054 2664 1367 2742 Diodor0,
1403 2665 1658 2731 valente
1694 2664 2046 2742 dialectico,
2082 2686 2323 2752 magna
2352 2666 2618 2732 luctatio

558 2771 677 2836 est,
716 2760 993 2826 deseras.
1080 2759 1137 2823 si
1172 2759 1344 2824 enim
1380 2768 1479 2825 est
1510 2779 1768 2834 verum,
1806 2760 1980 2842 quod
2014 2760 2106 2836 ita
2141 2759 2497 2826 conectitur
2531 2762 2619 2826 ‘si

556 2855 703 2940 quis
740 2855 981 2920 oriente
1020 2851 1333 2919 Canicula
1376 2865 1564 2918 natus
1600 2863 1728 2930 est,
1774 2852 1843 2916 in
1888 2854 2054 2920 mari
2093 2875 2226 2920 non
2271 2855 2616 2932 morietur,'

556 2948 718 3016 illud
752 2968 1011 3033 quoque
1044 2969 1273 3013 verum
1307 2958 1405 3013 est
1457 2947 1543 3012 ‘si
1576 2946 1824 3012 Fabius
1871 2948 2115 3016 oriente
2151 2947 2470 3016 Canicula
2502 2975 2620 3015 na-

560 3056 665 3110 tus
702 3053 826 3120 est,
879 3040 1125 3106 Fabius
1169 3041 1237 3106 in
1282 3042 1445 3106 mari
1480 3063 1611 3106 non
1654 3041 2004 3108 morietur,'
2091 3056 2388 3132 pugnant
2420 3045 2620 3132 igitur
2630 3057 2637 3064 ”

560 3138 721 3205 haec
771 3135 937 3202 inter
989 3157 1088 3213 se,
1128 3133 1407 3200 Fabium
1460 3135 1702 3201 oriente
1739 3133 2054 3204 Canicula
2099 3150 2322 3205 natum
2369 3162 2508 3207 esse
2554 3155 2617 3206 et

558 3233 839 3299 Fabium
872 3231 941 3296 in
975 3229 1138 3296 mari
1164 3229 1571 3308 moriturum3
1610 3241 1677 3297 et
1709 3232 2017 3316 quoniam
2043 3244 2289 3300 certum
2321 3234 2391 3299 in
2406 3233 2618 3299 Fabio
2700 3298 2703 3304 .

562 3327 849 3414 ponitur,
883 3336 1107 3392 natum
1143 3347 1283 3390 esse
1318 3345 1467 3390 eum
1504 3321 1818 3392 Canicula
1851 3326 2125 3404 oriente,
2160 3328 2322 3392 haec
2359 3347 2617 3411 quoque

562 3431 884 3508 pugnant,
939 3431 1007 3487 et
1058 3442 1198 3486 esse
1242 3418 1522 3484 Fabium
1568 3431 1633 3486 et
1685 3419 1755 3485 in
1807 3419 1970 3486 mari
2024 3442 2166 3486 esse
2214 3420 2616 3486 moriturum.

563 3538 719 3604 ergo
760 3515 921 3582 haec
974 3537 1229 3600 quoque
1273 3514 1636 3580 coniunctio
1681 3525 1780 3580 est
1831 3537 1913 3579 ex
1957 3513 2469 3600 repugnantibus
2523 3521 2542 3550 ‘
2555 3527 2618 3582 e't

565 3623 663 3678 est
694 3609 941 3676 Fabius
978 3621 1042 3676 et
1074 3609 1145 3675 in
1176 3607 1339 3674 mari
1372 3608 1617 3674 Fabius
1653 3608 2000 3686 morietur,’
2037 3607 2240 3692 quod,
2278 3619 2352 3673 ut
2384 3629 2620 3696 propo-

566 3706 757 3771 situm
792 3716 921 3783 est,
970 3727 1052 3770 ne
1087 3704 1227 3774 fieri
1269 3703 1533 3790 quidem
1565 3713 1797 3790 potest.
1885 3725 2040 3790 ergo
2074 3702 2236 3768 illud
2279 3709 2298 3739 ‘
2311 3703 2619 3769 morietur

563 3797 631 3862 in
664 3799 827 3864 mari
858 3798 1148 3877 Fabius,
1184 3823 1267 3866 ex
1301 3822 1378 3866 eo
1413 3821 1652 3886 genere
1687 3807 1804 3874 est,
1841 3797 2016 3882 quod
2048 3797 2189 3864 fieri
2220 3819 2352 3862 non
2385 3808 2614 3882 potest.

566 3913 757 3958 omne
792 3915 979 3980 ergo,
1034 3894 1209 3978 quod
1253 3893 1490 3960 falsum
1526 3891 1812 3958 dicitur
1793 3915 1862 3957 m
1903 3891 2153 3970 futuro,
2204 3890 2274 3957 id
2315 3891 2452 3958 fieri
2487 3914 2617 3957 non
2653 3939 2686 3992 'a’

564 3995 795 4072 potest.
882 3999 949 4056 at
982 3985 1136 4065 hoc,
1176 3985 1559 4076 Chrysippe,
1594 3987 1858 4054 minime
1892 3987 2022 4067 vis,
2058 3985 2466 4072 maximeque
2501 3985 2618 4052 tibi
2644 4013 2699 4052 ιε

566 4079 648 4148 de
682 4080 858 4149 hoc
837 4104 979 4169 1pso
1024 4105 1173 4150 cum
1207 4081 1497 4152 Diodoro
1534 4095 1858 4152 certamen
1894 4096 2019 4152 est.
2062 4083 2171 4153 ille
2207 4083 2378 4152 enim
2411 4082 2480 4149 id
2514 4105 2617 4150 so-
