3292 4559
1059 217 1169 274 DE
1204 213 1533 274 ormcns
1568 215 1643 270 Π.
1683 214 1926 270 85—90.
2433 169 2530 269 77*

446 345 791 435 pertinent
834 341 1004 408 enim
1050 341 1133 404 ad
1176 339 1543 416 utilitatem,
1590 337 1672 402 de
1717 360 1844 422 qua
1877 337 2000 402 hoo
2033 338 2196 403 libro
2234 337 2518 428 disputa-

444 455 609 508 tum
644 449 759 504 est.

600 533 733 600 Sed
776 530 1118 596 utilitatum
1173 526 1593 613 comparatiO,
1650 526 1947 610 quoniam
1999 526 2105 592 hio
2153 527 2330 593 locus
2384 538 2517 593 erat

446 637 765 713 quartus,
803 648 841 690 a
874 621 1187 688 Panaetio
1221 619 1706 706 praetermissus
1717 667 1736 698 ,
1773 642 1968 706 saepe
2003 631 2099 686 est
2130 622 2514 687 necessaria:

446 747 615 789 nam
652 731 720 787 et
755 717 1037 803 eorporis
1073 715 1409 781 commoda
1444 737 1590 780 oum
1628 714 1904 780 externis
1941 713 2037 804 [et
2073 727 2334 782 externa
2367 740 2516 782 oum

450 811 784 904 eorporis]
832 824 897 878 et
942 812 1081 897 ipsa
1113 810 1280 876 inter
1315 829 1385 875 se
1420 808 1702 894 oorpqris
1735 820 1800 874 et
1834 819 2094 875 externa
2129 832 2275 875 oum
2310 823 2518 876 exter-

449 913 559 978 nis
614 906 972 994 comparari
1018 903 1241 970 solent.
1330 923 1475 969 oum
1525 903 1800 970 externis
1839 903 2116 988 corporis
2160 903 2282 968 hoo
2324 904 2514 969 modo

448 1012 947 1090 comparantur,
1008 999 1221 1065 valere
1282 1009 1355 1062 ut
1405 997 1591 1064 malis
1642 1019 1838 1085 quam
1890 998 2068 1064 dives
2119 1019 2289 1075 esse,
2336 995 2515 1083 [eum

446 1097 747 1185 eorporis
778 1106 1038 1161 externa
1067 1091 1189 1158 hoc
1218 1090 1437 1170 mod0,
1459 1091 1637 1158 dives
1667 1115 1805 1160 esse
1831 1093 2042 1178 potius
2068 1113 2261 1176 quam
2291 1115 2516 1158 maxu-

445 1195 583 1259 mis
627 1189 905 1277 eorporis
941 1183 1237 1273 viribu3,]
1272 1187 1414 1274 ipsa
1447 1187 1613 1252 inter
1648 1210 1716 1252 se
1753 1187 2032 1273 eorporis
2076 1187 2196 1265 sio,
2240 1199 2312 1252 ut
2345 1188 2516 1254 bona

446 1286 769 1354 valetudo
803 1283 1115 1368 voluptati
1149 1292 1601 1370 anteponatur,
1636 1282 1804 1347 vires
1840 1281 2177 1358 celeritati,
2222 1293 2515 1347 externo-

446 1405 611 1447 rum
657 1392 873 1444 autem
887 1422 906 1453 ,
950 1387 1024 1440 ut
1058 1375 1263 1462 gloria
1298 1374 1551 1452 divitiis,
1586 1375 1927 1462 vectigalia
1960 1373 2208 1441 urbana
2239 1377 2512 1442 rusticis,

446 1501 533 1543 ex
588 1495 727 1560 quo
769 1491 1005 1558 genere
1046 1469 1535 1556 comparationis
1568 1469 1728 1534 illud
1765 1481 1860 1536 est
1905 1468 2168 1536 Catonis
2221 1471 2419 1536 senis:
2477 1494 2515 1536 a

447 1593 589 1656 quo
643 1587 789 1633 eum
825 1575 1267 1650 quaereretur,
1312 1564 1467 1649 quid
1501 1586 1801 1630 maxume
1845 1565 1913 1629 in
1956 1588 2025 1630 re
2069 1563 2368 1630 familiari
2403 1589 2513 1630 ex-

444 1662 750 1752 pediret?
783 1659 1136 1746 respondit:
1183 1659 1374 1727 ‘bene
1408 1681 1669 1746 pascere
1682 1659 1734 1736 ;'
1768 1659 1923 1744 quid
1957 1660 2346 1726 secundum?
2383 1667 2514 1726 ‘sa—

449 1761 531 1824 tis
587 1757 759 1822 bene
802 1753 1105 1847 pascere?
1193 1753 1349 1837 quid
1383 1753 1680 1823 tertium?
1732 1755 1926 1820 ‘male
1968 1755 2272 1838 pascere?
2359 1754 2510 1838 quid

446 1849 803 1938 quartum?
856 1848 1113 1913 ‘arare'
1202 1859 1265 1912 et
1306 1869 1453 1914 cum
1484 1846 1624 1923 ille,
1671 1846 1780 1931 qui
1819 1847 2205 1931 quaesierat,
2251 1845 2515 1913 dixisset

448 1945 649 2031 ‘quid
684 1941 1066 2009 faenerari?'
1102 1952 1241 2007 tum
1256 1937 1436 2006 Cato
1473 1941 1658 2025 ‘quid
1693 1940 2046 2007 hominem’
2078 1942 2286 2028 inquit
2319 1943 2513 2008 ‘oeci-

448 2039 683 2108 dere?'
730 2062 811 2106 ex
861 2059 990 2122 quo
1033 2047 1097 2103 et
1140 2037 1357 2102 multis
1400 2036 1542 2101 aliis
1591 2035 1875 2124 intellegi
1931 2035 2121 2102 debet
2166 2036 2512 2104 utilitatum

449 2134 971 2222 comparationes
1016 2132 1155 2200 fieri
1199 2131 1401 2200 solere
1444 2141 1745 2216 recteque
1789 2131 1912 2200 hoc
1957 2131 2332 2201 adiunctum
2373 2155 2512 2199 esse

448 2241 767 2314 quartum
802 2226 1335 2310 exquirendorum
1371 2225 1728 2292 officiorum
1761 2247 1985 2312 genus.
2053 2227 2302 2312 reliqua
2335 2227 2512 2294 dein-

450 2345 615 2406 ceps
649 2341 1126 2405 persequemur.

2550 517 2620 570 25

2560 589 2611 628 88

2547 1501 2599 1542 89

2546 2243 2599 2283 90

2957 437 2980 662 -—„-—‘—-*
2975 403 2977 416 -
2974 335 2977 380 Α».
2966 241 2977 309 ιᾸ-.
