3292 4559
989 214 1096 269 DE
1130 213 1231 271 BE
1266 210 1608 273 PUBLICA
1640 210 1748 267 111.
1779 208 2017 265 10—15.
2406 192 2533 256 20⁷

606 340 699 405 M.
745 336 980 403 Tullius
1025 339 1098 401 de
1141 357 1208 400 re
1240 336 1419 421 publ.
1469 335 1572 399 lib.
1619 334 1749 399 III
1743 358 1769 396 .·
1820 353 1989 415 quae
2036 329 2237 395 virtus
2283 338 2537 414 praeter

468 444 722 499 ceteras
767 442 900 495 tota
947 452 1016 495 se
1058 429 1143 493 ad
1187 430 1428 495 alienas
1465 428 1733 513 porrigit
1767 426 2071 491 utilitates
2106 434 2299 507 atque
2336 422 2537 508 expli-

471 538 600 593 cat.
688 524 966 608 (Nonius
1001 545 1063 587 v,
1101 524 1404 609 explicare
1438 543 1502 608 p.
1539 521 1723 607 299.)

606 621 643 656 ³*
678 618 714 653 ⁴⁸*
748 618 784 651 *
821 616 832 702 Ι
871 628 935 683 et
969 617 1278 703 reperiret
1309 626 1377 683 et
1410 626 1728 692 tueretur,
1772 614 1935 679 alter
1976 623 2195 679 autem
2220 690 2227 698 ἱ
2250 608 2341 698 [p.
2378 608 2527 675 205.

469 715 556 781 de
620 714 760 799 ipsa
820 711 1062 777 iustitia
1121 721 1424 795 quattuor
1475 709 1747 797 inplevit
1800 730 1953 773 sane
2006 706 2281 793 grandis
2320 705 2536 769 libros.

467 830 630 873 nam
663 806 747 871 ab
776 802 1140 890 Chrysippo
1174 804 1334 869 nihil
1368 826 1679 889 magnum
1702 824 1823 869 nec
1849 800 2263 887 magnificum
2290 797 2539 863 deside·-

471 901 636 977 ravi,
671 899 784 984 qui
819 919 934 965 suo
971 896 1251 981 quodam
1285 918 1464 963 more
1497 897 1803 980 loquitur,
1840 906 1915 960 ut
1948 894 2165 959 omnia
2197 892 2539 957 verborum

475 993 818 1059 momentis
831 1038 852 1069 ,
887 1013 1020 1057 non
1051 1012 1266 1057 rerum
1300 991 1691 1077 ponderibus
1727 989 2075 1055 examinet:
2128 987 2383 1055 illorum
2417 984 2541 1051 fuit

475 1089 750 1155 heroum
783 1109 930 1153 eam
964 1086 1286 1164 virtutem,
1321 1106 1490 1168 quae
1525 1096 1626 1151 est
1657 1107 1817 1163 una,
1854 1084 1911 1149 si
1942 1082 2227 1159 modost,
2262 1080 2539 1145 maxime

476 1180 786 1247 munifica
834 1192 900 1245 et
948 1179 1228 1245 liberalis
1279 1191 1347 1245 et
1387 1200 1556 1264 quae
1601 1179 1809 1245 omnis
1853 1178 2061 1265 magis
2116 1198 2313 1261 quam
2356 1196 2540 1261 sepse

479 1274 721 1362 diligit,
775 1273 914 1339 aliis
965 1284 1120 1339 nata
1172 1273 1388 1359 potius
1425 1271 1438 1358 Ι
1471 1293 1673 1357 quam
1723 1272 1875 1349 sibi,
1928 1273 2205 1338 excitare
2260 1268 2353 1356 [p.
2390 1268 2539 1333 206.

475 1371 796 1436 iacentem
847 1378 912 1433 et
942 1367 1030 1433 ‘in
1080 1367 1190 1433 illo
1245 1368 1460 1433 divino
1515 1368 1673 1433 solio
1727 1389 1857 1433 non
1908 1368 2101 1453 longe
2148 1389 2187 1431 a
2232 1364 2543 1451 sapientia

480 1464 836 1529 conlocare.
923 1484 1043 1528 nec
1098 1483 1250 1527 vero
1303 1462 1428 1527 illis
1485 1472 1598 1526 aut
1651 1462 1947 1527 voluntas
2000 1461 2205 1527 defuit
2248 1497 2329 1507 —-
2374 1481 2540 1543 quae

479 1556 656 1622 enim
689 1556 766 1621 iis
803 1555 1128 1621 scribendi
1164 1555 1290 1621 alia
1327 1578 1522 1621 causa
1558 1566 1672 1620 aut
1706 1555 1881 1640 quod
1915 1554 2179 1621 omnino·
2210 1553 2543 1619 consilium

480 1650 643 1715 fuit?
686 1685 756 1696 -—
798 1661 911 1714 aut
960 1650 1324 1736 ingenium,
1377 1671 1508 1733 quo
1553 1648 1851 1715 omnibus
1897 1648 2376 1734 praestiterunt,
2430 1648 2544 1712 sed

483 1766 707 1809 eorum
743 1755 808 1809 et
841 1744 1238 1810 voluntatem
1273 1756 1337 1810 et
1371 1744 1626 1831 copiam
1660 1766 1857 1811 causa
1889 1743 2072 1808 vicit:
2106 1743 2207 1808 ius
2236 1741 2427 1819 enim,
2465 1741 2543 1807 de

483 1858 616 1922 quo
652 1836 1040 1921 quaerimus,
1078 1838 1263 1903 civile
1299 1850 1398 1904 est
1431 1839 1713 1923 aliquod,
1746 1838 2039 1903 naturale
2074 1837 2320 1901 nullum
2330 1861 2351 1914 3
2392 1858 2544 1899 nam

483 1932 540 1995 si
576 1942 772 2007 esset,
808 1940 881 1994 ut
917 1930 1126 1995 calida
1161 1942 1228 1997 et
1260 1931 1525 2017 frigida,
1571 1943 1646 1997 ut
1680 1955 1899 1997 amara
1932 1943 1999 1997 et
2032 1930 2275 2009 dulcia,
2316 1930 2411 1995 sic
2444 1950 2546 1993 es-

483 2035 626 2102 sent
652 2024 820 2089 iusta
846 2035 910 2088 et
933 2024 1192 2107 inliusta
1221 2025 1447 2093 eadem
1467 2026 1786 2091 omnibus.
1856 2047 2031 2091 nunc
2048 2034 2284 2101 autem,
2326 2022 2418 2110 [p.
2442 2022 2541 2087 17.

485 2119 542 2183 si
587 2118 730 2201 quis
773 2117 882 2182 illo
925 2117 1302 2183 Pacuviano
1355 2120 1664 2185 invehens
1712 2120 1935 2185 alitum
1986 2119 2296 2205 anguium
2350 2139 2543 2181 curru

2587 1483 2636 1523 13

484 2213 720 2276 multas
767 2221 832 2276 et
875 2211 1084 2277 varias
1131 2212 1342 2299 gentis
1381 2225 1448 2279 et
1479 2214 1655 2279 urbis
1692 2214 2019 2298 despicere
2056 2224 2120 2279 et
2155 2210 2357 2277 oculis
2395 2232 2546 2275 con·
2596 2240 2601 2245 ·

484 2308 756 2371 lustrare
791 2305 1022 2390 possit,
1059 2306 1275 2372 videat
1307 2308 1588 2393 primum
1619 2307 1690 2371 in
1722 2308 1835 2373 illa
1867 2307 2235 2391 incorrupta
2266 2304 2545 2370 maxime

484 2409 680 2485 gente
739 2400 1243 2485 Aegyptiorum,
1309 2423 1474 2485 quae
1525 2401 1957 2488 plurimorum
2019 2400 2419 2466 saeculorum
2484 2408 2547 2463 et

486 2502 860 2559 eventorum
901 2495 1276 2559 memoriam
1320 2496 1544 2562 litteris
1591 2496 1903 2573 continet,
1945 2495 2177 2561 bovem
2224 2493 2547 2579 quendam

483 2586 697 2674 putari
743 2588 966 2665 deum,
1021 2610 1216 2673 quem
1269 2589 1474 2676 Apim
1533 2588 1899 2677 [Aegyptii]
1958 2589 2319 2665 nominant,
2384 2588 2550 2653 mul·-

485 2696 680 2764 taque
751 2681 876 2745 alia
937 2694 1232 2767 portenta
1293 2685 1466 2771 apud
1531 2685 1791 2751 eosdem
1854 2694 1921 2749 et
1981 2684 2291 2765 cuiusque
2352 2702 2551 2765 gene·-

487 2776 578 2839 ris
615 2776 625 2857 Ι
667 2774 887 2838 beluas
931 2798 1201 2840 numero
1238 2790 1639 2843 consecratas
1678 2768 1971 2853 deorum}
2028 2775 2257 2840 deinde
2314 2772 2405 2861 [p.
2446 2772 2546 2837 18.

491 2866 838 2943 Graeciae,
893 2868 1060 2932 sicut
1112 2871 1289 2955 apud
1338 2892 1484 2946 nos,
1540 2871 1809 2935 delubra
1859 2868 2201 2955 magnifica
2252 2864 2550 2932 humanis

489 2970 862 3026 consecrata
907 2961 1292 3039 simulacris,
1347 2984 1510 3046 quae
1554 2963 1797 3028 Persae
1840 2962 2087 3028 nefaria
2129 2972 2547 3047 putaverunt3

491 3075 761 3138 eamque
805 3078 1002 3119 unam
1047 3056 1130 3119 ob
1169 3078 1432 3120 causam
1476 3056 1725 3123 Xerses
1769 3056 2151 3121 inflammari
2194 3054 2550 3119 Athenien·

493 3150 659 3215 sium
709 3149 863 3214 fana
913 3150 1173 3215 iussisse
1229 3151 1488 3229 dicitur,
1543 3151 1718 3234 quod
1769 3152 1953 3229 deos,
2006 3171 2281 3234 quorum
2323 3150 2549 3215 domus

494 3255 662 3309 esset
715 3244 919 3309 omnis
975 3244 1080 3307 hic
1133 3244 1442 3321 mundae,
1506 3245 1788 3310 inclusos
1841 3243 2190 3330 parietibus
2244 3242 2551 3307 contineri

491 3338 673 3404 nefas
709 3360 847 3403 esse
883 3339 1162 3404 duceret.
1223 3351 1370 3425 post
1405 3351 1620 3405 autem
1658 3363 1806 3405 cum
1839 3339 2057 3405 Persis
2094 3349 2159 3403 et
2189 3336 2548 3423 Philippus,

495 3432 606 3517 qui
658 3431 994 3517 cogitavit,
1049 3444 1115 3499 et
1158 3434 1560 3513 Alexander,
1613 3434 1726 3517 qui
1776 3432 2007 3521 gessit,
2061 3432 2227 3497 hanc
2270 3429 2551 3496 bellandi

496 3548 756 3592 causam
815 3526 1176 3610 infelrebat,
1240 3529 1414 3613 quod
1455 3529 1668 3593 ·vellet
1721 3525 2034 3593 Graeciae
2099 3525 2251 3590 fana
2306 3522 2398 3611 [p.
2444 3523 2547 3587 27.

498 3621 784 3709 poenire;
823 3643 988 3705 quae
1027 3644 1111 3687 ne
1144 3622 1486 3689 reficienda
1521 3623 1782 3708 quidem
1818 3619 2004 3687 Graii
2038 3628 2444 3707 putaverunt,
2479 3628 2551 3682 ut

500 3726 664 3780 esset
724 3716 990 3801 posteris
1056 3727 1202 3783 ante
1265 3739 1334 3781 os
1397 3717 1849 3783 documentum
1899 3715 2245 3780 Persarum
2298 3712 2549 3778 sceleris

503 3810 968 3894 sempiternum.
1057 3833 1253 3899 quam
1297 3812 1510 3889 multi,
1556 3823 1629 3875 ut
1672 3809 1873 3875 Tauri
1916 3809 1984 3875 in
2028 3808 2246 3873 Axino
2259 3854 2276 3883 ‚
2322 3817 2395 3871 ut
2437 3826 2551 3871 rex

506 3904 785 3989 Aegypti
817 3904 1096 3983 Busiris,
1142 3918 1214 3971 ut
1251 3903 1454 3981 Galli,
1500 3916 1574 3970 ut
1605 3903 1842 3980 Poeni,
1885 3901 2175 3967 homines
2220 3898 2552 3965 immolare

508 4009 570 4063 et
613 3998 792 4083 pium
825 4010 888 4064 et
923 4000 1021 4065 dis
1058 3999 1498 4065 inmortalibus
1533 3999 1992 4085 gratissumum
2027 4019 2166 4063 esse
2202 3990 2547 4061 duxerunt!

2596 3358 2644 3400 15
