3292 4559
786 246 833 311 2
904 262 907 264 “
1408 256 1487 311 M.
1522 254 1798 313 TULLII
1833 255 2233 316 CICERONIS

786 370 979 425 cilium
994 369 1239 425 Balbum
1256 384 1317 423 se
1346 366 1609 424 audiente
1638 368 1898 423 instituta
1921 369 2112 439 refert,
2149 370 2208 425 in
2227 387 2340 441 qua
2359 388 2503 443 quae
2524 390 2560 429 a
2582 374 2851 447 principi-

784 447 895 502 bus
920 447 1033 501 illis
1058 447 1227 501 trium
1254 445 1676 516 disciplinarum
1702 446 1990 516 disputata
2007 448 2120 502 sint
2145 464 2206 503 se
2226 448 2366 503 dicit
2389 450 2478 505 his
2505 450 2662 505 libris
2681 471 2849 525 expo-

786 541 921 579 nere
940 524 1294 579 constituisse
1314 524 1461 595 (cap.
1484 524 1517 577 6
1536 528 1593 577 et
1612 523 1686 595 7).
1731 522 1808 577 Et
1823 523 1882 578 in
1899 525 2007 579 hoc
2025 524 2253 595 quidem
2268 526 2450 597 primo
2465 528 2610 583 libro
2627 528 2848 586 initium

786 601 1111 671 disputandi
1135 600 1278 656 facit
1296 599 1358 657 Ο.
1377 600 1631 655 Velleius
1660 606 1718 655 et
1742 617 1777 654 a
1803 602 2236 671 reprehensione
2265 604 2490 673 quidem
2516 605 2847 663 Platonicae

787 683 847 733 et
872 676 1095 735 Stoicae
1130 678 1389 746 rationis,
1430 694 1667 747 quarum
1693 676 1796 731 illa
1828 678 2098 733 mundum
2127 695 2162 733 a
2189 679 2296 735 deo
2323 685 2610 752 tamquam
2645 682 2846 753 opifice

788 762 958 827 atque
978 754 1337 811 aedificatore
1362 755 1679 825 profectum
1697 755 2090 824 contendebat,
2130 758 2312 813 altera
2341 761 2640 831 πρόνοιαν,
2676 761 2736 814 id
2761 767 2848 816 est

784 833 1211 904 providentiam,
1224 832 1548 901 inducebat,
1562 850 1597 886 a
1616 848 1730 902 qua
1745 833 1984 887 mundus
2002 833 2236 889 effectus
2255 841 2403 891 esset
2421 840 2478 891 et
2495 837 2846 891 administra-

783 916 955 980 retur,
992 914 1230 980 utraque
1248 914 1436 970 autem
1451 909 1722 965 mundum
1741 910 1926 965 animo
1945 916 2004 965 et
2019 910 2274 966 sensibus
2291 912 2624 983 praeditum,
2651 920 2844 969 rotun-

786 989 943 1057 dum,
984 988 1273 1043 ardentem
1298 988 1712 1058 volubilemque
1743 988 1996 1043 faciebat
2013 988 2161 1059 (cap.
2180 988 2410 1063 8—10).
2479 989 2846 1062 Reliquorum

786 1066 991 1120 deinde
1028 1066 1273 1119 omnium
1306 1065 1765 1136 philosophorum
1799 1066 1932 1119 inde
1969 1082 2004 1119 a
2029 1064 2270 1121 Thalete
2307 1068 2378 1123 de
2417 1068 2522 1123 deo
2551 1070 2846 1125 sententiis

783 1142 1029 1197 breviter
1046 1143 1489 1197 commemoratis
1508 1148 1566 1197 et
1580 1142 1934 1212 reprehensis
1953 1142 2101 1213 (cap.
2123 1143 2385 1215 10-15)‚
2423 1146 2498 1199 ad
2515 1145 2694 1215 ipsam
2709 1147 2846 1217 Epi·

784 1235 1011 1273 cui-eam
1036 1220 1107 1274 de
1134 1220 1220 1273 dis
1245 1220 1522 1276 rationem
1550 1219 1943 1290 explicandam
1973 1218 2216 1287 accedit,
2255 1236 2424 1289 quam
2448 1236 2619 1275 unam
2653 1241 2847 1279 veram

784 1314 907 1351 esse
938 1296 1230 1353 existimat.
1304 1296 1497 1352 Solum
1524 1296 1674 1352 enim
1689 1296 1994 1365 Epicurum
2019 1295 2240 1364 vidisse,
2269 1296 2510 1365 primum
2537 1315 2658 1355 esse
2686 1301 2844 1371 deos,

784 1371 935 1443 quod
960 1375 1020 1427 in
1038 1374 1283 1427 omnium
1302 1374 1501 1429 animis
1518 1390 1710 1429 eorum
1725 1372 2012 1427 notionem
2039 1373 2411 1443 impressisset
2425 1381 2630 1431 natura
2647 1386 2704 1432 et
2721 1379 2844 1433 sine

784 1452 1039 1506 doctrina
1092 1451 1552 1521 anticipationem
1596 1449 1878 1520 quandam
1915 1448 2169 1518 deorum,
2227 1464 2396 1519 quam
2430 1452 2552 1521 ipse
2591 1454 2847 1523 appellat

782 1528 1089 1598 πρόληψιν,
1108 1528 1229 1583 sine
1249 1543 1361 1597 qua
1375 1543 1489 1580 non
1506 1525 1764 1597 intellegi
1781 1525 2080 1595 quicquam
2104 1542 2210 1580 nec
2230 1527 2422 1597 quaeri
2441 1545 2546 1583 nec
2566 1529 2849 1599 disputari

779 1621 973 1675 posse:
1009 1604 1069 1657 id
1105 1621 1171 1657 ex
1191 1620 1259 1659 eo
1285 1602 1571 1673 intellegi,
1611 1602 1764 1673 quod
1791 1603 2034 1657 omnium
2069 1602 2354 1657 hominum
2389 1606 2449 1659 in
2485 1622 2553 1661 eo
2587 1606 2662 1660 sit
2695 1608 2843 1663 mira

782 1680 1073 1735 consensio
1086 1719 1100 1747 ,
1156 1685 1221 1732 ut
1254 1680 1389 1733 deos
1436 1695 1557 1733 esse
1606 1682 1886 1747 statuant,
1941 1696 2212 1749 eamque·
2225 1681 2684 1751 anticipationem
2721 1685 2840 1740 sive

781 1756 1205 1829 praenotionem
1223 1756 1454 1811 deorum
1470 1756 1738 1825 habeant,
1767 1762 1834 1810 ut
1851 1772 1947 1811 eos
1965 1756 2164 1811 beatos
2182 1762 2241 1813 et
2257 1758 2596 1815 immortales
2611 1766 2816 1831 putent
2827 1781 2846 1817 τ

781 1847 850 1888 ex
876 1848 987 1903 quo
1016 1832 1301 1902 consequi,
1338 1836 1403 1887 ut
1428 1832 1569 1886 nihil
1594 1833 1812 1905 negotii
1846 1850 1953 1889 nec
1979 1832 2088 1904 ipsi
2114 1834 2364 1889 habeant
2387 1853 2494 1891 nec
2529 1836 2654 1891 aliis
2689 1838 2844 1893 exhi-

778 1909 957 1965 beant
971 1925 1155 1979 neque
1182 1910 1269 1963 ira
1284 1926 1467 1980 neque
1494 1910 1684 1981 gratia
1700 1915 2015 1979 teneantur,
2054 1910 2209 1981 quia,
2243 1928 2388 1982 quae
2413 1914 2554 1967 talia
2571 1914 2700 1983 sint,
2739 1916 2842 1969 im-

778 1986 989 2041 becilla
1024 1988 1137 2040 sint
1174 1987 1378 2041 omnia.
1448 1988 1519 2041 Id
1545 1988 1594 2041 si
1618 1988 1704 2041 ita
1727 1987 1819 2056 sit,
1857 1988 1952 2058 pie
1979 1988 2244 2042 colendos
2279 2006 2402 2045 esse
2437 1990 2572 2045 deos
2607 1998 2842 2061 propter

778 2054 1163 2135 praestantem
1187 2070 1463 2133 naturam,
1500 2064 1658 2119 nullo
1687 2070 1874 2119 autem
1901 2066 2067 2121 modo
2092 2066 2387 2135 timendos,
2426 2082 2536 2137 quo
2564 2084 2676 2121 uno
2705 2070 2842 2125 dicit

780 2158 1001 2195 omnem
1026 2142 1476 2211 superstitionem
1504 2142 1679 2199 everti
1705 2142 1854 2214 (cap.
1876 2144 1942 2196 16
1961 2147 2020 2197 et
2037 2143 2144 2213 17).
2217 2141 2330 2197 Sed
2357 2144 2430 2197 ad
2455 2144 2604 2199 hanc
2621 2146 2839 2215 opinio·

781 2234 911 2272 nem
928 2216 1367 2273 confirmandam
1394 2220 1690 2287 anquirere
1719 2220 1966 2273 animum
1985 2227 2043 2274 et
2068 2219 2306 2273 formam
2325 2226 2382 2275 et
2399 2221 2572 2275 vitam
2591 2228 2649 2277 et
2665 2224 2842 2277 actio·

780 2312 911 2350 nem
936 2295 1141 2349 mentis
1168 2300 1335 2365 atque
1364 2295 1732 2367 agitationem
1767 2296 1827 2349 in
1853 2296 1976 2364 de0‚
2016 2302 2074 2350 et
2107 2294 2348 2367 figuram
2375 2298 2600 2367 quidem
2624 2300 2840 2353 nullam

779 2388 943 2443 posse
964 2371 1133 2427 aliam
1152 2388 1273 2427 esse
1291 2372 1401 2426 nisi
1412 2372 1741 2440 humanam,
1760 2372 2000 2443 primum
2017 2373 2166 2441 quod
2181 2378 2386 2427 natura
2403 2376 2648 2443 speciem
2667 2376 2841 2431 aliam

780 2449 1010 2503 deorum
1026 2464 1141 2502 non
1158 2447 1483 2517 habeamus,
1496 2449 1700 2504 deinde
1720 2449 1870 2519 quod
1887 2449 2136 2503 humana
2153 2448 2336 2505 forma
2353 2451 2426 2504 sit
2441 2451 2836 2522 pulcherrima,

777 2525 945 2580 tertio
966 2527 1115 2597 quod
1132 2526 1192 2580 in
1212 2528 1326 2581 alia
1349 2527 1509 2581 nulla
1532 2524 1720 2597 figura
1738 2525 2077 2579 domicilium
2101 2527 2303 2581 mentis
2321 2544 2442 2582 esse
2459 2529 2654 2599 possit.
2725 2530 2841 2585 Ne-

778 2618 888 2673 que
904 2607 1095 2658 tamen
1112 2620 1241 2658 eam
1261 2604 1505 2673 speeiem
1524 2620 1726 2673 corpus
1745 2620 1884 2670 esse,
1923 2603 2024 2658 sed
2041 2605 2202 2673 quasi
2217 2620 2437 2674 corpus,
2467 2622 2702 2677 eamque
2721 2623 2840 2662 non

778 2696 963 2749 sensu,
1004 2681 1104 2736 sed
1128 2686 1315 2735 mente
1346 2681 1515 2749 cerni,
1552 2697 1660 2735 nec
1687 2680 1970 2735 soliditate
1996 2696 2104 2735 nec
2129 2680 2204 2735 ad
2225 2698 2534 2752 numerum,
2573 2684 2672 2738 sed
2697 2684 2838 2739 ima-

778 2756 1005 2830 ginibus
1024 2758 1383 2812 similitudine
1404 2764 1463 2812 et
1478 2758 1807 2812 transitione
1823 2757 2120 2827 perceptis,
2189 2758 2381 2813 Vitam
2400 2766 2588 2815 autem
2605 2761 2838 2817 deorum

778 2850 901 2889 esse
928 2834 1307 2889 beatissimam
1338 2840 1396 2888 et
1422 2834 1680 2889 omnibus
1703 2833 1869 2888 bonis
1897 2834 2265 2889 adfluentem:
2299 2836 2440 2890 nihil
2467 2837 2616 2891 enim
2643 2855 2834 2909 agere,

778 2924 883 2964 sua
898 2908 1105 2965 virtute
1133 2916 1191 2966 et
1218 2911 1501 2981 sapientia
1525 2912 1776 2982 gaudere
1793 2916 1852 2965 et
1875 2912 2088 2965 habere
2108 2912 2455 2983 exploratum
2471 2914 2592 2969 fore
2611 2932 2672 2970 se
2693 2932 2836 2971 sem-

775 3002 879 3055 per
902 2986 964 3041 in
990 2988 1243 3043 maximis
1264 2988 1654 3059 voluptatibus
1681 2989 1829 3061 (cap.
1858 2989 2120 3060 18—20).
2187 2990 2296 3044 His
2337 2993 2604 3062 expositis
2639 2998 2837 3050 contra

778 3063 1030 3133 disputat
1056 3062 1241 3135 Cotta,
1280 3084 1394 3121 non
1419 3072 1486 3121 ut
1512 3066 1727 3137 aliquid
1753 3066 1874 3137 ipse
1903 3067 2186 3136 decernat,
2225 3069 2327 3123 sed
2343 3073 2408 3123 ut
2422 3069 2704 3139 Epicurea
2721 3071 2834 3126 dis-

777 3141 975 3211 solvat,
1012 3158 1197 3212 neque
1224 3144 1376 3213 quod
1404 3148 1577 3215 neget
1602 3160 1726 3199 esse
1745 3144 1898 3213 deos,
1937 3144 2036 3199 sed
2063 3145 2215 3215 quod
2239 3146 2530 3217 rationem,
2571 3164 2715 3219 quae
2735 3149 2835 3203 ad·

774 3218 1017 3287 feratur,
1052 3217 1271 3274 firmam
1297 3236 1411 3275 non
1436 3226 1615 3292 putet.
1687 3220 1836 3279 Nam
1862 3226 2269 3293 argumentum,
2307 3224 2457 3293 quod
2485 3224 2558 3279 ab
2586 3224 2834 3279 omnium

775 3296 1061 3349 hominum
1087 3312 1363 3352 consensu
1388 3303 1630 3367 petatur,
1671 3314 1798 3352 cum
1816 3298 1937 3353 leve
1965 3316 2070 3369 per
2085 3316 2144 3353 se
2161 3304 2282 3353 tum
2301 3300 2469 3355 etiam
2485 3301 2692 3355 falsum
2711 3318 2832 3356 esse

776 3374 925 3445 (cap.
945 3374 1213 3444 21—23).
1286 3374 1401 3430 Sed
1428 3376 1564 3429 deos
1582 3392 1706 3431 esse
1734 3376 1963 3431 concedi
1991 3393 2186 3446 posse:
2221 3376 2364 3431 illud
2383 3378 2570 3433 doceri
2589 3396 2648 3433 se
2665 3379 2831 3447 velle,

775 3451 927 3505 unde
956 3451 1093 3520 sint,
1132 3452 1232 3506 ubi
1258 3452 1395 3521 sint,
1438 3454 1632 3522 quales
1659 3453 1798 3522 sint,
1839 3455 1914 3508 ad
1933 3470 2078 3524 quae
2097 3453 2284 3508 omnia
2302 3454 2498 3509 atomis
2519 3456 2676 3509 abuti
2697 3455 2834 3525 Epi·

773 3543 991 3596 eureos,
1032 3543 1171 3598 quas
1207 3532 1385 3599 negat
1414 3529 1593 3598 primo
1629 3530 1778 3585 ullas
1814 3548 1956 3600 esse,
1995 3532 2144 3601 quod
2177 3532 2366 3585 nullus
2401 3531 2476 3585 sit
2507 3533 2834 3602 corporibus

770 3610 985 3659 ‘vacuus
1002 3605 1178 3675 locus,
1218 3606 1439 3675 deinde,
1478 3604 1527 3659 si
1544 3605 1673 3675 sint,
1713 3606 1866 3661 effici
1882 3613 1946 3661 ut
1965 3608 2177 3663 aeterni
2197 3608 2256 3661 di
2271 3624 2385 3661 non
2403 3608 2515 3662 sint
2531 3614 2589 3663 et
2603 3608 2832 3664 interire

771 3681 1009 3751 possint,
1050 3698 1159 3751 quo
1197 3682 1498 3737 constituto
1530 3681 1936 3739 beatitudinem
1973 3684 2201 3739 deorum
2235 3684 2375 3739 tolli.
2445 3685 2540 3739 Ad
2565 3686 2713 3741 hanc
2745 3702 2832 3742 res-

770 3759 1202 3827 prehensionem
1218 3759 1505 3813 vitandam
1516 3760 1680 3828 quasi
1695 3776 1894 3830 corpus
1913 3766 1972 3816 et
1989 3761 2148 3831 quasi
2165 3762 2496 3833 sanguinem
2513 3762 2835 3835 excogitata

770 3844 927 3903 esse,
975 3852 1121 3905 quae
1159 3836 1295 3906 quid
1339 3836 1451 3891 sint
1484 3836 1764 3892 neminem
1805 3854 1970 3906 posse
2011 3838 2344 3910 intellegere
2379 3839 2528 3911 (cap.
2563 3840 2829 3913 24—26).

770 3909 995 3975 Quibus
1016 3920 1203 3968 autem
1219 3913 1529 3971 rationibus
1546 3915 1796 3969 humana
1808 3914 1988 3968 forma
2009 3913 2094 3969 dis
2115 3916 2454 3986 adsumatur,
2493 3934 2590 3973 eas
2617 3917 2832 3971 nullam

770 3986 887 4041 *vim
911 3988 1138 4044 habere.
1179 4020 1183 4027 ·
1208 3990 1355 4047 Nam
1373 3993 1523 4062 quod
1542 4006 1734 4046 omnes
1751 3990 1870 4045 fere
1895 3990 2164 4061 homines,
2191 4000 2416 4063 praeter
2431 3994 2746 4065 Aegyptios
2774 3998 2832 4048 et

761 4078 989 4135 ”paucas
1006 4064 1151 4123 forte
1172 4066 1311 4124 alias
1322 4074 1549 4141 gentes,
1570 4084 1696 4123 eam
1710 4067 1946 4123 formam
1965 4068 2050 4123 dis
2071 4069 2410 4145 cogitatione
2429 4069 2741 4141 adfingant,
2769 4068 2832 4123 id
