3292 4559
780 242 905 309 140
1393 252 1469 305 Μ.
1509 248 1784 308 TULLII
1819 245 2220 305 CICERONIS

776 400 963 443 omne
1018 376 1284 450 animal,
1339 373 1514 458 quod
1567 372 1888 448 videmus,
1943 382 2112 437 esset
2162 372 2253 436 illi
2306 371 2603 449 animali,
2679 375 2867 456 quod
2963 363 2964 372 ἵ

778 472 1107 547 sentimus,
1146 470 1229 533 ad
1266 468 1658 537 aeternitatis
1695 467 2114 531 imitationem
2155 466 2569 530 simillimum.

677 584 745 639 10
907 564 996 629 Et
1039 575 1252 630 cetera
1288 563 1548 647 quidem
1584 581 1793 644 usque
1828 560 1912 624 ad
1946 560 2251 645 temporis
2287 570 2496 623 ortum
2535 582 2864 645 expressa

777 660 860 724 ab
904 658 1029 724 illis
1040 706 1059 736 ,
1112 679 1278 742 quae
1323 656 1721 732 imitabatur,
1769 654 2134 731 effinxerat,
2190 654 2304 719 sed
2346 654 2501 737 quia
2551 654 2861 719 nondum

777 775 966 819 omne
1003 752 1240 818 animal
1274 752 1342 816 in
1377 750 1617 815 mundo
1652 750 1825 815 intus
1859 750 2233 826 incluserat,
2279 772 2359 813 ex
2393 770 2473 814 ea
2507 760 2711 834 parte
2748 750 2863 815 de-

776 846 1032 913 ficiebat
1100 848 1183 912 ad
1252 846 1655 933 propositum
1716 845 2044 929 exemplar
2105 844 2401 929 imaginis
2465 844 2859 909 similitudo·
2949 892 2959 912 κ,

777 952 934 1025 quot
976 940 1174 1028 igitur
1209 952 1274 1006 et
1308 939 1516 1024 qualis
1553 938 1925 1003 animalium
1960 937 2200 1003 formas
2235 960 2415 1003 mens
2450 939 2520 1002 in
2560 939 2858 1024 speciem

775 1058 991 1100 rerum
1041 1035 1295 1100 intuens
1347 1043 1598 1119 poterat
1651 1055 1940 1109 cernere,
1995 1032 2259 1097 totidem
2304 1042 2366 1097 et
2410 1032 2559 1097 talis
2604 1033 2686 1097 in
2734 1033 2856 1097 hoc

776 1129 1016 1193 mundo
1062 1150 1279 1194 secum
1324 1127 1630 1212 cogitavit
1665 1125 1992 1212 effingere.
2082 1137 2263 1191 erant
2296 1136 2511 1192 autem
2550 1127 2852 1191 animan-

777 1223 938 1287 tium
972 1244 1210 1308 genera
1245 1231 1569 1304 quattuor,
1607 1241 1881 1304 quorum
1915 1242 2119 1285 unum
2154 1220 2441 1285 divinum
2469 1230 2677 1304 atque
2711 1244 2849 1287 cae-

777 1318 965 1391 leste,
1020 1315 1289 1380 alterum
1343 1314 1753 1401 pinnigerum
1807 1325 1871 1380 et
1918 1315 2190 1391 aerium,
2242 1316 2500 1380 tertium
2547 1318 2847 1402 aquatile,

779 1419 1072 1473 terrestre
1109 1419 1428 1492 quartum.
1517 1409 1773 1474 divinae
1810 1409 2213 1473 animationis
2251 1410 2529 1474 maxime
2562 1412 2852 1495 speciem

779 1502 1057 1567 faciebat
1099 1525 1181 1568 ex
1224 1503 1404 1589 igne,
1449 1513 1522 1567 ut
1566 1514 1630 1568 et
1676 1502 2224 1588 splendidissimus
2270 1513 2438 1568 esset
2472 1504 2540 1568 et
2576 1514 2852 1589 aspectu

777 1597 1272 1683 pulcherrimus3
1346 1618 1620 1680 cumque
1688 1619 1837 1661 eum
1903 1597 2176 1662 similem
2235 1598 2517 1662 universi
2572 1609 2852 1664 naturae

779 1691 1034 1757 efficere
1082 1692 1304 1769 vellet,
1363 1692 1446 1756 ad
1491 1691 1957 1756 volubilitatem
2000 1691 2369 1756 rotundavit
2411 1692 2850 1777 comitemque

780 1809 929 1850 eum
975 1786 1323 1872 sapientiae
1368 1807 1562 1870 quam
1608 1785 1888 1871 optimae
1936 1786 2168 1850 mentis
2216 1786 2429 1851 effecit
2466 1786 2850 1871 circumque

779 1901 966 1945 omne
1029 1880 1280 1944 caelum
1341 1879 1695 1964 aequaliter
1755 1879 2107 1956 distribuit,
2171 1890 2244 1944 ut
2303 1880 2477 1945 hunc
2530 1882 2851 1946 varietate
2959 1892 2960 1895 ’

745 1974 1146 2039 ‘distinctum
1189 1974 1355 2039 bene
1393 1972 1631 2040 Graeci
1676 1972 1950 2055 κόσμον,
1998 1994 2117 2037 nos
2159 1973 2480 2038 lucentem
2523 1975 2851 2042 mundum

777 2069 1270 2134 nominaremus·
1361 2068 1537 2133 dedit
1589 2078 1805 2133 autem
1859 2066 2093 2131 divinis
2150 2067 2277 2131 duo
2322 2089 2564 2153 genera
2609 2081 2848 2145 motu8,

779 2184 1008 2239 unum,
1063 2163 1238 2247 quod
1293 2184 1545 2247 semper
1595 2171 1763 2226 esset
1804 2162 1872 2225 in
1916 2161 2142 2225 eodem
2176 2164 2211 2241 †
2256 2161 2336 2226 de
2381 2182 2511 2244 quo
2559 2172 2629 2226 et
2671 2162 2846 2228 idem

779 2258 1074 2320 omnibus
1111 2267 1304 2338 atque
1341 2278 1470 2319 uno
1504 2256 1696 2319 modo
1732 2255 1986 2330 celaret,
2024 2256 2323 2329 alterum,
2362 2255 2537 2338 quod
2573 2256 2643 2321 in
2684 2258 2848 2321 anti-

780 2372 922 2415 cam
965 2360 1216 2434 partem
1251 2372 1290 2413 a
1326 2350 1741 2414 conversione
1788 2348 2075 2414 eiusdem
2111 2360 2175 2412 et
2210 2348 2431 2413 similis
2467 2350 2842 2434 pelleretur3

780 2444 1061 2525 quinque
1107 2453 1320 2507 autem
1365 2442 1628 2526 reliquis
1674 2443 1953 2506 motibus
1999 2442 2228 2506 orbum
2275 2465 2423 2507 eum
2460 2444 2669 2508 voluit
2708 2468 2843 2510 esse

780 2540 845 2599 et
889 2547 1244 2621 expertem,
1287 2537 1661 2602 inmobilem
1707 2548 1772 2601 et
1816 2547 2111 2602 stantem.
2200 2559 2282 2602 ex
2326 2557 2454 2620 quo
2488 2560 2736 2623 genere
2772 2563 2846 2604 ea

781 2639 928 2692 sunt
974 2630 1210 2707 sidera,
1254 2651 1424 2713 quae
1469 2631 1669 2696 infixa
1704 2632 1881 2695 caelo
1916 2652 2045 2694 non
2080 2640 2419 2694 moventur
2452 2630 2629 2708 loco,
2676 2654 2848 2717 quae

781 2733 929 2788 sunt
989 2724 1338 2789 animantia
1401 2747 1604 2810 eaque
1659 2724 1875 2789 divina
1927 2724 2012 2788 ob
2066 2746 2335 2808 eamque
2388 2746 2655 2789 causam
2713 2728 2845 2791 suis

780 2818 1038 2883 sedibus
1108 2818 1443 2884 inhaerent
1509 2830 1573 2884 et
1632 2829 1945 2904 perpetuo
2007 2829 2286 2884 manent.
2391 2841 2561 2902 quae
2625 2832 2847 2887 autem

780 2935 948 2997 vaga
993 2922 1057 2976 et
1100 2912 1394 2977 mutabili
1441 2914 2133 2991 erratione'labuntun
2187 2914 2280 2978 ita
2323 2924 2633 2999 generata
2669 2930 2845 2993 sunt,

779 3017 851 3070 ut
897 3030 1090 3091 supra
1136 3007 1432 3071 diximus.
1521 3010 1653 3073 iam
1688 3029 1841 3073 vero
1888 3019 2153 3085 terram,
2200 3009 2486 3073 altricem
2530 3021 2844 3086 nostram,

779 3121 945 3181 quae
999 3100 1262 3165 traiecto
1317 3102 1421 3166 axi
1467 3102 1844 3178 sustinetur,
1901 3102 2027 3167 diei
2073 3103 2404 3185 noctisque
2450 3103 2843 3170 effectricem

781 3193 1177 3277 eandemque
1233 3197 1595 3273 custodem,
1660 3197 2168 3280 antiquissimam
2221 3198 2486 3262 deorum
2549 3199 2843 3263 omnium

780 3287 981 3351 voluit
1017 3310 1156 3354 esse
1192 3312 1444 3366 eorum,
1480 3291 1594 3373 qui
1626 3290 1795 3355 intra
1830 3292 2080 3355 caelum
2114 3290 2551 3375 gignerentur.
2643 3293 2845 3357 lusio-

778 3405 891 3447 nes
948 3393 1164 3447 autem
1212 3384 1479 3449 deorum
1532 3396 1597 3450 et
1647 3385 1813 3449 inter
1864 3386 2038 3470 ipsos
2093 3383 2311 3471 [deos]
2367 3386 2841 3464 concursioneS,

778 3497 1070 3560 quaeque
1123 3478 1190 3542 in
1243 3479 1504 3543 orbibus
1560 3501 1781 3544 eorum
1826 3480 2270 3543 conversiones
2317 3499 2611 3563 quaeque
2655 3492 2843 3543 ante-

779 3572 1094 3636 cessiones
1149 3573 1476 3650 eveniant,
1533 3596 1809 3658 cumque
1861 3574 2025 3638 inter
2082 3596 2149 3637 se
2193 3596 2397 3659 paene
2444 3574 2840 3659 contingant,

779 3688 918 3743 eOS,
957 3666 1070 3749 qui
1103 3689 1304 3753 prope
1341 3670 1719 3753 copulentur
1754 3668 2196 3752 contrariaque
2230 3668 2523 3754 regione,
2572 3679 2638 3733 et
2672 3690 2843 3754 pone

781 3781 943 3843 quos
990 3771 1101 3825 aut
1144 3772 1292 3826 ante
1335 3763 1662 3838 labantur,
1712 3762 2074 3847 quibusque
2110 3762 2505 3848 temporibus
2543 3786 2583 3826 a
2618 3775 2841 3829 nostro

781 3866 1045 3939 aspectu
1090 3855 1467 3921 oblitescant
1508 3878 1856 3940 rursusque
1902 3856 2127 3921 emersi
2172 3867 2476 3921 terrorem
2523 3856 2843 3922 incutiant

778 3948 1040 4013 rationis
1087 3950 1453 4035 expertibus
1469 3998 1488 4028 ‚
1542 3952 1597 4014 si
1641 3950 1853 4014 verbis
1900 3950 2217 4035 explicare
2265 3972 2599 4026 conemur,
2661 3952 2840 4016 nullo

779 4041 987 4123 posito
1034 4045 1117 4107 ob
1164 4043 1382 4107 oculos
1427 4045 1769 4110 simulacro
1812 4067 2030 4112 earum
2066 4069 2312 4126 rerum,
2359 4045 2599 4109 frustra
2636 4047 2845 4113 susci-
