<?xml version="1.0" encoding="UTF-8"?>
<!DOCTYPE html PUBLIC "-//W3C//DTD XHTML 1.0 Transitional//EN"
    "http://www.w3.org/TR/xhtml1/DTD/xhtml1-transitional.dtd">
<html xmlns="http://www.w3.org/1999/xhtml" xml:lang="en" lang="en">
 <head>
  <title>
</title>
<meta http-equiv="Content-Type" content="text/html;charset=utf-8" />
  <meta name='ocr-system' content='tesseract 3.04.00' />
  <meta name='ocr-capabilities' content='ocr_page ocr_carea ocr_par ocr_line ocrx_word'/>
</head>
<body>
  <div class='ocr_page' id='page_1' title='image "./mtulliiciceroni03unkngoog_0083.png"; bbox 0 0 3292 4559; ppageno 0'>
   <div class='ocr_carea' id='block_1_1' title="bbox 925 264 2571 333">
    <p class='ocr_par' dir='ltr' id='par_1_1' title="bbox 925 264 2571 333">
     <span class='ocr_line' id='line_1_1' title="bbox 925 264 2571 333; baseline -0.002 0"><span class='ocrx_word' id='word_1_1' title='bbox 925 278 1032 333; x_wconf 85' lang='lat' dir='ltr'><strong>DE</strong></span> <span class='ocrx_word' id='word_1_2' title='bbox 1066 274 1396 333; x_wconf 86' lang='lat' dir='ltr'><strong>DEORUM</strong></span> <span class='ocrx_word' id='word_1_3' title='bbox 1429 275 1758 332; x_wconf 83' lang='lat' dir='ltr'>NATURA</span> <span class='ocrx_word' id='word_1_4' title='bbox 1791 274 1870 331; x_wconf 91' lang='lat'><strong>11.</strong></span> <span class='ocrx_word' id='word_1_5' title='bbox 1904 276 2147 331; x_wconf 79' lang='lat'>40—45.</span> <span class='ocrx_word' id='word_1_6' title='bbox 2485 264 2571 331; x_wconf 80' lang='lat'><strong>53</strong></span> 
     </span>
    </p>
   </div>
   <div class='ocr_carea' id='block_1_2' title="bbox 499 397 2669 4159">
    <p class='ocr_par' dir='ltr' id='par_1_2' title="bbox 499 397 2664 3195">
     <span class='ocr_line' id='line_1_2' title="bbox 507 397 2570 487; baseline 0.001 -20"><span class='ocrx_word' id='word_1_7' title='bbox 507 402 750 487; x_wconf 86' lang='lat' dir='ltr'><strong>quibus</strong></span> <span class='ocrx_word' id='word_1_8' title='bbox 785 405 896 467; x_wconf 77' lang='lat' dir='ltr'><strong>ae‘r</strong></span> <span class='ocrx_word' id='word_1_9' title='bbox 923 401 1004 467; x_wconf 90' lang='lat' dir='ltr'><strong>sit</strong></span> <span class='ocrx_word' id='word_1_10' title='bbox 1035 424 1234 487; x_wconf 86' lang='lat' dir='ltr'><strong>purus</strong></span> <span class='ocrx_word' id='word_1_11' title='bbox 1264 422 1341 465; x_wconf 90' lang='lat' dir='ltr'><strong>ac</strong></span> <span class='ocrx_word' id='word_1_12' title='bbox 1374 399 1604 477; x_wconf 87' lang='lat' dir='ltr'><strong>tenuis,</strong></span> <span class='ocrx_word' id='word_1_13' title='bbox 1641 421 1837 483; x_wconf 90' lang='lat' dir='ltr'><strong>quam</strong></span> <span class='ocrx_word' id='word_1_14' title='bbox 1862 397 2137 478; x_wconf 91' lang='lat' dir='ltr'><strong>illorum,</strong></span> <span class='ocrx_word' id='word_1_15' title='bbox 2172 399 2286 485; x_wconf 85' lang='lat' dir='ltr'><strong>qui</strong></span> <span class='ocrx_word' id='word_1_16' title='bbox 2310 411 2570 469; x_wconf 86' lang='lat' dir='ltr'><strong>utantur</strong></span> 
     </span>
     <span class='ocr_line' id='line_1_3' title="bbox 507 494 2664 581; baseline 0.001 -20"><span class='ocrx_word' id='word_1_17' title='bbox 507 518 722 562; x_wconf 86' lang='lat' dir='ltr'><strong>crasso</strong></span> <span class='ocrx_word' id='word_1_18' title='bbox 767 496 943 561; x_wconf 84' lang='lat' dir='ltr'><strong>eaelo</strong></span> <span class='ocrx_word' id='word_1_19' title='bbox 993 507 1186 579; x_wconf 86' lang='lat' dir='ltr'><strong>atque</strong></span> <span class='ocrx_word' id='word_1_20' title='bbox 1231 504 1526 561; x_wconf 85' lang='lat' dir='ltr'><strong>concreto</strong></span> <span class='ocrx_word' id='word_1_21' title='bbox 1538 518 1556 571; x_wconf 92' lang='lat'>;</span> <span class='ocrx_word' id='word_1_22' title='bbox 1609 494 1767 577; x_wconf 89' lang='lat' dir='ltr'><strong>quin</strong></span> <span class='ocrx_word' id='word_1_23' title='bbox 1810 494 2001 560; x_wconf 86' lang='lat' dir='ltr'><strong>etiam</strong></span> <span class='ocrx_word' id='word_1_24' title='bbox 2036 494 2178 561; x_wconf 88' lang='lat' dir='ltr'><strong>cibo</strong></span> <span class='ocrx_word' id='word_1_25' title='bbox 2214 518 2344 581; x_wconf 85' lang='lat' dir='ltr'><strong>quo</strong></span> <span class='ocrx_word' id='word_1_26' title='bbox 2387 508 2569 565; x_wconf 82' lang='lat' dir='ltr'><strong>utare</strong></span> <span class='ocrx_word' id='word_1_27' title='bbox 2612 516 2664 556; x_wconf 75' lang='lat'><strong>4³</strong></span> 
     </span>
     <span class='ocr_line' id='line_1_4' title="bbox 504 588 2569 675; baseline 0.001 -20"><span class='ocrx_word' id='word_1_28' title='bbox 504 591 814 657; x_wconf 88' lang='lat' dir='ltr'><strong>interesse</strong></span> <span class='ocrx_word' id='word_1_29' title='bbox 857 589 1100 675; x_wconf 85' lang='lat' dir='ltr'><strong>aliquid</strong></span> <span class='ocrx_word' id='word_1_30' title='bbox 1144 589 1228 653; x_wconf 89' lang='lat' dir='ltr'><strong>ad</strong></span> <span class='ocrx_word' id='word_1_31' title='bbox 1270 588 1500 655; x_wconf 84' lang='lat' dir='ltr'><strong>mentis</strong></span> <span class='ocrx_word' id='word_1_32' title='bbox 1545 588 1749 653; x_wconf 80' lang='lat' dir='ltr'><strong>aciem</strong></span> <span class='ocrx_word' id='word_1_33' title='bbox 1794 598 2050 674; x_wconf 83' lang='lat' dir='ltr'><strong>putant:</strong></span> <span class='ocrx_word' id='word_1_34' title='bbox 2103 590 2437 675; x_wconf 84' lang='lat' dir='ltr'>probabile</span> <span class='ocrx_word' id='word_1_35' title='bbox 2472 604 2569 657; x_wconf 85' lang='lat' dir='ltr'><strong>est</strong></span> 
     </span>
     <span class='ocr_line' id='line_1_5' title="bbox 506 682 2567 770; baseline 0.001 -21"><span class='ocrx_word' id='word_1_36' title='bbox 506 683 703 770; x_wconf 83' lang='lat' dir='ltr'><strong>igitur</strong></span> <span class='ocrx_word' id='word_1_37' title='bbox 735 695 1166 770; x_wconf 78' lang='lat' dir='ltr'><strong>praestantem</strong></span> <span class='ocrx_word' id='word_1_38' title='bbox 1207 683 1710 769; x_wconf 80' lang='lat' dir='ltr'><strong>intellegentiam</strong></span> <span class='ocrx_word' id='word_1_39' title='bbox 1743 682 1812 748; x_wconf 90' lang='lat' dir='ltr'><strong>in</strong></span> <span class='ocrx_word' id='word_1_40' title='bbox 1848 683 2161 749; x_wconf 81' lang='lat' dir='ltr'><strong>sideribus</strong></span> <span class='ocrx_word' id='word_1_41' title='bbox 2197 707 2367 763; x_wconf 86' lang='lat' dir='ltr'><strong>esse,</strong></span> <span class='ocrx_word' id='word_1_42' title='bbox 2403 706 2567 769; x_wconf 88' lang='lat' dir='ltr'><strong>quae</strong></span> 
     </span>
     <span class='ocr_line' id='line_1_6' title="bbox 501 776 2568 863; baseline 0 -20"><span class='ocrx_word' id='word_1_43' title='bbox 501 789 570 843; x_wconf 88' lang='lat' dir='ltr'><strong>et</strong></span> <span class='ocrx_word' id='word_1_44' title='bbox 608 778 957 843; x_wconf 79' lang='lat' dir='ltr'><strong>aetheriam</strong></span> <span class='ocrx_word' id='word_1_45' title='bbox 1001 787 1250 863; x_wconf 88' lang='lat' dir='ltr'><strong>partem</strong></span> <span class='ocrx_word' id='word_1_46' title='bbox 1284 776 1509 841; x_wconf 89' lang='lat' dir='ltr'><strong>mundi</strong></span> <span class='ocrx_word' id='word_1_47' title='bbox 1543 776 1825 841; x_wconf 79' lang='lat' dir='ltr'><strong>incolant</strong></span> <span class='ocrx_word' id='word_1_48' title='bbox 1860 788 1925 843; x_wconf 89' lang='lat' dir='ltr'><strong>et</strong></span> <span class='ocrx_word' id='word_1_49' title='bbox 1966 778 2227 843; x_wconf 89' lang='lat' dir='ltr'><strong>marinis</strong></span> <span class='ocrx_word' id='word_1_50' title='bbox 2273 779 2568 845; x_wconf 87' lang='lat' dir='ltr'><strong>terrenis-</strong></span> 
     </span>
     <span class='ocr_line' id='line_1_7' title="bbox 499 870 2566 956; baseline 0.001 -21"><span class='ocrx_word' id='word_1_51' title='bbox 499 892 634 955; x_wconf 87' lang='lat' dir='ltr'><strong>que</strong></span> <span class='ocrx_word' id='word_1_52' title='bbox 661 871 990 936; x_wconf 85' lang='lat' dir='ltr'><strong>mnoribus</strong></span> <span class='ocrx_word' id='word_1_53' title='bbox 1024 872 1219 956; x_wconf 86' lang='lat' dir='ltr'><strong>longo</strong></span> <span class='ocrx_word' id='word_1_54' title='bbox 1237 870 1572 937; x_wconf 84' lang='lat' dir='ltr'><strong>intervallo</strong></span> <span class='ocrx_word' id='word_1_55' title='bbox 1592 871 1950 936; x_wconf 84' lang='lat' dir='ltr'><strong>extenuatis</strong></span> <span class='ocrx_word' id='word_1_56' title='bbox 1981 872 2251 937; x_wconf 86' lang='lat' dir='ltr'><strong>alantur.</strong></span> <span class='ocrx_word' id='word_1_57' title='bbox 2306 894 2566 939; x_wconf 89' lang='lat' dir='ltr'><strong>sensum</strong></span> 
     </span>
     <span class='ocr_line' id='line_1_8' title="bbox 509 963 2567 1049; baseline 0 -20"><span class='ocrx_word' id='word_1_58' title='bbox 509 974 726 1029; x_wconf 88' lang='lat' dir='ltr'><strong>autem</strong></span> <span class='ocrx_word' id='word_1_59' title='bbox 779 975 1096 1029; x_wconf 78' lang='lat' dir='ltr'><strong>astrorum</strong></span> <span class='ocrx_word' id='word_1_60' title='bbox 1150 974 1342 1048; x_wconf 89' lang='lat' dir='ltr'><strong>atque</strong></span> <span class='ocrx_word' id='word_1_61' title='bbox 1393 963 1897 1049; x_wconf 83' lang='lat' dir='ltr'><strong>intellegentiam</strong></span> <span class='ocrx_word' id='word_1_62' title='bbox 1941 986 2241 1030; x_wconf 82' lang='lat' dir='ltr'><strong>maxume</strong></span> <span class='ocrx_word' id='word_1_63' title='bbox 2286 965 2567 1033; x_wconf 84' lang='lat' dir='ltr'><strong>declarat</strong></span> 
     </span>
     <span class='ocr_line' id='line_1_9' title="bbox 505 1057 2565 1143; baseline 0.002 -22"><span class='ocrx_word' id='word_1_64' title='bbox 505 1057 663 1122; x_wconf 91' lang='lat' dir='ltr'><strong>ordo</strong></span> <span class='ocrx_word' id='word_1_65' title='bbox 699 1078 920 1123; x_wconf 91' lang='lat' dir='ltr'><strong>eorum</strong></span> <span class='ocrx_word' id='word_1_66' title='bbox 956 1068 1150 1141; x_wconf 88' lang='lat' dir='ltr'><strong>atque</strong></span> <span class='ocrx_word' id='word_1_67' title='bbox 1187 1058 1663 1123; x_wconf 83' lang='lat' dir='ltr'><strong>constantia—</strong></span> <span class='ocrx_word' id='word_1_68' title='bbox 1693 1057 1853 1123; x_wconf 91' lang='lat' dir='ltr'><strong>nihil</strong></span> <span class='ocrx_word' id='word_1_69' title='bbox 1888 1068 1985 1123; x_wconf 88' lang='lat' dir='ltr'><strong>est</strong></span> <span class='ocrx_word' id='word_1_70' title='bbox 2019 1059 2219 1137; x_wconf 90' lang='lat' dir='ltr'><strong>enim,</strong></span> <span class='ocrx_word' id='word_1_71' title='bbox 2254 1059 2429 1143; x_wconf 91' lang='lat' dir='ltr'><strong>quod</strong></span> <span class='ocrx_word' id='word_1_72' title='bbox 2463 1082 2565 1125; x_wconf 88' lang='lat' dir='ltr'><strong>ra-</strong></span> 
     </span>
     <span class='ocr_line' id='line_1_10' title="bbox 503 1151 2564 1238; baseline 0 -21"><span class='ocrx_word' id='word_1_73' title='bbox 503 1151 678 1217; x_wconf 87' lang='lat' dir='ltr'><strong>tione</strong></span> <span class='ocrx_word' id='word_1_74' title='bbox 724 1162 790 1218; x_wconf 90' lang='lat' dir='ltr'><strong>et</strong></span> <span class='ocrx_word' id='word_1_75' title='bbox 834 1173 1101 1217; x_wconf 90' lang='lat' dir='ltr'><strong>numero</strong></span> <span class='ocrx_word' id='word_1_76' title='bbox 1145 1153 1390 1219; x_wconf 85' lang='lat' dir='ltr'><strong>moveri</strong></span> <span class='ocrx_word' id='word_1_77' title='bbox 1423 1152 1626 1238; x_wconf 90' lang='lat' dir='ltr'><strong>possit</strong></span> <span class='ocrx_word' id='word_1_78' title='bbox 1668 1152 1805 1217; x_wconf 86' lang='lat' dir='ltr'><strong>sine</strong></span> <span class='ocrx_word' id='word_1_79' title='bbox 1848 1152 2111 1218; x_wconf 86' lang='lat' dir='ltr'><strong>consilio</strong></span> <span class='ocrx_word' id='word_1_80' title='bbox 2146 1188 2263 1231; x_wconf 89' lang='lat'><strong>—-,</strong></span> <span class='ocrx_word' id='word_1_81' title='bbox 2314 1152 2385 1219; x_wconf 90' lang='lat' dir='ltr'><strong>in</strong></span> <span class='ocrx_word' id='word_1_82' title='bbox 2436 1175 2564 1238; x_wconf 89' lang='lat' dir='ltr'><strong>quo</strong></span> 
     </span>
     <span class='ocr_line' id='line_1_11' title="bbox 509 1244 2564 1357; baseline 0.001 -48"><span class='ocrx_word' id='word_1_83' title='bbox 509 1244 668 1309; x_wconf 89' lang='lat' dir='ltr'><strong>nihil</strong></span> <span class='ocrx_word' id='word_1_84' title='bbox 703 1255 801 1311; x_wconf 78' lang='lat' dir='ltr'><strong>est</strong></span> <span class='ocrx_word' id='word_1_85' title='bbox 835 1246 1262 1357; x_wconf 82' lang='lat' dir='ltr'><strong>temerarium,</strong></span> <span class='ocrx_word' id='word_1_86' title='bbox 1298 1246 1458 1310; x_wconf 89' lang='lat' dir='ltr'><strong>nihil</strong></span> <span class='ocrx_word' id='word_1_87' title='bbox 1490 1246 1761 1323; x_wconf 88' lang='lat' dir='ltr'><strong>varium,</strong></span> <span class='ocrx_word' id='word_1_88' title='bbox 1796 1246 1954 1311; x_wconf 90' lang='lat' dir='ltr'><strong>nihil</strong></span> <span class='ocrx_word' id='word_1_89' title='bbox 1988 1246 2341 1313; x_wconf 87' lang='lat' dir='ltr'><strong>fortuitum.</strong></span> <span class='ocrx_word' id='word_1_90' title='bbox 2410 1246 2564 1313; x_wconf 90' lang='lat' dir='ltr'><strong>ordo</strong></span> 
     </span>
     <span class='ocr_line' id='line_1_12' title="bbox 501 1339 2592 1426; baseline 0.002 -23"><span class='ocrx_word' id='word_1_91' title='bbox 501 1349 722 1405; x_wconf 87' lang='lat' dir='ltr'><strong>autem</strong></span> <span class='ocrx_word' id='word_1_92' title='bbox 773 1339 1054 1405; x_wconf 87' lang='lat' dir='ltr'><strong>siderum</strong></span> <span class='ocrx_word' id='word_1_93' title='bbox 1096 1351 1160 1406; x_wconf 90' lang='lat' dir='ltr'><strong>et</strong></span> <span class='ocrx_word' id='word_1_94' title='bbox 1211 1341 1280 1405; x_wconf 89' lang='lat' dir='ltr'><strong>in</strong></span> <span class='ocrx_word' id='word_1_95' title='bbox 1323 1339 1498 1406; x_wconf 91' lang='lat' dir='ltr'><strong>omni</strong></span> <span class='ocrx_word' id='word_1_96' title='bbox 1543 1341 1916 1406; x_wconf 86' lang='lat' dir='ltr'><strong>aeternitate</strong></span> <span class='ocrx_word' id='word_1_97' title='bbox 1960 1342 2315 1407; x_wconf 86' lang='lat' dir='ltr'><strong>constantia</strong></span> <span class='ocrx_word' id='word_1_98' title='bbox 2358 1354 2592 1426; x_wconf 83' lang='lat' dir='ltr'><strong>neque·</strong></span> 
     </span>
     <span class='ocr_line' id='line_1_13' title="bbox 502 1434 2565 1521; baseline 0 -21"><span class='ocrx_word' id='word_1_99' title='bbox 502 1445 800 1500; x_wconf 83' lang='lat' dir='ltr'><strong>naturam</strong></span> <span class='ocrx_word' id='word_1_100' title='bbox 851 1434 1168 1521; x_wconf 85' lang='lat' dir='ltr'><strong>significat</strong></span> <span class='ocrx_word' id='word_1_101' title='bbox 1199 1471 1288 1483; x_wconf 88' lang='lat'><strong>—-</strong></span> <span class='ocrx_word' id='word_1_102' title='bbox 1321 1446 1420 1501; x_wconf 93' lang='lat' dir='ltr'><strong>est</strong></span> <span class='ocrx_word' id='word_1_103' title='bbox 1471 1436 1642 1501; x_wconf 88' lang='lat' dir='ltr'><strong>enim</strong></span> <span class='ocrx_word' id='word_1_104' title='bbox 1694 1435 1885 1521; x_wconf 89' lang='lat' dir='ltr'><strong>plena</strong></span> <span class='ocrx_word' id='word_1_105' title='bbox 1934 1436 2193 1501; x_wconf 84' lang='lat' dir='ltr'><strong>rationis</strong></span> <span class='ocrx_word' id='word_1_106' title='bbox 2228 1473 2317 1483; x_wconf 90' lang='lat'>—</span> <span class='ocrx_word' id='word_1_107' title='bbox 2357 1458 2565 1521; x_wconf 91' lang='lat' dir='ltr'><strong>neque</strong></span> 
     </span>
     <span class='ocr_line' id='line_1_14' title="bbox 505 1526 2566 1617; baseline 0.001 -25"><span class='ocrx_word' id='word_1_108' title='bbox 505 1526 858 1607; x_wconf 86' lang='lat' dir='ltr'><strong>fortunam,</strong></span> <span class='ocrx_word' id='word_1_109' title='bbox 904 1552 1070 1614; x_wconf 87' lang='lat' dir='ltr'><strong>quae</strong></span> <span class='ocrx_word' id='word_1_110' title='bbox 1114 1530 1321 1596; x_wconf 85' lang='lat' dir='ltr'><strong>amica</strong></span> <span class='ocrx_word' id='word_1_111' title='bbox 1355 1530 1647 1595; x_wconf 86' lang='lat' dir='ltr'><strong>varietati</strong></span> <span class='ocrx_word' id='word_1_112' title='bbox 1682 1531 2106 1597; x_wconf 79' lang='lat' dir='ltr'><strong>constantiam</strong></span> <span class='ocrx_word' id='word_1_113' title='bbox 2139 1531 2412 1617; x_wconf 81' lang='lat' dir='ltr'><strong>respuit:</strong></span> <span class='ocrx_word' id='word_1_114' title='bbox 2466 1552 2566 1595; x_wconf 91' lang='lat' dir='ltr'><strong>se·</strong></span> 
     </span>
     <span class='ocr_line' id='line_1_15' title="bbox 499 1622 2565 1710; baseline 0.001 -23"><span class='ocrx_word' id='word_1_115' title='bbox 499 1622 722 1705; x_wconf 86' lang='lat' dir='ltr'><strong>quitur</strong></span> <span class='ocrx_word' id='word_1_116' title='bbox 765 1645 920 1709; x_wconf 76' lang='lat' dir='ltr'><strong>ergo</strong></span> <span class='ocrx_word' id='word_1_117' title='bbox 955 1634 1026 1689; x_wconf 90' lang='lat' dir='ltr'><strong>ut</strong></span> <span class='ocrx_word' id='word_1_118' title='bbox 1069 1624 1212 1710; x_wconf 90' lang='lat' dir='ltr'><strong>ipsa</strong></span> <span class='ocrx_word' id='word_1_119' title='bbox 1256 1647 1374 1689; x_wconf 87' lang='lat' dir='ltr'><strong>sua</strong></span> <span class='ocrx_word' id='word_1_120' title='bbox 1419 1636 1677 1710; x_wconf 89' lang='lat' dir='ltr'><strong>sponte,</strong></span> <span class='ocrx_word' id='word_1_121' title='bbox 1730 1647 1849 1690; x_wconf 89' lang='lat' dir='ltr'><strong>suo</strong></span> <span class='ocrx_word' id='word_1_122' title='bbox 1894 1648 2088 1690; x_wconf 88' lang='lat' dir='ltr'><strong>sensu</strong></span> <span class='ocrx_word' id='word_1_123' title='bbox 2123 1646 2199 1690; x_wconf 87' lang='lat' dir='ltr'><strong>ac</strong></span> <span class='ocrx_word' id='word_1_124' title='bbox 2234 1624 2565 1689; x_wconf 83' lang='lat' dir='ltr'><strong>divinitate</strong></span> 
     </span>
     <span class='ocr_line' id='line_1_16' title="bbox 503 1718 2660 1785; baseline -0 -5"><span class='ocrx_word' id='word_1_125' title='bbox 503 1728 899 1783; x_wconf 86' lang='lat' dir='ltr'><strong>moveantur.</strong></span> <span class='ocrx_word' id='word_1_126' title='bbox 988 1740 1109 1783; x_wconf 90' lang='lat' dir='ltr'><strong>nec</strong></span> <span class='ocrx_word' id='word_1_127' title='bbox 1153 1741 1306 1783; x_wconf 88' lang='lat' dir='ltr'><strong>vero</strong></span> <span class='ocrx_word' id='word_1_128' title='bbox 1350 1718 1733 1783; x_wconf 87' lang='lat' dir='ltr'><strong>Aristoteles</strong></span> <span class='ocrx_word' id='word_1_129' title='bbox 1778 1740 1909 1783; x_wconf 91' lang='lat' dir='ltr'><strong>non</strong></span> <span class='ocrx_word' id='word_1_130' title='bbox 1950 1719 2312 1785; x_wconf 88' lang='lat' dir='ltr'><strong>laudandus</strong></span> <span class='ocrx_word' id='word_1_131' title='bbox 2357 1730 2455 1785; x_wconf 89' lang='lat' dir='ltr'><strong>est</strong></span> <span class='ocrx_word' id='word_1_132' title='bbox 2495 1719 2563 1783; x_wconf 91' lang='lat' dir='ltr'><strong>in</strong></span> <span class='ocrx_word' id='word_1_133' title='bbox 2607 1738 2660 1779; x_wconf 69' lang='lat'><strong>44</strong></span> 
     </span>
     <span class='ocr_line' id='line_1_17' title="bbox 500 1812 2565 1895; baseline 0 -18"><span class='ocrx_word' id='word_1_134' title='bbox 500 1833 605 1888; x_wconf 91' lang='lat' dir='ltr'><strong>e0,</strong></span> <span class='ocrx_word' id='word_1_135' title='bbox 642 1813 817 1895; x_wconf 92' lang='lat' dir='ltr'><strong>quod</strong></span> <span class='ocrx_word' id='word_1_136' title='bbox 853 1812 1087 1889; x_wconf 87' lang='lat' dir='ltr'><strong>omnia,</strong></span> <span class='ocrx_word' id='word_1_137' title='bbox 1126 1833 1293 1895; x_wconf 89' lang='lat' dir='ltr'><strong>quae</strong></span> <span class='ocrx_word' id='word_1_138' title='bbox 1327 1823 1688 1889; x_wconf 79' lang='lat' dir='ltr'><strong>moventur,</strong></span> <span class='ocrx_word' id='word_1_139' title='bbox 1724 1822 1839 1877; x_wconf 89' lang='lat' dir='ltr'><strong>aut</strong></span> <span class='ocrx_word' id='word_1_140' title='bbox 1871 1824 2102 1879; x_wconf 87' lang='lat' dir='ltr'><strong>natura</strong></span> <span class='ocrx_word' id='word_1_141' title='bbox 2136 1814 2381 1879; x_wconf 83' lang='lat' dir='ltr'><strong>moveri</strong></span> <span class='ocrx_word' id='word_1_142' title='bbox 2416 1835 2565 1879; x_wconf 88' lang='lat' dir='ltr'><strong>cen-</strong></span> 
     </span>
     <span class='ocr_line' id='line_1_18' title="bbox 501 1905 2565 1982; baseline 0 -13"><span class='ocrx_word' id='word_1_143' title='bbox 501 1906 633 1969; x_wconf 85' lang='lat' dir='ltr'><strong>suit</strong></span> <span class='ocrx_word' id='word_1_144' title='bbox 667 1919 780 1970; x_wconf 90' lang='lat' dir='ltr'><strong>aut</strong></span> <span class='ocrx_word' id='word_1_145' title='bbox 813 1907 881 1970; x_wconf 86' lang='lat' dir='ltr'><strong>vi</strong></span> <span class='ocrx_word' id='word_1_146' title='bbox 915 1917 1028 1970; x_wconf 89' lang='lat' dir='ltr'><strong>aut</strong></span> <span class='ocrx_word' id='word_1_147' title='bbox 1063 1907 1420 1982; x_wconf 86' lang='lat' dir='ltr'><strong>voluntate,</strong></span> <span class='ocrx_word' id='word_1_148' title='bbox 1467 1905 1713 1969; x_wconf 84' lang='lat' dir='ltr'><strong>moveri</strong></span> <span class='ocrx_word' id='word_1_149' title='bbox 1758 1920 1978 1970; x_wconf 89' lang='lat' dir='ltr'><strong>autem</strong></span> <span class='ocrx_word' id='word_1_150' title='bbox 2009 1905 2209 1970; x_wconf 87' lang='lat' dir='ltr'><strong>solem</strong></span> <span class='ocrx_word' id='word_1_151' title='bbox 2245 1916 2311 1971; x_wconf 90' lang='lat' dir='ltr'><strong>et</strong></span> <span class='ocrx_word' id='word_1_152' title='bbox 2342 1906 2565 1970; x_wconf 88' lang='lat' dir='ltr'><strong>lunam</strong></span> 
     </span>
     <span class='ocr_line' id='line_1_19' title="bbox 501 1997 2564 2080; baseline 0 -18"><span class='ocrx_word' id='word_1_153' title='bbox 501 2008 572 2063; x_wconf 88' lang='lat' dir='ltr'><strong>et</strong></span> <span class='ocrx_word' id='word_1_154' title='bbox 617 1997 827 2062; x_wconf 85' lang='lat' dir='ltr'><strong>sidera</strong></span> <span class='ocrx_word' id='word_1_155' title='bbox 870 1997 1112 2075; x_wconf 83' lang='lat' dir='ltr'><strong>omnia3</strong></span> <span class='ocrx_word' id='word_1_156' title='bbox 1165 2018 1332 2080; x_wconf 88' lang='lat' dir='ltr'><strong>quae</strong></span> <span class='ocrx_word' id='word_1_157' title='bbox 1379 2009 1594 2063; x_wconf 89' lang='lat' dir='ltr'><strong>autem</strong></span> <span class='ocrx_word' id='word_1_158' title='bbox 1638 2008 1871 2063; x_wconf 87' lang='lat' dir='ltr'><strong>natura</strong></span> <span class='ocrx_word' id='word_1_159' title='bbox 1912 2008 2350 2074; x_wconf 88' lang='lat' dir='ltr'><strong>moverentur,</strong></span> <span class='ocrx_word' id='word_1_160' title='bbox 2404 1997 2564 2063; x_wconf 87' lang='lat' dir='ltr'><strong>haec</strong></span> 
     </span>
     <span class='ocr_line' id='line_1_20' title="bbox 499 2084 2567 2176; baseline -0 -20"><span class='ocrx_word' id='word_1_161' title='bbox 499 2103 619 2156; x_wconf 85' lang='lat' dir='ltr'><strong>aut</strong></span> <span class='ocrx_word' id='word_1_162' title='bbox 651 2084 936 2176; x_wconf 84' lang='lat' dir='ltr'><strong>pondere</strong></span> <span class='ocrx_word' id='word_1_163' title='bbox 979 2090 1276 2156; x_wconf 90' lang='lat' dir='ltr'><strong>deorsum</strong></span> <span class='ocrx_word' id='word_1_164' title='bbox 1313 2101 1426 2156; x_wconf 87' lang='lat' dir='ltr'><strong>aut</strong></span> <span class='ocrx_word' id='word_1_165' title='bbox 1468 2090 1731 2164; x_wconf 85' lang='lat' dir='ltr'><strong>levitate</strong></span> <span class='ocrx_word' id='word_1_166' title='bbox 1765 2091 2038 2157; x_wconf 88' lang='lat' dir='ltr'><strong>sublime</strong></span> <span class='ocrx_word' id='word_1_167' title='bbox 2072 2090 2255 2169; x_wconf 83' lang='lat' dir='ltr'><strong>ferri,</strong></span> <span class='ocrx_word' id='word_1_168' title='bbox 2292 2100 2567 2176; x_wconf 77' lang='lat' dir='ltr'><strong>quorum</strong></span> 
     </span>
     <span class='ocr_line' id='line_1_21' title="bbox 502 2184 2564 2273; baseline 0 -22"><span class='ocrx_word' id='word_1_169' title='bbox 502 2197 802 2251; x_wconf 87' lang='lat' dir='ltr'><strong>neutrum</strong></span> <span class='ocrx_word' id='word_1_170' title='bbox 835 2184 1022 2251; x_wconf 88' lang='lat' dir='ltr'><strong>astris</strong></span> <span class='ocrx_word' id='word_1_171' title='bbox 1059 2185 1479 2272; x_wconf 85' lang='lat' dir='ltr'><strong>contingeret,</strong></span> <span class='ocrx_word' id='word_1_172' title='bbox 1513 2197 1855 2273; x_wconf 87' lang='lat' dir='ltr'><strong>propterea</strong></span> <span class='ocrx_word' id='word_1_173' title='bbox 1888 2186 2061 2271; x_wconf 90' lang='lat' dir='ltr'><strong>quod</strong></span> <span class='ocrx_word' id='word_1_174' title='bbox 2097 2207 2319 2252; x_wconf 89' lang='lat' dir='ltr'><strong>eorum</strong></span> <span class='ocrx_word' id='word_1_175' title='bbox 2355 2196 2564 2251; x_wconf 90' lang='lat' dir='ltr'><strong>motus</strong></span> 
     </span>
     <span class='ocr_line' id='line_1_22' title="bbox 503 2278 2567 2365; baseline -0.001 -19"><span class='ocrx_word' id='word_1_176' title='bbox 503 2282 572 2346; x_wconf 92' lang='lat' dir='ltr'><strong>in</strong></span> <span class='ocrx_word' id='word_1_177' title='bbox 624 2279 844 2347; x_wconf 91' lang='lat' dir='ltr'><strong>orbem</strong></span> <span class='ocrx_word' id='word_1_178' title='bbox 889 2280 1258 2364; x_wconf 89' lang='lat' dir='ltr'><strong>circumque</strong></span> <span class='ocrx_word' id='word_1_179' title='bbox 1302 2280 1596 2349; x_wconf 87' lang='lat' dir='ltr'><strong>ferretur.</strong></span> <span class='ocrx_word' id='word_1_180' title='bbox 1692 2302 1813 2347; x_wconf 88' lang='lat' dir='ltr'><strong>nec</strong></span> <span class='ocrx_word' id='word_1_181' title='bbox 1862 2302 2017 2347; x_wconf 86' lang='lat' dir='ltr'><strong>vero</strong></span> <span class='ocrx_word' id='word_1_182' title='bbox 2070 2280 2195 2345; x_wconf 89' lang='lat' dir='ltr'><strong>dici</strong></span> <span class='ocrx_word' id='word_1_183' title='bbox 2246 2290 2457 2365; x_wconf 85' lang='lat' dir='ltr'><strong>potest</strong></span> <span class='ocrx_word' id='word_1_184' title='bbox 2500 2278 2567 2344; x_wconf 86' lang='lat' dir='ltr'><strong>vi</strong></span> 
     </span>
     <span class='ocr_line' id='line_1_23' title="bbox 500 2374 2563 2459; baseline -0 -19"><span class='ocrx_word' id='word_1_185' title='bbox 500 2376 783 2459; x_wconf 87' lang='lat' dir='ltr'><strong>quadam</strong></span> <span class='ocrx_word' id='word_1_186' title='bbox 815 2374 1057 2441; x_wconf 89' lang='lat' dir='ltr'><strong>maiore</strong></span> <span class='ocrx_word' id='word_1_187' title='bbox 1091 2374 1249 2452; x_wconf 89' lang='lat' dir='ltr'><strong>fieri,</strong></span> <span class='ocrx_word' id='word_1_188' title='bbox 1287 2387 1360 2441; x_wconf 90' lang='lat' dir='ltr'><strong>ut</strong></span> <span class='ocrx_word' id='word_1_189' title='bbox 1387 2386 1610 2442; x_wconf 88' lang='lat' dir='ltr'><strong>contra</strong></span> <span class='ocrx_word' id='word_1_190' title='bbox 1633 2386 1931 2441; x_wconf 89' lang='lat' dir='ltr'><strong>naturam</strong></span> <span class='ocrx_word' id='word_1_191' title='bbox 1958 2386 2131 2440; x_wconf 87' lang='lat' dir='ltr'><strong>astra</strong></span> <span class='ocrx_word' id='word_1_192' title='bbox 2156 2383 2563 2451; x_wconf 83' lang='lat' dir='ltr'><strong>moveantur3</strong></span> 
     </span>
     <span class='ocr_line' id='line_1_24' title="bbox 501 2469 2564 2557; baseline -0.002 -21"><span class='ocrx_word' id='word_1_193' title='bbox 501 2492 668 2555; x_wconf 87' lang='lat' dir='ltr'><strong>quae</strong></span> <span class='ocrx_word' id='word_1_194' title='bbox 729 2470 901 2536; x_wconf 87' lang='lat' dir='ltr'><strong>enim</strong></span> <span class='ocrx_word' id='word_1_195' title='bbox 961 2480 1172 2555; x_wconf 89' lang='lat' dir='ltr'><strong>potest</strong></span> <span class='ocrx_word' id='word_1_196' title='bbox 1234 2471 1439 2536; x_wconf 88' lang='lat' dir='ltr'><strong>maior</strong></span> <span class='ocrx_word' id='word_1_197' title='bbox 1491 2471 1673 2537; x_wconf 78' lang='lat' dir='ltr'><strong>esse?</strong></span> <span class='ocrx_word' id='word_1_198' title='bbox 1732 2481 1931 2536; x_wconf 88' lang='lat' dir='ltr'><strong>restat</strong></span> <span class='ocrx_word' id='word_1_199' title='bbox 1981 2469 2179 2557; x_wconf 84' lang='lat' dir='ltr'><strong>igitur</strong></span> <span class='ocrx_word' id='word_1_200' title='bbox 2229 2480 2305 2534; x_wconf 89' lang='lat' dir='ltr'><strong>ut</strong></span> <span class='ocrx_word' id='word_1_201' title='bbox 2354 2478 2564 2533; x_wconf 91' lang='lat' dir='ltr'><strong>motus</strong></span> 
     </span>
     <span class='ocr_line' id='line_1_25' title="bbox 499 2563 2567 2649; baseline -0.002 -19"><span class='ocrx_word' id='word_1_202' title='bbox 499 2575 819 2630; x_wconf 88' lang='lat' dir='ltr'><strong>astrorum</strong></span> <span class='ocrx_word' id='word_1_203' title='bbox 853 2564 938 2629; x_wconf 90' lang='lat' dir='ltr'><strong>sit</strong></span> <span class='ocrx_word' id='word_1_204' title='bbox 970 2564 1386 2630; x_wconf 86' lang='lat' dir='ltr'><strong>voluntarius.</strong></span> <span class='ocrx_word' id='word_1_205' title='bbox 1475 2586 1642 2649; x_wconf 91' lang='lat' dir='ltr'><strong>quae</strong></span> <span class='ocrx_word' id='word_1_206' title='bbox 1687 2564 1800 2649; x_wconf 91' lang='lat' dir='ltr'><strong>qui</strong></span> <span class='ocrx_word' id='word_1_207' title='bbox 1842 2564 2087 2642; x_wconf 77' lang='lat' dir='ltr'><strong>videat,</strong></span> <span class='ocrx_word' id='word_1_208' title='bbox 2140 2584 2271 2627; x_wconf 88' lang='lat' dir='ltr'><strong>non</strong></span> <span class='ocrx_word' id='word_1_209' title='bbox 2312 2563 2567 2628; x_wconf 88' lang='lat' dir='ltr'><strong>indocte</strong></span> 
     </span>
     <span class='ocr_line' id='line_1_26' title="bbox 503 2658 2565 2745; baseline -0.003 -20"><span class='ocrx_word' id='word_1_210' title='bbox 503 2660 730 2737; x_wconf 89' lang='lat' dir='ltr'><strong>solum,</strong></span> <span class='ocrx_word' id='word_1_211' title='bbox 765 2681 991 2724; x_wconf 85' lang='lat' dir='ltr'><strong>verum</strong></span> <span class='ocrx_word' id='word_1_212' title='bbox 1026 2659 1219 2724; x_wconf 88' lang='lat' dir='ltr'><strong>etiam</strong></span> <span class='ocrx_word' id='word_1_213' title='bbox 1253 2659 1426 2745; x_wconf 89' lang='lat' dir='ltr'><strong>inpie</strong></span> <span class='ocrx_word' id='word_1_214' title='bbox 1461 2659 1676 2737; x_wconf 87' lang='lat' dir='ltr'><strong>faciat,</strong></span> <span class='ocrx_word' id='word_1_215' title='bbox 1713 2660 1769 2724; x_wconf 88' lang='lat' dir='ltr'><strong>si</strong></span> <span class='ocrx_word' id='word_1_216' title='bbox 1805 2658 1959 2725; x_wconf 89' lang='lat' dir='ltr'><strong>deos</strong></span> <span class='ocrx_word' id='word_1_217' title='bbox 1994 2680 2135 2723; x_wconf 89' lang='lat' dir='ltr'><strong>esse</strong></span> <span class='ocrx_word' id='word_1_218' title='bbox 2168 2667 2382 2742; x_wconf 86' lang='lat' dir='ltr'><strong>neget.</strong></span> <span class='ocrx_word' id='word_1_219' title='bbox 2445 2678 2565 2720; x_wconf 88' lang='lat' dir='ltr'><strong>nec</strong></span> 
     </span>
     <span class='ocr_line' id='line_1_27' title="bbox 503 2749 2565 2839; baseline -0.003 -20"><span class='ocrx_word' id='word_1_220' title='bbox 503 2776 658 2819; x_wconf 91' lang='lat' dir='ltr'><strong>sane</strong></span> <span class='ocrx_word' id='word_1_221' title='bbox 691 2753 968 2817; x_wconf 86' lang='lat' dir='ltr'><strong>multum</strong></span> <span class='ocrx_word' id='word_1_222' title='bbox 1001 2752 1294 2831; x_wconf 88' lang='lat' dir='ltr'><strong>interest,</strong></span> <span class='ocrx_word' id='word_1_223' title='bbox 1339 2764 1556 2819; x_wconf 88' lang='lat' dir='ltr'><strong>utrum</strong></span> <span class='ocrx_word' id='word_1_224' title='bbox 1597 2752 1669 2818; x_wconf 92' lang='lat' dir='ltr'><strong>id</strong></span> <span class='ocrx_word' id='word_1_225' title='bbox 1702 2764 1898 2839; x_wconf 85' lang='lat' dir='ltr'><strong>neget</strong></span> <span class='ocrx_word' id='word_1_226' title='bbox 1934 2775 2018 2817; x_wconf 90' lang='lat' dir='ltr'><strong>an</strong></span> <span class='ocrx_word' id='word_1_227' title='bbox 2052 2773 2162 2818; x_wconf 89' lang='lat' dir='ltr'><strong>eos</strong></span> <span class='ocrx_word' id='word_1_228' title='bbox 2196 2749 2373 2815; x_wconf 87' lang='lat' dir='ltr'><strong>omni</strong></span> <span class='ocrx_word' id='word_1_229' title='bbox 2416 2770 2565 2834; x_wconf 91' lang='lat' dir='ltr'><strong>pro-</strong></span> 
     </span>
     <span class='ocr_line' id='line_1_28' title="bbox 505 2844 2565 2934; baseline -0.002 -21"><span class='ocrx_word' id='word_1_230' title='bbox 505 2846 830 2913; x_wconf 83' lang='lat' dir='ltr'><strong>curatione</strong></span> <span class='ocrx_word' id='word_1_231' title='bbox 875 2856 1068 2931; x_wconf 87' lang='lat' dir='ltr'><strong>atque</strong></span> <span class='ocrx_word' id='word_1_232' title='bbox 1118 2848 1368 2913; x_wconf 87' lang='lat' dir='ltr'><strong>actione</strong></span> <span class='ocrx_word' id='word_1_233' title='bbox 1413 2848 1651 2934; x_wconf 84' lang='lat' dir='ltr'><strong>privet3</strong></span> <span class='ocrx_word' id='word_1_234' title='bbox 1695 2848 1854 2912; x_wconf 92' lang='lat' dir='ltr'><strong>mihi</strong></span> <span class='ocrx_word' id='word_1_235' title='bbox 1887 2847 2059 2913; x_wconf 89' lang='lat' dir='ltr'><strong>enim</strong></span> <span class='ocrx_word' id='word_1_236' title='bbox 2094 2846 2207 2931; x_wconf 91' lang='lat' dir='ltr'><strong>qui</strong></span> <span class='ocrx_word' id='word_1_237' title='bbox 2239 2844 2397 2909; x_wconf 87' lang='lat' dir='ltr'><strong>nihil</strong></span> <span class='ocrx_word' id='word_1_238' title='bbox 2431 2845 2565 2931; x_wconf 82' lang='lat' dir='ltr'><strong>agit</strong></span> 
     </span>
     <span class='ocr_line' id='line_1_29' title="bbox 505 2940 2566 3028; baseline -0.002 -21"><span class='ocrx_word' id='word_1_239' title='bbox 505 2962 648 3007; x_wconf 86' lang='lat' dir='ltr'><strong>esse</strong></span> <span class='ocrx_word' id='word_1_240' title='bbox 700 2940 960 3005; x_wconf 90' lang='lat' dir='ltr'><strong>omnino</strong></span> <span class='ocrx_word' id='word_1_241' title='bbox 1009 2963 1142 3006; x_wconf 88' lang='lat' dir='ltr'><strong>non</strong></span> <span class='ocrx_word' id='word_1_242' title='bbox 1191 2943 1465 3008; x_wconf 85' lang='lat' dir='ltr'><strong>videtur.</strong></span> <span class='ocrx_word' id='word_1_243' title='bbox 1554 2963 1697 3007; x_wconf 89' lang='lat' dir='ltr'><strong>esse</strong></span> <span class='ocrx_word' id='word_1_244' title='bbox 1748 2942 1947 3028; x_wconf 87' lang='lat' dir='ltr'><strong>igitur</strong></span> <span class='ocrx_word' id='word_1_245' title='bbox 1991 2942 2144 3007; x_wconf 90' lang='lat' dir='ltr'><strong>deos</strong></span> <span class='ocrx_word' id='word_1_246' title='bbox 2186 2942 2281 3005; x_wconf 89' lang='lat' dir='ltr'><strong>ita</strong></span> <span class='ocrx_word' id='word_1_247' title='bbox 2321 2940 2566 3027; x_wconf 90' lang='lat' dir='ltr'><strong>perspi-</strong></span> 
     </span>
     <span class='ocr_line' id='line_1_30' title="bbox 502 3033 2567 3122; baseline -0.002 -21"><span class='ocrx_word' id='word_1_248' title='bbox 502 3055 703 3101; x_wconf 87' lang='lat' dir='ltr'><strong>cuum</strong></span> <span class='ocrx_word' id='word_1_249' title='bbox 739 3044 856 3111; x_wconf 89' lang='lat' dir='ltr'><strong>est,</strong></span> <span class='ocrx_word' id='word_1_250' title='bbox 891 3044 984 3112; x_wconf 89' lang='lat' dir='ltr'><strong>ut,</strong></span> <span class='ocrx_word' id='word_1_251' title='bbox 1019 3035 1088 3099; x_wconf 91' lang='lat' dir='ltr'><strong>id</strong></span> <span class='ocrx_word' id='word_1_252' title='bbox 1121 3035 1235 3119; x_wconf 90' lang='lat' dir='ltr'><strong>qui</strong></span> <span class='ocrx_word' id='word_1_253' title='bbox 1267 3046 1489 3122; x_wconf 84' lang='lat' dir='ltr'><strong>neget,</strong></span> <span class='ocrx_word' id='word_1_254' title='bbox 1525 3036 1636 3101; x_wconf 83' lang='lat' dir='ltr'><strong>vix</strong></span> <span class='ocrx_word' id='word_1_255' title='bbox 1672 3058 1821 3102; x_wconf 91' lang='lat' dir='ltr'><strong>eum</strong></span> <span class='ocrx_word' id='word_1_256' title='bbox 1857 3058 2050 3101; x_wconf 91' lang='lat' dir='ltr'><strong>sanae</strong></span> <span class='ocrx_word' id='word_1_257' title='bbox 2086 3034 2313 3101; x_wconf 87' lang='lat' dir='ltr'><strong>mentis</strong></span> <span class='ocrx_word' id='word_1_258' title='bbox 2351 3033 2567 3100; x_wconf 85' lang='lat' dir='ltr'><strong>existi-</strong></span> 
     </span>
     <span class='ocr_line' id='line_1_31' title="bbox 505 3150 698 3195; baseline -0.01 0"><span class='ocrx_word' id='word_1_259' title='bbox 505 3150 698 3195; x_wconf 91' lang='lat' dir='ltr'><strong>mem.</strong></span> 
     </span>
    </p>

    <p class='ocr_par' dir='ltr' id='par_1_3' title="bbox 505 3218 2669 4159">
     <span class='ocr_line' id='line_1_32' title="bbox 635 3218 2669 3331; baseline -0.001 -42"><span class='ocrx_word' id='word_1_260' title='bbox 635 3222 864 3289; x_wconf 85' lang='lat' dir='ltr'><strong>Restat</strong></span> <span class='ocrx_word' id='word_1_261' title='bbox 907 3232 981 3288; x_wconf 88' lang='lat' dir='ltr'><strong>ut</strong></span> <span class='ocrx_word' id='word_1_262' title='bbox 1022 3223 1231 3308; x_wconf 88' lang='lat' dir='ltr'><strong>qualis</strong></span> <span class='ocrx_word' id='word_1_263' title='bbox 1278 3245 1501 3289; x_wconf 90' lang='lat' dir='ltr'><strong>eorum</strong></span> <span class='ocrx_word' id='word_1_264' title='bbox 1543 3235 1775 3290; x_wconf 89' lang='lat' dir='ltr'><strong>natura</strong></span> <span class='ocrx_word' id='word_1_265' title='bbox 1820 3223 1903 3290; x_wconf 89' lang='lat' dir='ltr'><strong>sit</strong></span> <span class='ocrx_word' id='word_1_266' title='bbox 1946 3223 2417 3289; x_wconf 87' lang='lat' dir='ltr'><strong>consideremus</strong></span> <span class='ocrx_word' id='word_1_267' title='bbox 2428 3247 2447 3300; x_wconf 85' lang='lat'>3</span> <span class='ocrx_word' id='word_1_268' title='bbox 2499 3222 2566 3286; x_wconf 91' lang='lat' dir='ltr'><strong>in</strong></span> <span class='ocrx_word' id='word_1_269' title='bbox 2603 3218 2669 3331; x_wconf 56' lang='lat' dir='ltr'><strong>{g</strong></span> 
     </span>
     <span class='ocr_line' id='line_1_33' title="bbox 506 3318 2567 3405; baseline -0.002 -21"><span class='ocrx_word' id='word_1_270' title='bbox 506 3341 636 3405; x_wconf 86' lang='lat' dir='ltr'><strong>quo</strong></span> <span class='ocrx_word' id='word_1_271' title='bbox 680 3318 840 3382; x_wconf 89' lang='lat' dir='ltr'><strong>nihil</strong></span> <span class='ocrx_word' id='word_1_272' title='bbox 891 3328 988 3384; x_wconf 89' lang='lat' dir='ltr'><strong>est</strong></span> <span class='ocrx_word' id='word_1_273' title='bbox 1031 3318 1355 3383; x_wconf 88' lang='lat' dir='ltr'><strong>difficilius</strong></span> <span class='ocrx_word' id='word_1_274' title='bbox 1403 3340 1599 3403; x_wconf 84' lang='lat' dir='ltr'><strong>quam</strong></span> <span class='ocrx_word' id='word_1_275' title='bbox 1643 3342 1684 3383; x_wconf 87' lang='lat' dir='ltr'><strong>a</strong></span> <span class='ocrx_word' id='word_1_276' title='bbox 1732 3318 2190 3385; x_wconf 85' lang='lat' dir='ltr'><strong>consuetudine</strong></span> <span class='ocrx_word' id='word_1_277' title='bbox 2236 3319 2567 3382; x_wconf 90' lang='lat' dir='ltr'><strong>oculorum</strong></span> 
     </span>
     <span class='ocr_line' id='line_1_34' title="bbox 509 3410 2565 3495; baseline -0.003 -16"><span class='ocrx_word' id='word_1_278' title='bbox 509 3414 714 3479; x_wconf 90' lang='lat' dir='ltr'><strong>aciem</strong></span> <span class='ocrx_word' id='word_1_279' title='bbox 757 3413 988 3479; x_wconf 90' lang='lat' dir='ltr'><strong>mentis</strong></span> <span class='ocrx_word' id='word_1_280' title='bbox 1034 3412 1373 3479; x_wconf 85' lang='lat' dir='ltr'><strong>ab&#39;ducere.</strong></span> <span class='ocrx_word' id='word_1_281' title='bbox 1470 3436 1550 3480; x_wconf 91' lang='lat' dir='ltr'><strong>ea</strong></span> <span class='ocrx_word' id='word_1_282' title='bbox 1593 3414 1939 3480; x_wconf 84' lang='lat' dir='ltr'><strong>difficultas</strong></span> <span class='ocrx_word' id='word_1_283' title='bbox 1982 3413 2235 3479; x_wconf 80' lang='lat' dir='ltr'><strong>induxit</strong></span> <span class='ocrx_word' id='word_1_284' title='bbox 2268 3422 2333 3477; x_wconf 87' lang='lat' dir='ltr'><strong>et</strong></span> <span class='ocrx_word' id='word_1_285' title='bbox 2374 3410 2565 3495; x_wconf 84' lang='lat' dir='ltr'><strong>volgo</strong></span> 
     </span>
     <span class='ocr_line' id='line_1_35' title="bbox 508 3503 2567 3595; baseline -0.003 -22"><span class='ocrx_word' id='word_1_286' title='bbox 508 3507 812 3593; x_wconf 87' lang='lat' dir='ltr'><strong>inperitos</strong></span> <span class='ocrx_word' id='word_1_287' title='bbox 839 3517 903 3573; x_wconf 91' lang='lat' dir='ltr'><strong>et</strong></span> <span class='ocrx_word' id='word_1_288' title='bbox 936 3507 1158 3572; x_wconf 89' lang='lat' dir='ltr'><strong>similis</strong></span> <span class='ocrx_word' id='word_1_289' title='bbox 1190 3507 1604 3594; x_wconf 89' lang='lat' dir='ltr'><strong>philosophos</strong></span> <span class='ocrx_word' id='word_1_290' title='bbox 1638 3508 2056 3595; x_wconf 84' lang='lat' dir='ltr'><strong>inperitorum</strong></span> <span class='ocrx_word' id='word_1_291' title='bbox 2081 3519 2155 3573; x_wconf 92' lang='lat' dir='ltr'><strong>ut</strong></span> <span class='ocrx_word' id='word_1_292' title='bbox 2186 3504 2311 3570; x_wconf 90' lang='lat' dir='ltr'><strong>nisi</strong></span> <span class='ocrx_word' id='word_1_293' title='bbox 2344 3503 2567 3589; x_wconf 88' lang='lat' dir='ltr'><strong>figuris</strong></span> 
     </span>
     <span class='ocr_line' id='line_1_36' title="bbox 507 3598 2567 3689; baseline -0.002 -22"><span class='ocrx_word' id='word_1_294' title='bbox 507 3601 838 3668; x_wconf 90' lang='lat' dir='ltr'><strong>hominum</strong></span> <span class='ocrx_word' id='word_1_295' title='bbox 891 3601 1250 3668; x_wconf 86' lang='lat' dir='ltr'><strong>constitutis</strong></span> <span class='ocrx_word' id='word_1_296' title='bbox 1305 3602 1462 3667; x_wconf 90' lang='lat' dir='ltr'><strong>nihil</strong></span> <span class='ocrx_word' id='word_1_297' title='bbox 1513 3613 1775 3689; x_wconf 91' lang='lat' dir='ltr'><strong>possent</strong></span> <span class='ocrx_word' id='word_1_298' title='bbox 1829 3602 1909 3668; x_wconf 90' lang='lat' dir='ltr'><strong>de</strong></span> <span class='ocrx_word' id='word_1_299' title='bbox 1971 3602 2068 3667; x_wconf 89' lang='lat' dir='ltr'><strong>dis</strong></span> <span class='ocrx_word' id='word_1_300' title='bbox 2119 3598 2567 3666; x_wconf 87' lang='lat' dir='ltr'><strong>inmortalibus</strong></span> 
     </span>
     <span class='ocr_line' id='line_1_37' title="bbox 505 3690 2568 3782; baseline -0.002 -21"><span class='ocrx_word' id='word_1_301' title='bbox 505 3694 821 3781; x_wconf 84' lang='lat' dir='ltr'><strong>cogitare3</strong></span> <span class='ocrx_word' id='word_1_302' title='bbox 875 3696 1056 3761; x_wconf 90' lang='lat' dir='ltr'><strong>cuius</strong></span> <span class='ocrx_word' id='word_1_303' title='bbox 1102 3696 1414 3782; x_wconf 82' lang='lat' dir='ltr'><strong>opinionis</strong></span> <span class='ocrx_word' id='word_1_304' title='bbox 1468 3697 1696 3763; x_wconf 85' lang='lat' dir='ltr'><strong>levitas</strong></span> <span class='ocrx_word' id='word_1_305' title='bbox 1743 3697 2069 3763; x_wconf 87' lang='lat' dir='ltr'><strong>confutata</strong></span> <span class='ocrx_word' id='word_1_306' title='bbox 2115 3719 2154 3760; x_wconf 90' lang='lat' dir='ltr'><strong>a</strong></span> <span class='ocrx_word' id='word_1_307' title='bbox 2201 3690 2396 3759; x_wconf 89' lang='lat' dir='ltr'><strong>Cotta</strong></span> <span class='ocrx_word' id='word_1_308' title='bbox 2439 3714 2568 3757; x_wconf 87' lang='lat' dir='ltr'><strong>non</strong></span> 
     </span>
     <span class='ocr_line' id='line_1_38' title="bbox 509 3788 2568 3859; baseline -0.001 -4"><span class='ocrx_word' id='word_1_309' title='bbox 509 3790 830 3855; x_wconf 89' lang='lat' dir='ltr'><strong>desiderat</strong></span> <span class='ocrx_word' id='word_1_310' title='bbox 880 3792 1231 3857; x_wconf 85' lang='lat' dir='ltr'><strong>orationem</strong></span> <span class='ocrx_word' id='word_1_311' title='bbox 1281 3816 1511 3859; x_wconf 89' lang='lat' dir='ltr'><strong>meam.</strong></span> <span class='ocrx_word' id='word_1_312' title='bbox 1603 3793 1719 3859; x_wconf 89' lang='lat' dir='ltr'><strong>sed</strong></span> <span class='ocrx_word' id='word_1_313' title='bbox 1764 3815 1911 3858; x_wconf 93' lang='lat' dir='ltr'><strong>cum</strong></span> <span class='ocrx_word' id='word_1_314' title='bbox 1954 3793 2149 3857; x_wconf 88' lang='lat' dir='ltr'><strong>talem</strong></span> <span class='ocrx_word' id='word_1_315' title='bbox 2190 3810 2330 3857; x_wconf 87' lang='lat' dir='ltr'><strong>esse</strong></span> <span class='ocrx_word' id='word_1_316' title='bbox 2375 3788 2568 3855; x_wconf 90' lang='lat' dir='ltr'><strong>deum</strong></span> 
     </span>
     <span class='ocr_line' id='line_1_39' title="bbox 507 3880 2569 3974; baseline 0 -25"><span class='ocrx_word' id='word_1_317' title='bbox 507 3896 684 3951; x_wconf 85' lang='lat' dir='ltr'><strong>certa</strong></span> <span class='ocrx_word' id='word_1_318' title='bbox 735 3885 992 3952; x_wconf 88' lang='lat' dir='ltr'><strong>notione</strong></span> <span class='ocrx_word' id='word_1_319' title='bbox 1043 3886 1239 3953; x_wconf 88' lang='lat' dir='ltr'><strong>animi</strong></span> <span class='ocrx_word' id='word_1_320' title='bbox 1281 3888 1815 3974; x_wconf 88' lang='lat' dir='ltr'><strong>praesentiamus,</strong></span> <span class='ocrx_word' id='word_1_321' title='bbox 1868 3887 2145 3972; x_wconf 88' lang='lat' dir='ltr'><strong>primum</strong></span> <span class='ocrx_word' id='word_1_322' title='bbox 2188 3896 2261 3949; x_wconf 87' lang='lat' dir='ltr'><strong>ut</strong></span> <span class='ocrx_word' id='word_1_323' title='bbox 2308 3880 2392 3949; x_wconf 90' lang='lat' dir='ltr'><strong>sit</strong></span> <span class='ocrx_word' id='word_1_324' title='bbox 2434 3884 2569 3950; x_wconf 89' lang='lat' dir='ltr'><strong>ani·</strong></span> 
     </span>
     <span class='ocr_line' id='line_1_40' title="bbox 509 3977 2563 4067; baseline 0.002 -26"><span class='ocrx_word' id='word_1_325' title='bbox 509 4001 715 4056; x_wconf 89' lang='lat' dir='ltr'><strong>mans,</strong></span> <span class='ocrx_word' id='word_1_326' title='bbox 752 3978 981 4047; x_wconf 86' lang='lat' dir='ltr'><strong>deinde</strong></span> <span class='ocrx_word' id='word_1_327' title='bbox 1016 3990 1086 4046; x_wconf 89' lang='lat' dir='ltr'><strong>ut</strong></span> <span class='ocrx_word' id='word_1_328' title='bbox 1119 3981 1189 4047; x_wconf 91' lang='lat' dir='ltr'><strong>in</strong></span> <span class='ocrx_word' id='word_1_329' title='bbox 1223 3982 1397 4047; x_wconf 87' lang='lat' dir='ltr'><strong>omni</strong></span> <span class='ocrx_word' id='word_1_330' title='bbox 1430 3993 1663 4049; x_wconf 89' lang='lat' dir='ltr'><strong>natura</strong></span> <span class='ocrx_word' id='word_1_331' title='bbox 1694 3980 1853 4047; x_wconf 88' lang='grc'>1111111</span> <span class='ocrx_word' id='word_1_332' title='bbox 1890 4002 1964 4045; x_wconf 92' lang='grc'><strong>60</strong></span> <span class='ocrx_word' id='word_1_333' title='bbox 2002 3981 2080 4045; x_wconf 92' lang='lat' dir='ltr'><strong>sit</strong></span> <span class='ocrx_word' id='word_1_334' title='bbox 2117 3977 2563 4067; x_wconf 88' lang='lat' dir='ltr'><strong>praestantius,</strong></span> 
     </span>
     <span class='ocr_line' id='line_1_41' title="bbox 511 4070 2566 4159; baseline 0.001 -24"><span class='ocrx_word' id='word_1_335' title='bbox 511 4070 598 4135; x_wconf 89' lang='lat' dir='ltr'><strong>ad</strong></span> <span class='ocrx_word' id='word_1_336' title='bbox 629 4070 796 4138; x_wconf 89' lang='lat' dir='ltr'><strong>hane</strong></span> <span class='ocrx_word' id='word_1_337' title='bbox 829 4076 1345 4158; x_wconf 88' lang='lat' dir='ltr'><strong>praesensionem</strong></span> <span class='ocrx_word' id='word_1_338' title='bbox 1379 4077 1833 4159; x_wconf 88' lang='lat' dir='ltr'><strong>notionemque</strong></span> <span class='ocrx_word' id='word_1_339' title='bbox 1868 4085 2153 4142; x_wconf 85' lang='lat' dir='ltr'><strong>nostram</strong></span> <span class='ocrx_word' id='word_1_340' title='bbox 2185 4074 2343 4139; x_wconf 87' lang='lat' dir='ltr'><strong>nihil</strong></span> <span class='ocrx_word' id='word_1_341' title='bbox 2377 4070 2566 4139; x_wconf 81' lang='lat' dir='ltr'><strong>video</strong></span> 
     </span>
    </p>
   </div>
  </div>
 </body>
</html>
