3292 4559
867 314 951 378 ΤΟ
1483 325 1561 378 Μ.
1598 323 1873 381 TULLII
1907 322 2309 382 CICERONIS

865 447 1172 514 situdines
1216 447 1680 513 anniversarias
1728 469 1875 513 cum
1918 469 2171 512 summa
2213 446 2418 513 salute
2466 457 2530 513 et
2580 468 2896 513 conserva-

864 546 1031 611 tione
1058 566 1272 610 rerum
1291 543 1597 620 omnium,
1617 541 1983 608 dubitamus
2010 542 2167 627 quin
2187 564 2265 607 ea
2289 564 2418 608 non
2443 543 2648 608 solum
2670 541 2895 606 ratione

767 662 819 702 ss
865 642 1049 717 siant,
1094 638 1208 704 sed
1244 638 1437 703 etiam
1473 637 1807 703 excellenti
1851 636 2193 722 divinaque
2236 637 2521 703 ratione?
2564 637 2709 703 licet
2741 634 2897 701 enim

863 734 990 798 iam
1040 743 1288 798 remota
1332 730 1684 797 subtilitate
1730 731 2097 818 disputandi
2149 732 2349 797 oculis
2403 732 2678 816 quodam
2722 729 2899 794 modo

867 826 1276 912 contemplari
1326 825 1868 911 pulchritudinem
1918 848 2134 892 rerum
2186 848 2435 905 earum,
2489 847 2648 910 quas
2699 824 2901 888 divina

863 921 1261 1006 providentia
1296 921 1564 986 dicimus
1602 922 1997 987 constitutas.

759 1038 827 1089 :35
991 1018 1097 1082 Ac
1130 1016 1443 1103 principio
1480 1030 1651 1081 terra
1685 1015 1985 1082 universa
2013 1027 2327 1095 cernatur,
2364 1017 2575 1081 locata
2607 1016 2671 1080 in
2706 1013 2900 1080 media

867 1110 1014 1178 sede
1057 1111 1309 1188 mundi,
1362 1109 1566 1176 solida
1610 1121 1674 1176 et
1725 1111 1997 1197 globosa
2040 1123 2101 1176 et
2156 1110 2441 1195 undique
2482 1111 2625 1197 ipsa
2666 1110 2734 1173 in
2774 1129 2899 1173 sese

863 1205 1125 1273 nutibus
1162 1207 1294 1272 suis
1331 1205 1743 1292 conglobata,
1790 1206 2019 1272 vestita
2053 1205 2345 1283 floribus,
2389 1206 2632 1284 herbis,
2679 1202 2903 1270 arbori-

869 1302 1006 1378 bus,
1041 1299 1358 1386 frugibus,
1393 1319 1668 1384 quorum
1704 1299 1991 1365 omnium
2025 1299 2415 1365 incredibilis
2450 1299 2783 1367 multitudo
2816 1297 2902 1360 in-

867 1393 1136 1459 satiabili
1171 1393 1477 1459 varietate
1513 1393 1944 1479 distinguitur.
2002 1392 2167 1459 adde
2203 1393 2330 1460 huc
2366 1393 2640 1461 fontium
2672 1392 2903 1479 gelidas

863 1487 1306 1573 perennitates,
1341 1487 1619 1571 liquores
1655 1487 2019 1572 perlucidos
2055 1486 2370 1566 amnium,
2409 1489 2695 1575 riparum
2728 1483 2906 1551 vesti-

863 1594 967 1646 tus
1034 1579 1448 1645 viridissimos
1460 1625 1480 1656 ,
1551 1582 2003 1668 speluncarum
2065 1602 2380 1646 concavas
2450 1579 2903 1669 amplitudines,

863 1694 1160 1738 saxorum
1205 1674 1606 1760 asperitates,
1660 1674 2145 1761 inpendentium
2190 1676 2504 1740 montium
2552 1672 2904 1741 altitudines

863 1768 1424 1854 inmensitatesque
1470 1791 1875 1856 camporum3
1929 1768 2095 1836 adde
2138 1769 2331 1834 etiam
2377 1770 2737 1835 reconditas
2782 1763 2906 1831 auri

767 1890 819 1926 aa
867 1862 1238 1950 argentique
1273 1885 1471 1928 venas
1505 1863 1948 1950 infinitamque
1982 1864 2117 1930 vim
2149 1864 2503 1930 marmoris.
2566 1885 2733 1950 quae
2768 1879 2906 1924 vero
2971 1874 2972 1909 l

867 1974 927 2022 st
971 1979 1165 2043 quam
1210 1957 1389 2024 varia
1432 1981 1673 2045 genera
1726 1958 2073 2024 bestiarum
2128 1958 2230 2023 vel
2275 1958 2562 2025 cicurum
2605 1957 2712 2023 vel
2754 1955 2909 2019 fera-

867 2051 1038 2118 rum!
1093 2053 1207 2136 qui
1251 2052 1608 2119 volucrium
1655 2054 1875 2139 lapsus
1918 2064 2111 2138 atque
2146 2051 2400 2118 cantus!
2455 2053 2568 2137 qui
2602 2047 2908 2139 pecudum

863 2145 1110 2230 pastus!
1148 2167 1315 2230 quae
1349 2147 1484 2213 vita
1518 2146 1935 2213 silvestrium!
1974 2147 2130 2230 quid
2162 2147 2293 2212 iam
2329 2146 2410 2212 de
2444 2146 2776 2212 hominum
2808 2161 2909 2226 ge·

865 2261 1015 2304 nere
1052 2239 1303 2305 dicam?
1345 2240 1457 2324 qui
1502 2241 1689 2326 quasi
1733 2242 2007 2306 cultores
2042 2249 2248 2305 terrae
2284 2240 2612 2305 constituti
2645 2261 2776 2305 non
2807 2255 2907 2320 pa·

863 2334 1107 2396 tiuntur
1156 2354 1301 2396 eam
1347 2356 1469 2398 nec
1509 2333 1886 2398 inmanitate
1929 2333 2266 2397 beluarum
2313 2333 2570 2398 efferari
2616 2355 2738 2400 nec
2780 2328 2909 2394 stir-

863 2426 1039 2510 pium
1067 2425 1406 2510 asperitate
1437 2429 1695 2505 vastari,
1723 2447 2124 2510 quorumque
2149 2426 2450 2512 operibus
2479 2428 2641 2514 agri,
2676 2422 2906 2492 insulae

863 2520 1173 2602 lituraque
1221 2519 1557 2586 conlucent
1599 2519 1898 2585 distincta
1942 2518 2125 2584 tectis
2161 2529 2225 2585 et
2266 2520 2555 2587 urbibus.
2646 2541 2809 2607 quae
2842 2513 2905 2588 εἰ,

863 2626 935 2678 ut
983 2612 1243 2690 animis,
1294 2613 1387 2678 sic
1439 2615 1640 2679 oculis
1693 2613 1912 2680 videre
1962 2635 2327 2699 possemus,
2378 2637 2569 2682 nemo
2626 2621 2908 2683 cunctam
2967 2681 2968 2685 ,

763 2734 835 2770 mn
867 2710 1115 2776 intuens
1177 2719 1412 2774 terram
1474 2708 1554 2773 de
1615 2707 1834 2774 divina
1893 2708 2139 2774 ratione
2203 2709 2543 2776 dubitaret.
2651 2720 2719 2776 at
2767 2721 2907 2771 vero
2967 2693 2968 2785 l

867 2815 1104 2886 quanta
1164 2802 1359 2867 maris
1418 2813 1517 2870 est
1577 2801 2013 2889 pulchritudo!
2085 2824 2252 2888 quae
2307 2805 2552 2890 species
2605 2790 2910 2871 universi!

867 2921 1029 2982 quae
1058 2895 1404 2962 multitudo
1438 2906 1503 2963 et
1537 2896 1813 2962 varietas
1858 2896 2242 2962 insularuml
2297 2918 2464 2982 quae
2508 2894 2909 2964 amoenitates

867 3013 1118 3055 orarum
1155 3011 1232 3055 ac
1266 2989 1552 3055 litorum!
1608 3002 1764 3076 quot
1807 3013 2047 3076 genera
2090 3012 2411 3075 quamque
2456 2991 2735 3079 disparia
2776 3003 2914 3072 par·
2965 3035 2966 3039 =

867 3086 979 3146 tim
1005 3083 1502 3163 submersarum,
1537 3085 1770 3171 partim
1796 3084 2183 3150 fluitantium
2211 3097 2278 3151 et
2308 3085 2668 3151 innantium
2700 3080 2911 3148 belua-

867 3202 1001 3244 rum
1015 3227 1034 3256 ,
1087 3179 1320 3264 partim
1356 3180 1441 3246 ad
1483 3203 1640 3245 saxa
1674 3179 1907 3245 nativis
1941 3181 2122 3245 testis
2167 3179 2659 3246 inhaerentium!
2710 3178 2910 3262 ipsum
2963 3227 2964 3238 ,

867 3286 1081 3339 autem
1118 3297 1296 3342 mare
1340 3275 1431 3340 sic
1454 3284 1703 3359 ,terram
1739 3274 2045 3362 adpetens
2088 3273 2379 3340 litoribus
2416 3272 2644 3351 cludit,
2687 3283 2761 3336 ut
2793 3283 2911 3332 una
2963 3245 2964 3309 l

763 3394 835 3432 ἰω
867 3394 947 3434 cx
981 3368 1232 3433 duabus
1269 3368 1513 3434 naturis
1540 3369 1815 3435 conflata
1848 3368 2160 3435 videatur.
2213 3366 2385 3433 exim
2417 3367 2581 3432 mari
2612 3363 2912 3432 finitimus

867 3470 975 3530 aiil·
1007 3462 1111 3527 die
1147 3473 1210 3528 et
1244 3475 1431 3529 nocte
1458 3463 1891 3550 distinguitur,
1923 3463 2107 3546 isque
2134 3472 2272 3527 tum
2305 3461 2489 3525 fusus
2515 3472 2581 3528 et
2615 3470 2914 3528 extenua·

867 3573 967 3622 tus
1004 3556 1274 3623 sublime
1310 3557 1531 3634 fertur,
1568 3569 1707 3623 tum
1738 3569 1954 3623 autem
1989 3567 2321 3622 concretus
2354 3556 2422 3620 in
2456 3556 2644 3622 nubis
2672 3548 2916 3636 cogitur

867 3672 1279 3735 umoremque
1298 3652 1625 3738 conligens
1652 3664 1886 3718 terram
1912 3661 2107 3737 auget
2131 3650 2467 3726 imbribus,
2496 3661 2633 3715 tum
2652 3647 2912 3716 effluens

867 3746 992 3810 huc
1027 3754 1092 3810 et
1123 3743 1278 3812 illuc
1311 3756 1535 3811 ventos
1572 3746 1791 3812 efficit.
1880 3745 2053 3810 idem
2086 3766 2334 3810 annuas
2369 3745 2679 3830 frigorum
2714 3750 2780 3806 et
2814 3752 2914 3798 ca·

867 3841 1069 3902 lorum
1105 3837 1262 3905 facit
1294 3838 1635 3906 varietates
1672 3839 1971 3925 idemque
2007 3848 2071 3905 et
2104 3839 2355 3904 volatus
2392 3838 2615 3903 alitum
2649 3829 2913 3903 sustinet
2957 3916 2958 3924 ἵ

763 3951 835 4006 44]
867 3946 931 3998 ct
967 3932 1194 4018 spiritu
1229 3934 1460 4000 ductus
1498 3934 1613 4001 alit
1645 3946 1713 4001 et
1748 3944 2062 4001 sustentat
2096 3933 2454 3998 animantis.
2538 3940 2735 3997 restat
2758 3917 2912 3989 ‘ulti‘

867 4049 1009 4091 mus
1054 4037 1118 4093 et
1159 4051 1200 4094 a
1241 4026 1578 4094 domiciliis
1621 4029 1856 4095 nostris
1902 4027 2245 4093 altissimus
2292 4024 2504 4091 omnia
2548 4024 2812 4110 cingens
2854 4017 2912 4075 et

867 4126 1166 4192 cu'e’rcens
1202 4123 1364 4191 caeli
1409 4124 1792 4212 conplexus,
1845 4123 1958 4208 qui
1990 4121 2163 4188 idem
2206 4119 2426 4187 aether
2458 4130 2753 4194 vocatur,
2807 4127 2912 4174 ex‘
2955 4145 2956 4191 γ

2949 4379 2954 4525 l

2960 3522 2962 3569 A
