3292 4559
644 1462 694 1501 73

733 263 862 330 148
1355 271 1432 325 M.
1471 267 1746 326 TULLII
1780 264 2185 324 CICERONIS

734 397 1008 486 quorum
1062 389 1190 463 alia
1241 405 1393 460 sunt
1451 392 1663 480 posita
1714 391 1783 456 in
1833 391 2267 457 monumentis
2322 400 2389 456 et
2439 389 2804 478 disciplina,

731 493 908 580 quod
942 493 1364 559 Etruscorum
1409 487 1737 554 declarant
1780 497 1845 552 et
1895 484 2287 572 haruspicini
2332 495 2397 549 et
2439 484 2801 572 fulgurales

734 601 800 656 et
831 587 1094 653 rituales
1127 584 1295 663 libri,
1331 582 1526 649 vestri
1561 582 1757 648 etiam
1787 579 2148 668 augurales,
2186 579 2309 644 alia
2338 589 2557 644 autem
2582 581 2804 646 subito

735 705 818 748 ex
869 681 1156 768 tempore
1201 679 1566 744 coniectura
1609 675 2039 762 explicantur,
2094 684 2169 739 ut
2212 673 2387 760 apud
2434 674 2799 740 Homerum

737 775 1046 853 Calchas,
1098 775 1210 858 qui
1252 796 1336 838 ex
1389 793 1723 858 passerum
1766 790 2033 848 numero
2079 768 2233 834 belli
2275 767 2541 833 Troiani
2592 791 2799 834 annos

735 879 1088 956 auguratus
1125 877 1240 944 est,
1277 878 1341 933 et
1373 876 1447 930 ut
1480 865 1550 930 in
1579 863 1802 930 Sullae
1840 862 2147 949 scriptum
2183 860 2447 926 historia
2479 861 2800 940 videmus,

735 964 910 1050 quod
963 975 1027 1029 te
1081 960 1481 1047 inspectante
1534 959 1781 1024 factum
1827 968 1951 1033 est,
2004 968 2107 1034 ut,
2162 978 2311 1022 cum
2354 957 2461 1022 ille
2514 956 2583 1021 in
2640 977 2802 1043 agro

733 1057 986 1124 Nolano
1019 1057 1357 1120 inmolaret
1392 1063 1540 1118 ante
1574 1052 1994 1138 praetorium,
2042 1052 2126 1115 ab
2170 1050 2391 1115 infima
2425 1073 2538 1116 ara
2584 1050 2800 1116 subito

735 1153 966 1240 anguis
1010 1159 1392 1235 emergeret,
1442 1169 1589 1213 cum
1634 1146 1897 1229 quidem
1934 1143 2013 1211 C.
2048 1143 2425 1210 Postumius
2472 1145 2797 1231 haruspex

736 1257 948 1312 oraret
988 1244 1172 1318 illum
1217 1253 1292 1307 ut
1332 1242 1400 1306 in
1445 1240 1917 1326 expeditionem
1963 1240 2316 1305 exercitum
2352 1237 2680 1306 educeret:
2725 1239 2799 1304 id

738 1363 887 1405 cum
922 1337 1108 1405 Sulla
1140 1337 1416 1413 fecisset,
1453 1347 1591 1400 tum
1629 1347 1779 1400 ante
1814 1334 2122 1420 oppidum
2158 1333 2392 1398 Nolam
2426 1331 2801 1398 fortissuma

741 1433 1128 1500 Samnitium
1164 1442 1372 1496 castra
1407 1431 1595 1516 cepit.
1683 1429 1858 1494 facta
1893 1429 2259 1494 coniectura
2294 1427 2486 1493 etiam
2530 1427 2601 1492 in
2632 1426 2801 1492 Dio-

738 1527 924 1612 nysio
960 1536 1084 1603 est,
1119 1525 1313 1610 paulo
1351 1533 1499 1588 ante
1533 1544 1729 1607 quam
1764 1545 2035 1608 regnare
2070 1522 2309 1608 coepit:
2348 1522 2461 1606 qui
2497 1544 2647 1588 cum
2678 1543 2802 1608 per

663 1647 670 1654 ·
737 1642 970 1710 agrum
993 1621 1400 1686 Leontinum
1443 1619 1565 1685 iter
1607 1617 1851 1684 faciens
1887 1641 2126 1702 equum
2159 1618 2299 1704 ipse
2334 1615 2693 1683 demisisset
2724 1617 2801 1682 in

649 2351 700 2390 74

651 3431 703 3474 ‘15

739 1717 999 1792 flumen,
1037 1715 1406 1780 submersus
1443 1731 1644 1796 equus
1681 1711 2097 1798 voraginibus
2131 1733 2262 1776 non
2298 1710 2566 1789 exstitit3
2604 1732 2799 1794 quem

741 1831 890 1874 eum
925 1810 1206 1874 maxima
1231 1807 1635 1874 contentione
1664 1829 1793 1872 non
1827 1805 2141 1892 potuisset
2170 1805 2523 1884 extrahere,
2561 1805 2801 1872 disces-

745 1905 846 1980 sit,
883 1915 956 1968 ut
991 1904 1080 1968 ait
1095 1903 1430 1980 Philistus,
1465 1923 1659 1988 aegre
1694 1901 1926 1966 ferens.
1982 1923 2131 1966 cum
2156 1911 2371 1965 autem
2400 1900 2802 1984 aliquantum

741 2021 1120 2086 progressus
1169 2007 1366 2076 esset,
1403 1997 1614 2063 subito
1652 1996 1979 2062 exaudivit
2023 1994 2344 2061 hinnitum
2387 1994 2803 2080 respexitque

743 2104 808 2158 et
849 2091 1088 2178 equum
1133 2092 1410 2158 alacrem
1444 2092 1653 2157 laetus
1688 2091 1967 2176 aspexit,
2012 2091 2194 2155 cuius
2229 2090 2298 2154 in
2330 2089 2486 2154 iuba
2530 2112 2805 2163 examen

743 2187 961 2272 apium
1007 2187 1411 2253 consederat:
1459 2186 1634 2270 quod
1686 2197 2007 2256 ostentum
2048 2185 2275 2250 habuit
2316 2185 2482 2249 hanc
2516 2184 2676 2262 vim,
2728 2195 2805 2250 ut

640 2278 710 2332 34
743 2280 1098 2366 Dionysius
1152 2280 1374 2363 paucis
1416 2289 1565 2364 post
1608 2278 1836 2342 diebus
1878 2300 2149 2365 regnare
2195 2279 2496 2366 coeperit.
2604 2278 2807 2363 quid?

742 2373 1274 2438 Lacedaemoniis
1306 2373 1501 2458 paulo
1539 2381 1687 2437 ante
1722 2371 2132 2440 Leuctricam
2168 2373 2599 2441 calamitatem
2634 2396 2809 2458 quae

747 2466 1128 2554 significatio
1173 2467 1347 2533 facta
1381 2477 1506 2544 est,
1562 2487 1711 2531 cum
1754 2466 1824 2532 in
1858 2468 2159 2533 Herculis
2206 2466 2357 2533 fano
2393 2491 2573 2534 arma
2608 2491 2811 2536 sonu-

747 2573 933 2629 erunt
968 2563 1396 2646 Herculisque
1431 2562 1845 2628 simulacrum
1876 2563 2081 2628 multo
2116 2563 2349 2630 sudore
2382 2563 2695 2630 manavit!
2734 2575 2806 2629 at

747 2657 973 2724 eodem
1019 2669 1306 2742 tempore
1351 2652 1623 2734 Thebis,
1677 2666 1751 2721 ut
1796 2656 1886 2725 ait
1931 2654 2387 2737 Callisthenes,
2439 2659 2508 2724 in
2560 2658 2807 2745 templo

745 2751 1047 2818 Herculis
1091 2751 1318 2816 valvae
1353 2749 1610 2816 clausae
1642 2749 1969 2837 repagulis
2005 2751 2217 2816 subito
2254 2774 2323 2818 se
2358 2753 2537 2840 ipsae
2572 2775 2812 2840 aperu-

748 2857 934 2913 erunt
969 2867 1302 2930 armaque,
1355 2863 1522 2927 quae
1555 2843 1687 2910 fixa
1720 2845 1788 2910 in
1821 2843 2173 2930 parietibus
2206 2846 2489 2925 fuerant,
2542 2869 2621 2914 ea
2655 2858 2811 2912 sunt

747 2939 930 3005 humi
963 2940 1255 3016 inventa3
1305 2959 1579 3022 cumque
1623 2938 1852 3004 eodem
1896 2949 2181 3025 tempore
2229 2939 2405 3027 apud
2440 2940 2809 3006 Lebadiam

747 3032 1120 3118 Trophonio
1154 3055 1256 3098 res
1291 3032 1510 3097 divina
1542 3033 1745 3111 fieret,
1780 3033 1987 3119 gallos
2023 3033 2413 3120 gallinaceos
2446 3035 2517 3100 in
2552 3054 2627 3101 eo
2662 3036 2815 3101 loco

745 3128 838 3193 sic
873 3125 1139 3192 adsidue
1175 3149 1400 3194 canere
1437 3129 1769 3214 coepisse,
1798 3139 1871 3192 ut
1904 3127 2063 3192 nihil
2096 3128 2615 3196 intermitterent:
2662 3144 2807 3196 tum

747 3245 1024 3310 augures
1081 3222 1314 3291 dixisse
1359 3223 1695 3300 Boeotios,
1740 3222 2200 3294 Thebanorum
2235 3247 2395 3299 ,esse
2448 3224 2805 3302 victoriam,

743 3329 1083 3405 propterea
1127 3317 1300 3402 quod
1345 3317 1481 3383 avis
1523 3317 1636 3383 illa
1681 3319 1852 3383 victa
1895 3318 2083 3384 silere
2128 3319 2390 3396 soleret,
2444 3340 2702 3397 canere,
2752 3319 2814 3384 si

745 3414 1018 3480 vicisset.
1109 3412 1463 3498 eademque
1513 3423 1895 3498 tempestate
1948 3413 2166 3478 multis
2220 3414 2420 3500 signis
2473 3413 2823 3480 Lacedae--

745 3507 974 3573 moniis
993 3507 1374 3573 Leuctricae
1409 3528 1671 3594 pugnae
1708 3507 2035 3573 calamitas
2063 3508 2589 3575 denuntiabatur:
2624 3532 2813 3574 nam-

745 3623 872 3686 que
919 3611 982 3666 et
1032 3601 1101 3666 in
1135 3599 1490 3687 Lysandri,
1546 3601 1660 3684 qui
1703 3600 2366 3668 Lacedaemoniorum
2418 3603 2814 3669 clarissimus⁴

746 3695 976 3772 fuerat,
1013 3705 1256 3772 statua,
1291 3715 1458 3778 quae
1491 3694 1766 3781 Delphis
1802 3696 2046 3774 stabat,
2079 3697 2149 3761 in
2183 3698 2393 3783 capite
2429 3696 2666 3763 corona
2698 3719 2825 3761 su·-

745 3788 882 3853 bito
935 3789 1176 3854 exstitit
1227 3810 1310 3854 ex
1355 3789 1598 3875 asperis
1640 3789 1858 3855 herbis
1906 3801 1971 3856 et
2015 3791 2406 3876 agrestibus,
2460 3791 2825 3874 stellaeque-

751 3904 1002 3960 aureae,
1038 3905 1204 3967 quae
1232 3882 1508 3968 Delphis
1537 3895 1719 3950 erant
1752 3906 1793 3948 a
1816 3883 2349 3951 Lacedaemoniis
2382 3886 2627 3972 positae
2662 3895 2817 3971 post

751 3975 1047 4040 navalem
1077 3977 1254 4042 illam
1287 3978 1621 4043 victoriam
1648 3977 1995 4066 Lysandri,
2031 4001 2164 4064 qua
2190 3981 2622 4046 Athenienses
2656 4001 2825 4046 con-

755 4065 1048 4134 ciderunt
1081 4105 1167 4117 —
1199 4092 1330 4156 qua
1377 4072 1448 4137 in
1498 4095 1721 4160 pugna
1772 4073 1925 4157 quia
1978 4071 2213 4142 Castor
2264 4086 2328 4142 et
2371 4074 2609 4142 Pollux
2662 4095 2823 4140 cum
