3292 4559
324 0 352 357 ι
673 225 679 231 ”
1050 234 1173 299 DE
1192 234 1295 291 ΒΕ
1330 234 1674 293 PUBch
1707 236 1780 293 v.
1817 236 2028 295 5—11
2433 222 2562 297 233

502 358 633 424 vita
666 357 992 447 proposita
1026 370 1143 437 est,
1178 371 1251 425 ut
1286 357 1515 447 opibus
1542 357 1750 436 firma,
1784 360 1986 447 copiis
2012 360 2320 447 locuples,
2354 360 2564 449 'gloria

497 454 746 540 ampla,
799 454 1035 519 virtute
1088 454 1359 520 honesta
1410 454 1522 532 sit3
1576 453 1771 519 huius
1823 455 1994 521 enim
2039 456 2250 543 operis
2293 459 2561 525 maximi

496 548 665 613 inter
708 547 997 614 homines
1040 558 1235 633 atque
1282 547 1506 635 optimi
1540 548 1726 615 illum
1759 571 1900 617 esse
1934 550 2356 636 perfectorem
2391 554 2558 621 volo.

496 639 669 725 (Cic.
708 645 795 707 ad
824 644 959 707 Aa.
995 642 1189 721 VIII,
1228 642 1363 728 11.)

624 736 719 803 Et
766 737 880 803 ubi
933 748 1059 815 est,
1112 738 1287 822 quod
1338 748 1403 805 et
1453 748 1708 805 vestrae
1749 738 1998 805 litterae
2057 739 2240 805 illum
2289 742 2556 809 laudant

494 830 741 917 patriae
802 842 1145 910 reetorem,
1209 832 1322 917 qui
1380 832 1602 919 populi
1667 832 1932 899 utilitati
1995 833 2204 920 magis
2265 837 2556 903 consulat

492 946 693 1010 quam
735 926 1088 993 voluntati?
1140 925 1581 1013 (Augustinus
1628 930 1803 1013 epist.
1841 930 1941 994 ad
1977 928 2340 995 Nectar-ium
2374 928 2556 1008 CIV,
2575 926 2586 935 ⁸

492 1042 548 1085 o.
584 1020 651 1096 2,
689 1020 739 1103 §.
770 1018 808 1085 7
844 1042 910 1107 p.
944 1020 1073 1087 291
1110 1022 1213 1087 ed.
1248 1022 1617 1108 Benediet.)
2524 1069 2534 1077 »

630 1116 871 1181 Tullius
926 1116 1069 1181 hine
1120 1118 1507 1183 dissimulare
1560 1142 1684 1183 non
1727 1120 1936 1204 potuit
1977 1121 2047 1183 in
2091 1121 2313 1185 eisdem
2359 1119 2550 1199 libris,
2607 1098 2641 1153 ⁷

489 1231 645 1322 quos
699 1212 773 1275 de
824 1232 891 1275 re
931 1211 1192 1297 publica
1244 1213 1519 1297 scripsit,
1572 1212 1684 1277 aba·
1737 1214 2006 1300 loquitur
2057 1214 2130 1278 de
2183 1168 2632 1279 imtituendo⁹

476 1306 791 1393 principe
804 1306 1097 1383 civitatis,
1136 1328 1313 1394 quem
1348 1308 1497 1373 dicit
1528 1305 1832 1373 alendum
1867 1328 2008 1373 esse
2041 1306 2278 1393 gloria,
2324 1318 2380 1373 et
2413 1328 2556 1373 con·

486 1411 803 1485 ,sequenter
863 1412 1291 1467 commemorat
1349 1400 1625 1467 maiores
1691 1422 1842 1467 suos
1893 1400 2096 1467 multa
2144 1400 2310 1467 mira
2361 1412 2554 1486 atque

486 1493 824 1579 praeclara
883 1493 1128 1579 gloriae
1190 1494 1545 1582 eupiditate
1613 1494 1866 1563 fecisse.
1972 1494 2412 1581 (Augustinus
2481 1499 2556 1563 de

486 1590 651 1651 civit.
690 1590 790 1653 dei
822 1588 907 1666 V,
946 1588 1083 1675 13.)

630 1683 871 1747 Tullius
910 1686 980 1748 in
1026 1685 1201 1749 libm
1245 1686 1319 1749 de
1360 1705 1429 1749 re
1449 1685 1710 1771 publiea
1742 1686 2016 1771 scripsit,
2061 1686 2286 1749 seilicet
2320 1683 2556 1770 prinoi-

486 1798 638 1861 pem
682 1776 957 1844 civitatis
1000 1778 1207 1864 gloria
1250 1800 1391 1845 esse
1435 1777 1739 1845 alendum
1782 1788 1848 1845 et
1889 1788 2024 1843 tam
2067 1776 2178 1843 diu
2215 1786 2383 1843 stare
2416 1798 2556 1845 rem

483 1869 836 1955 publicam,
873 1893 1068 1955 quam
1104 1872 1217 1938 diu
1250 1873 1335 1937 ab
1369 1872 1668 1937 omnibus
1693 1871 1897 1937 honor
1921 1871 2196 1958 principi
2223 1870 2556 1937 exhibere-

486 1978 617 2029 tur.
703 1963 968 2048 (Petrus
1010 1965 1437 2032 Pictaviensis
1482 1967 1700 2052 Epist.
1747 1968 1834 2031 ad
1884 1967 2145 2031 column.
2191 1964 2364 2030 Bibl.
2411 1964 2552 2030 ΡΡ.

485 2057 709 2144 Lugd.
748 2059 827 2125 Τ.
862 2058 1105 2138 XXII,
1138 2082 1290 2147 pag.
1326 2059 1509 2146 824.)

618 2153 711 2217 Μ.
758 2156 995 2219 Tullius
1040 2158 1115 2220 de
1155 2178 1221 2220 re
1244 2155 1503 2241 publica
1540 2156 1645 2220 lib.
1697 2154 1780 2219 7.·
1831 2165 1970 2219 tum
2003 2152 2266 2231 virtute,
2311 2152 2552 2229 labore,

484 2246 802 2313 industria
850 2259 1137 2315 tueretur
1190 2247 1425 2315 summi
1477 2248 1599 2314 viri
1650 2248 1962 2327 indolem,
2015 2247 2139 2313 nisi
2179 2246 2370 2315 nimis
2416 2246 2554 2313 ani-

484 2363 671 2407 mose
703 2343 885 2410 ferox
918 2354 1151 2411 natura
1184 2344 1367 2410 illum
1401 2342 1621 2409 neseio
1659 2364 1788 2467 quo
1807 2378 1894 2391 —-
1935 2341 2030 2426 (N
2029 2364 2214 2409 omus
2249 2364 2313 2407 v.
2342 2344 2554 2407 anima

484 2458 640 2523 pag·
676 2437 857 2525 233.)

622 2531 1071 2619 ‘’Contemptus
1122 2556 1359 2621 ‚qenms
1403 2534 1758 2610 masculini,
1808 2530 2230 2617 ‘contemptio’
2257 2530 2556 2617 feminini

486 2627 581 2692 Μ.
620 2628 859 2692 Tullius
896 2630 971 2692 de
1000 2648 1067 2691 re
1096 2629 1271 2714 publ.
1310 2627 1415 2691 lib.
1448 2628 1531 2691 7.·
1575 2647 1744 2710 quae
1778 2626 1980 2691 virtus
2015 2624 2324 2689 fortitudo
2360 2644 2553 2689 voea-

484 2733 623 2798 tur,
684 2720 753 2785 in
814 2741 943 2803 qua
1004 2731 1101 2786 est
1162 2720 1542 2806 magnitudo
1606 2720 1835 2795 animi,
1903 2720 2126 2783 mortis
2189 2717 2553 2801 dolorisque

484 2836 729 2899 magna
762 2812 1168 2899 contemptio.
1256 2812 1537 2895 (Nonius
1569 2834 1635 2897 p.
1673 2810 1854 2897 201.)

623 2907 947 2973 ‘’Lentum
996 2906 1304 2993 siymficat
1356 2908 1620 2969 tardum.
1708 2904 1802 2967 Μ.
1858 2904 2097 2968 Tullius
2150 2905 2224 2968 de
2273 2924 2340 2967 re
2373 2901 2622 3004 pubL
2604 2892 2642 2948 8

488 3004 597 3069 lib.
648 3002 730 3065 7.·
762 3000 1115 3067 Marcellus
1149 3009 1223 3065 ut
1257 3020 1406 3064 aeer
1441 3008 1504 3064 et
1539 3018 1826 3085 pugnax,
1871 2994 2203 3060 Maximus
2237 3005 2313 3061 ut
2345 2994 2554 3061 eonsi-

485 3096 749 3161 deratus
785 3106 850 3160 et
884 3094 1113 3160 lentus.
1202 3091 1485 3176 (Nonius
1519 3113 1587 3177 p.
1623 3089 1808 3177 337.)

623 3190 835 3255 ‘Orbi’
861 3212 985 3276 pro
1024 3189 1165 3253 orbe
1206 3186 1549 3253 Ciceronem
1586 3188 1661 3251 de
1692 3208 1759 3250 re
1781 3184 2041 3271 publiea
2076 3184 2231 3249 libro
2265 3184 2349 3248 7.·
2383 3182 2554 3248 ‘orbi

487 3296 811 3349 terrarum·
838 3281 1338 3370 conprehensos'
1375 3329 1393 3347 .
1433 3328 1449 3347 .
1488 3329 1506 3346 .
1542 3282 1792 3347 Plinius
1827 3282 2032 3345 eodem
2060 3279 2216 3345 libro
2241 3277 2342 3345 VI
2359 3289 2550 3345 notat.

488 3375 856 3462 (Charisius
890 3376 945 3441 I.
981 3400 1046 3463 p.
1085 3376 1210 3441 112
1244 3375 1347 3453 Ρ.,
1382 3397 1447 3461 p.
1490 3374 1614 3440 139
1651 3374 1753 3440 ed.
1789 3371 1996 3459 Keil.)

499 3521 506 3526 -
618 3472 712 3538 Μ.
768 3474 1005 3537 Tullius
1062 3476 1135 3537 de
1186 3495 1252 3538 re
1292 3472 1473 3557 publ.
1535 3471 1639 3536 lib.
1702 3470 1785 3535 7.·
1845 3469 2020 3554 quod
2079 3467 2401 3533 molestias
2453 3489 2555 3534 se·

487 3566 765 3633 nectutis
818 3589 973 3633 suae
1024 3566 1253 3633 vestris
1298 3564 1555 3631 familiis
1604 3564 1908 3651 inpertire
1952 3573 2186 3649 posset.
2273 3560 2554 3645 (Nonius

490 3685 555 3727 v.
590 3665 899 3749 impertire
933 3685 997 3748 p.
1034 3660 1172 3746 37.)

621 3758 845 3822 Postea
886 3756 1002 3821 Ιιοσ
1045 3758 1232 3821 etiam
1275 3756 1516 3819 addidit
1550 3751 1838 3838 (Seneca)
1872 3752 2303 3817 ἰπειιῑείεείτηεε
2356 3754 2649 3851 ‘uapud
2603 3736 2639 3791 9

2755 304 2798 326 t

488 3852 695 3937 speum
739 3851 1000 3937 quoque’
1050 3851 1254 3936 inquit
1308 3847 1687 3914 ‘acaronem
1727 3848 1996 3911 invenies
2041 3847 2224 3910 etiam
2263 3847 2332 3909 in
2357 3867 2556 3930 prosa

457 3946 767 4027 oratione
802 3946 1120 4030 quaedam,
1159 3965 1233 4008 ex
1267 3941 1486 4027 quibus
1522 3940 1840 4027 intelleyas
1865 3940 2044 4005 illum
2069 3960 2194 4003 noa
2210 3940 2554 4024 perdidisse

398 4044 449 4122 l
488 4060 763 4126 operam,
801 4042 979 4125 quod
981 4038 1264 4103 Ennium
1300 4033 1484 4121 leqitss
1532 4036 1721 4121 ponit
1754 4034 1970 4099 deinde
2002 4052 2160 4119 quae
2191 4032 2364 4117 apud
2392 4029 2556 4097 Oica-

379 4139 464 4525 -ἰ
