3292 4559
807 160 935 225 276
1194 256 1205 268 ,
1428 170 1506 223 M.
1543 168 1817 226 TULLII
1851 166 2253 225 CICERONIS

802 282 1043 382 umque
1086 294 1585 369 vicissitudines,
1642 314 1838 377 quem
1881 279 2178 357 mensum
2221 290 2580 376 temperatio
2619 312 2802 375 quem-

804 414 931 479 que
968 414 1063 468 ea,
1100 412 1267 475 quae
1304 390 1661 475 gignuntur
1693 387 1878 452 nobis
1913 387 1998 451 ad
2031 386 2372 451 fruendum
2385 434 2402 463 ,
2437 406 2562 449 non
2595 396 2805 471 gratum
2916 414 2917 427 κ

804 508 941 552 esse
976 496 1236 571 cogunt,
1270 484 1444 549 hunc
1478 482 1805 548 hominem
1840 482 2098 547 omnino
2134 480 2456 546 numerari
2487 480 2595 563 qui
2625 480 2810 545 decet?
2916 516 2917 527 κ

778 600 1079 663 -cumque
1142 578 1390 655 omnia,
1456 598 1625 661 quae
1687 576 2000 642 rationem
2053 574 2319 653 habent,
2381 584 2690 661 praestent
2729 572 2806 650 iis,

800 696 967 759 quae
1021 685 1170 739 sunt
1220 672 1482 737 rationis
1536 672 1850 757 expertia,
1903 670 2214 755 nefasque
2265 671 2348 735 sit
2401 670 2604 735 dicere
2650 669 2808 732 ullam

800 790 939 835 rem
988 779 1315 855 praestare
1360 776 1625 833 naturae
1680 767 1967 831 omnium
2008 788 2252 843 rerum,
2295 765 2603 829 rationem
2642 762 2810 828 inesse

798 864 868 929 in
914 886 991 929 ea
1036 862 1472 931 confitendum
1516 872 1632 928 eut.
1721 860 1894 925 utilis
1941 883 2080 926 esse
2126 871 2346 927 autem
2377 858 2495 924 has
2528 857 2810 944 opiniones

802 960 947 1044 quis
998 971 1219 1045 neget,
1275 980 1424 1024 cum
1474 958 1809 1045 intellegat
1852 978 2046 1041 quam
2088 958 2294 1021 multa
2347 956 2669 1021 firmentur
2701 952 2812 1016 iure

798 1053 1097 1131 iul-ande,
1145 1063 1423 1137 quantae
1470 1051 1663 1116 saluti
1709 1051 1837 1115 sint
1882 1050 2214 1118 foederum
2249 1050 2616 1137 religiones,
2655 1068 2811 1131 quam

801 1150 1034 1213 multos
1079 1147 1277 1213 divini
1323 1146 1619 1232 supplicii
1662 1156 1870 1211 metus
1919 1168 1958 1210 a
2003 1147 2242 1211 scelere
2283 1144 2599 1212 revocarit
2629 1164 2811 1227 quam-

800 1264 927 1326 que
972 1253 1195 1306 sancta
1230 1242 1311 1305 sit
1348 1242 1619 1306 societas
1657 1241 1892 1306 civium
1927 1241 2093 1305 inter
2123 1242 2329 1326 ipsos,
2381 1240 2480 1304 dis
2515 1236 2810 1303 inmortali-

798 1338 921 1400 bus
955 1335 1343 1420 interpositis
1380 1344 1520 1399 tum
1553 1336 1892 1412 iudicibus,
1933 1347 2056 1399 tum
2093 1334 2406 1399 testibus?
2459 1333 2649 1397 habes
2686 1328 2807 1413 legis

704 1462 755 1501 ιτ
798 1429 1227 1517 prooemium3
1281 1430 1373 1495 sic
1418 1431 1589 1496 enim
1636 1430 1918 1516 appellat
1961 1430 2173 1494 Plato.
2268 1428 2341 1509 Q.
2409 1428 2637 1493 Habeo
2675 1445 2810 1497 vero,

797 1524 1025 1601 frater,
1072 1534 1139 1589 et
1179 1525 1249 1589 in
1283 1524 1408 1591 hoc
1442 1525 1791 1591 admodum
1827 1525 2136 1601 delector,
2182 1524 2356 1607 quod
2393 1524 2463 1587 in
2497 1522 2630 1585 aliis
2661 1519 2810 1584 rebus

798 1618 1068 1703 aliisque
1120 1619 1450 1685 sententiis
1506 1620 1779 1684 versaris
1833 1630 2026 1702 atque
2076 1618 2183 1683 ille
2195 1643 2213 1695 3
2284 1617 2450 1681 nihil
2513 1617 2671 1682 enim
2713 1624 2810 1675 tam

800 1714 1106 1779 dissimile
1142 1736 1339 1798 quam
1372 1715 1477 1779 vel
1513 1710 1621 1791 ea,
1671 1724 2020 1798 quae—ante
2057 1714 2305 1791 dixisti,
2351 1714 2460 1779 vel
2494 1713 2614 1777 hoc
2643 1710 2811 1795 ipsum

800 1809 879 1875 de
928 1810 1065 1875 deis
1101 1810 1461 1876 exordium:
1516 1832 1720 1875 unum
1755 1810 1915 1873 illud
1950 1809 2108 1874 mihi
2141 1810 2379 1875 videris
2416 1808 2667 1883 imitari,
2705 1826 2812 1867 ora-

792 1904 985 1967 tionis
1037 1926 1262 1991 genus.
1350 1903 1443 1969 M.
1506 1904 1697 1971 Velle
1750 1903 2020 1969 fortasse
2031 1929 2049 1982 3
2107 1904 2252 1987 quis
2304 1905 2480 1969 enim
2533 1903 2606 1967 id.
2645 1908 2812 1987 potest

794 2008 907 2061 aut
957 2020 1270 2084 umquam
1322 2000 1559 2085 poterit
1609 1998 1882 2063 imitari?
1951 2020 2102 2063 nam
2157 1999 2508 2063 sententias
2552 1998 2812 2079 interpre-

792 2092 915 2157 tari
957 2093 1262 2179 perfacile
1308 2105 1435 2170 est3
1494 2093 1672 2177 quod
1705 2092 1968 2176 quidem
2003 2114 2137 2177 ego·
2159 2093 2473 2170 facerem,
2517 2091 2633 2155 nisi
2662 2089 2813 2174 plane

793 2209 935 2253 esse
978 2186 1207 2253 vellem
1252 2210 1454 2253 meuS.
1544 2187 1700 2269 quid
1746 2187 1916 2251 enim
1959 2186 2200 2271 negotii
2245 2199 2344 2251 est
2393 2187 2616 2253 eadem
2654 2201 2811 2270 prope

792 2280 1003 2345 verbis
1063 2281 1268 2345 isdem
1330 2302 1639 2345 conversa
1705 2281 1955 2345 dicere?
2031 2281 2103 2361 Q.
2165 2278 2448 2347 Prorsus
2511 2276 2810 2349 adsentior3

789 2394 1045 2447 verum,
1099 2384 1173 2436 ut
1214 2372 1407 2437 modo
1454 2384 1589 2437 tute
1634 2372 1882 2451 dixisti,
1937 2385 2001 2439 te
2048 2396 2186 2440 esse
2239 2373 2412 2439 malo
2457 2386 2651 2440 tuum.
2726 2366 2809 2432 sed

696 2494 746 2533 18
790 2466 918 2528 iam
955 2487 1278 2549 exprome,
1316 2466 1369 2529 si
1403 2466 1637 2551 placet,
1675 2468 1832 2533 istas
1867 2470 2044 2555 leges
2081 2470 2162 2535 de
2197 2470 2530 2555 religione.
2583 2468 2668 2533 M.
2707 2464 2810 2528 Ex·

786 2582 1077 2647 promam
1129 2560 1455 2643 equidem,
1520 2573 1597 2626 ut
1648 2574 1901 2647 potem,
1958 2576 2022 2629 et
2087 2565 2394 2648 quoniam
2447 2577 2513 2630 et
2562 2565 2722 2635 locus
2763 2566 2809 2621 et

787 2677 996 2721 sermo
1031 2655 1362 2721 familiaris
1400 2666 1525 2734 est,
1568 2657 1790 2743 legum
1828 2656 2068 2744 [leges]
2105 2681 2265 2724 voce
2310 2680 2678 2746 proponam.
2753 2650 2808 2731 Q-

787 2750 1119 2833 Quidnam
1162 2752 1229 2815 id
1276 2753 1408 2817 est?
1478 2753 1569 2817 M.
1638 2752 1808 2819 Sunt
1853 2764 2029 2819 certa
2061 2755 2281 2839 legum
2315 2755 2548 2830 verba,
2593 2750 2809 2834 Quinte,

782 2868 995 2931 neque
1038 2848 1130 2912 ita
1172 2848 1417 2933 prisca,
1464 2858 1539 2911 ut
1572 2848 1639 2913 in
1675 2848 1998 2913 veteribus
2031 2870 2122 2911 ΧΠ
2156 2849 2549 2934 sacratisque
2583 2844 2810 2931 legibus,

785 2952 850 3004 et
884 2951 1119 3016 tamen,
1155 2963 1284 3025 quo
1319 2943 1465 3027 plus
1502 2943 1896 3007 auctoritatis
1933 2942 2233 3020 habeant,
2270 2945 2469 3029 paulo
2499 2939 2809 3025 antiquiora

783 3052 979 3114 quam
1025 3034 1131 3097 hic
1179 3056 1388 3100 sermo
1436 3047 1561 3101 est:
1616 3060 1766 3101 eum
1813 3058 2058 3103 morem
2101 3037 2300 3123 igitur
2333 3061 2489 3103 cum
2525 3035 2808 3104 brevitate,

784 3124 839 3188 si
889 3134 1157 3210 potuero
1170 3174 1189 3204 ,
1242 3150 1615 3213 consequar.
1704 3132 1880 3217 leges
1929 3143 2144 3197 autem
2180 3155 2220 3197 a
2264 3154 2384 3198 me·
2415 3134 2674 3199 edentur
2707 3146 2808 3191 non

782 3218 1107 3303 perfectae
1138 3256 1231 3269 ——-
1260 3246 1413 3288 nam
1459 3236 1628 3291 esset
1682 3226 2002 3291 infinitum
2035 3252 2151 3303 --·,
2201 3228 2316 3293 sed
2348 3228 2530 3313 ipsae
2565 3240 2808 3293 summae

780 3335 997 3379 rerum
1043 3325 1235 3399 atque
1282 3318 1654 3385 sententiae.
1751 3320 1824 3400 Q.
1887 3322 1991 3387 Ita
2035 3344 2188 3387 vero
2231 3345 2498 3389 necesse
2543 3334 2635 3389 est
2643 3346 2660 3399 3
2705 3337 2806 3404 qua

781 3428 853 3472 re
890 3410 1247 3473 audiamus.

687 3492 736 3605 ¹39
909 3506 1001 3567 M.
1063 3506 1183 3567 Ad
1239 3506 1456 3570 divos
1511 3508 1852 3573 adeunto
1907 3519 2147 3586 caste,
2213 3510 2576 3595 pietatem
2630 3502 2806 3573 adhi-

779 3595 1040 3673 bente,
1106 3620 1290 3683 opes
1352 3614 1776 3667 amovento-
1895 3604 2026 3686 qui
2085 3624 2310 3671 secus
2371 3606 2595 3681 faxit,
2655 3602 2806 3666 deus

776 3688 944 3775 ipse
979 3691 1267 3761 vindex
1302 3694 1468 3757 erit.

907 3782 1345 3867 Separatim
1415 3810 1637 3852 nemo
1699 3788 2058 3857 habessit
2124 3792 2306 3857 deos
2369 3816 2558 3859 neve
2607 3806 2804 3855 novos

772 3896 964 3940 neve
1000 3878 1336 3943 advenas
1372 3880 1527 3945 nisi
1559 3883 1881 3966 publice
1917 3886 2283 3952 adscitos:
2323 3887 2674 3974 privatim
2703 3902 2806 3947 co-

770 3962 989 4029 lunto
1025 3988 1209 4049 quos
1244 3972 1393 4039 rite
1428 3998 1469 4041 a
1500 3976 1855 4059 patribus
1893 3982 2224 4045 adscitos
2262 3984 2690 4067 acceperint.
