3292 4559
1087 242 1194 297 DE
1232 242 1562 298 ormons
1596 242 1644 299 1.
1695 242 1845 297 29-
1854 242 1939 299 35.
2399 193 2406 202 ⁵
2462 226 2537 299 11.

470 379 786 435 vocatum
819 367 886 432 in
920 388 1058 431 rem
1089 377 1494 451 praesentem
1529 386 1671 431 esse
1699 376 2039 431 venturum
2069 374 2260 449 atque
2289 361 2545 429 interim

473 464 770 549 graviter
805 471 1136 547 aegrotare
1173 460 1342 525 filius
1381 460 1678 545 coeperit,
1716 482 1844 524 non
1882 461 1965 524 sit
2001 470 2222 524 contra
2256 457 2542 523 officium

473 580 612 621 non
661 557 870 621 facere
919 554 1094 638 quod
1139 554 1402 631 dixeris,
1449 553 1784 639 magisque
1829 554 1964 631 ille,
2014 553 2119 619 cui
2162 552 2546 638 promissum

475 652 593 727 sit,
646 650 728 715 ab
773 649 986 714 officio
1032 648 1350 725 discedat,
1400 646 1455 711 si
1489 669 1558 712 se
1597 647 1971 713 destitutum
2006 658 2329 731 queratur.
2414 645 2545 710 iam

472 744 606 807 illis
662 742 988 829 promissis
1045 742 1344 807 standum
1397 762 1526 805 non
1573 762 1713 805 esse
1757 742 1901 825 quis
1946 762 2075 805 non
2121 740 2327 816 videt,
2380 761 2545 823 quae

477 849 748 902 coactus
784 837 926 919 quis
965 848 1164 911 metu,
1200 857 1368 919 quae
1406 834 1713 921 deceptus
1748 836 1896 900 dolo
1931 834 2327 921 promiserit?
2379 856 2545 917 quae

467 928 742 1011 quidem
809 930 1118 1012 pleraque
1181 929 1320 993 iure
1373 928 1693 1013 praetorio
1745 928 2126 1005 liberantur,
2186 949 2314 992 non
2368 928 2547 991 nulla

473 1023 759 1108 legibus.
852 1023 1167 1087 exsistunt
1219 1023 1412 1088 etiam
1465 1045 1657 1107 saepe
1710 1021 1979 1087 iniuriae
2026 1020 2345 1088 calumnia
2388 1042 2547 1103 qua-
2580 1040 2633 1081 aa

482 1118 640 1181 dam
694 1131 760 1181 et
811 1116 1002 1181 nimis
1056 1116 1286 1181 callida
1298 1114 1348 1201 [,
1403 1116 1518 1181 sed
1569 1114 1913 1201 malitiosa]
1969 1116 2125 1180 iuris
2170 1114 2549 1199 interpreta-

480 1210 691 1287 tione3
729 1233 812 1275 ex
847 1231 974 1293 quo
1010 1210 1170 1275 illud
1205 1216 1555 1276 ‘summum
1589 1210 1691 1275 ius
1728 1234 1979 1275 summa
2010 1208 2268 1275 iniuria’
2304 1208 2549 1273 factum

483 1316 586 1369 est
649 1305 779 1369 iam
845 1306 1062 1370 tritum
1129 1327 1422 1371 sermone
1481 1306 1915 1391 proverbium.
2004 1328 2133 1389 quo
2190 1304 2261 1369 in
2312 1326 2549 1390 genere

483 1400 682 1465 etiam
727 1400 794 1464 in
815 1424 908 1465 ‚re
953 1400 1212 1485 publica
1255 1402 1458 1467 multa
1491 1412 1868 1487 peccantur,
1914 1412 1989 1466 ut
2031 1401 2170 1478 ille,
2210 1400 2351 1484 qui,
2400 1421 2547 1463 cum

483 1493 754 1579 triginta
799 1494 1050 1561 dierum
1096 1506 1310 1561 essent
1345 1518 1492 1561 cum
1529 1495 1711 1561 hoste
1745 1495 2033 1561 indutiae
2066 1493 2307 1571 factae,
2351 1504 2548 1557 noctu

482 1589 916 1673 populabatur
975 1612 1193 1675 agros,
1264 1590 1442 1673 quod
1505 1590 1755 1655 dierum
1818 1600 2026 1655 essent
2089 1599 2344 1673 pactae,
2416 1608 2548 1651 non

483 1682 772 1747 noctium
847 1683 1153 1748 indutiae.
1257 1706 1340 1748 ne
1409 1694 1626 1749 noster
1696 1683 1957 1765 quidem
2026 1682 2423 1769 probandus,
2494 1680 2549 1745 si

488 1797 715 1839 verum
769 1788 862 1841 est
917 1775 1002 1857 Q.
1047 1778 1328 1842 Fabium
1389 1777 1765 1842 Labeonem
1818 1800 1934 1842 seu
1987 1799 2178 1859 quem
2230 1776 2427 1840 alium
2460 1811 2549 1822 —-

427 1936 442 1949 ,
487 1868 649 1933 nihil
695 1870 865 1933 enim
911 1869 1120 1934 habeo
1165 1882 1420 1955 praeter
1463 1871 1755 1935 audit-um
1794 1906 1885 1917 -—-
1927 1870 2238 1935 arbitrum
2280 1868 2549 1934 Nolanis

473 1972 556 2027 -et
608 1962 1052 2049 Neapolitanis
1116 1963 1198 2029 de
1259 1963 1496 2028 finibus
1557 1988 1598 2029 a
1660 1976 1887 2029 senatu
1951 1964 2200 2040 datum,
2265 1985 2412 2029 cum
2466 1964 2551 2027 ad

489 2058 706 2121 locum
769 2056 1076 2133 venisset,
1140 2079 1288 2122 cum
1351 2059 1640 2141 utrisque
1696 2057 2040 2143 separatim
2090 2058 2404 2134 locutum,
2466 2080 2548 2121 ne

369 2206 383 2217 .
491 2150 723 2235 cupide
777 2150 934 2233 quid
989 2163 1282 2236 agerent,
1335 2173 1418 2216 ne
1473 2152 1873 2237 adpetenter,
1928 2162 2120 2235 atque
2172 2162 2247 2216 ut
2295 2151 2549 2237 regredi

492 2266 685 2327 quam
728 2246 1030 2329 progredi
1073 2246 1356 2311 mallent.
1443 2246 1510 2310 id
1558 2268 1705 2311 cum
1750 2246 2003 2329 utrique
2050 2245 2379 2323 fecissent,
2434 2244 2549 2315 ali-

491 2348 802 2420 quantum
864 2338 1003 2425 agri
1065 2340 1134 2403 in
1193 2341 1406 2404 medio
1467 2340 1763 2406 relictum
1826 2352 1952 2405 est.·
2028 2340 2247 2423 itaque
2294 2340 2547 2405 illorum

494 2431 634 2496 finis
671 2431 789 2509 sic,
837 2443 910 2495 ut
942 2432 1066 2517 ipsi
1103 2433 1422 2511 dixerant,
1459 2434 1853 2511 terminavit3
1908 2434 1975 2498 in
2009 2434 2222 2499 medio
2256 2434 2549 2498 relictum

493 2526 665 2608 quod
727 2537 863 2591 erat
925 2527 1164 2613 populo
1217 2528 1511 2593 Romano
1574 2528 1982 2592 adiudicavit.
2072 2527 2366 2613 decipere
2426 2528 2548 2592 hoc

495 2620 751 2703 quidem
797 2633 926 2697 est,
961 2644 1104 2686 -non
1149 2622 1464 2700 iudicare3
1519 2623 1821 2706 quocirca
1862 2622 1930 2687 in
1974 2622 2148 2686 omni
2192 2633 2289 2687 est
2332 2644 2401 2687 re
2446 2622 2550 2686 fu-

387 2746 397 2748 --
495 2712 726 2798 gienda
759 2714 904 2777 talis
943 2715 1239 2781 sollertia.

2582 2782 2649 2834 11

626 2804 795 2869 Sunt
837 2818 1052 2871 autem
1097 2810 1413 2891 quaedam
1451 2809 1665 2874 officia
1700 2810 1893 2873 etiam
1928 2809 2235 2874 adversus
2271 2829 2380 2873 eos
2416 2830 2547 2873 ser-
2590 2854 2643 2892 34

497 2898 732 2974 vanda,
781 2920 820 2961 a
861 2900 1097 2981 quibus
1133 2902 1430 2967 iniuriam
1469 2903 1819 2988 acceperis:
1866 2913 1961 2967 est
1998 2903 2169 2967 enim
2202 2902 2549 2967 ulciscendi

495 3001 557 3053 et
583 2990 890 3077 puniendi
917 2993 1165 3069 moduS,
1205 3006 1396 3079 atque
1432 2996 1606 3060 haud
1642 2994 1774 3061 scio
1810 3020 1893 3060 an
1928 2997 2081 3061 satis
2116 2997 2197 3061 sit
2232 3018 2399 3072 eum,
2436 2998 2549 3081 qui

497 3084 865 3163 lacessierit,
919 3086 1188 3153 iniuriae
1243 3112 1397 3154 suae
1452 3089 1805 3175 paenitere,
1861 3100 1935 3155 ut
1980 3101 2043 3156 et
2086 3091 2225 3176 ipse
2267 3114 2350 3156 ne
2394 3091 2549 3176 quid

498 3181 619 3244 tale
663 3180 928 3264 posthac
975 3192 1039 3246 et
1085 3184 1277 3247 ceteri
1323 3184 1450 3248 sint
1493 3185 1576 3248 ad
1610 3184 1905 3249 iniuriam
1943 3185 2269 3250 tardiores.
2356 3196 2549 3269 atque

499 3275 564 3337 in
605 3296 673 3337 re
715 3273 977 3358 publica
1021 3277 1300 3342 maxime
1338 3280 1775 3343 conservanda
1811 3290 1959 3343 sunt
1990 3279 2132 3343 iura
2164 3279 2343 3343 belli:
2396 3302 2549 3343 nam

503 3389 642 3431 cum
689 3369 814 3432 sint
860 3369 988 3434 duo
1033 3391 1278 3456 genera
1312 3371 1712 3447 decertandi,
1758 3395 1958 3435 unum
1992 3395 2110 3457 per
2146 3372 2550 3457 disceptatio·-

501 3484 664 3538 nem‚
703 3462 972 3527 alterum
1008 3486 1124 3549 per
1159 3465 1323 3541 vim,
1361 3486 1636 3548 cumque
1671 3464 1831 3530 illud
1864 3465 2195 3551 proprium
2230 3464 2313 3529 sit
2346 3464 2551 3529 homi-

503 3557 616 3633 nis,
651 3556 774 3621 hoc
812 3558 1167 3634 beluarum,
1207 3558 1708 3645 confugiendum
1746 3570 1844 3624 est
1878 3559 1959 3623 ad
1996 3558 2329 3643 posterius,
2366 3558 2422 3623 si
2456 3558 2549 3624 uti

505 3673 625 3714 non
675 3651 824 3715 licet
877 3652 1222 3738 superiore.
1312 3675 1440 3737 qua
1492 3675 1562 3718 re
1615 3652 2021 3738 suscipienda
2072 3653 2330 3736 quidem
2382 3652 2550 3717 bella
2591 3677 2643 3714 85

509 3755 648 3807 sunt
699 3744 782 3809 ob
836 3768 979 3811 eam
1033 3768 1321 3825 causam,
1375 3758 1448 3811 ut
1503 3747 1638 3812 sine
1684 3747 1917 3813 iniuria
1962 3748 2030 3811 in
2073 3768 2233 3832 pace
2277 3746 2551 3821 vivatur,

509 3851 682 3923 parta
715 3850 929 3907 autem
964 3841 1230 3907 victoria
1265 3843 1685 3909 conservandi
1719 3842 1794 3919 ii,
1840 3842 1951 3925 qui
1996 3863 2125 3906 non
2161 3839 2447 3906 crudeles
2480 3840 2551 3905 in

509 3932 696 4009 bello,
741 3956 870 3998 non
911 3936 1202 4001 inmanes
1245 3936 1534 4014 fuerunt,
1579 3949 1653 4001 ut
1694 3936 1966 4003 maiores
2002 3934 2203 4000 nostri
2236 3934 2551 3999 Tuscula·-

507 4049 646 4102 nos,
699 4027 996 4111 Aequos,
1050 4030 1347 4110 Volscos,
1404 4030 1710 4109 SabinOS,
1755 4030 2071 4098 Hernicos
2114 4028 2183 4095 in
2229 4028 2547 4095 civitatem
