3292 4559
676 964 728 1007 'n

680 2482 730 2523 '12

678 3317 729 3358 '13

642 214 646 219 ’
763 234 848 305 22
1379 247 1456 319 Μ,
1495 246 1770 304 TULLII
1805 242 2205 302 CICERONIS

763 374 1177 449 arbitrantur,
1225 372 1280 436 si
1325 393 1480 457 opes
1523 390 1796 457 magnas
1830 369 2137 455 habeant,
2182 367 2397 445 alteri,
2445 367 2500 431 si
2535 369 2816 433 contenti

763 471 890 536 sint
934 478 999 535 et
1035 489 1150 532 suo
1188 477 1252 531 et
1285 487 1517 551 parvo3
1562 466 1632 529 in
1667 487 1798 549 quo
1832 476 2204 529 neutrorum
2240 462 2499 528 omnino
2535 473 2819 527 contem-

761 560 973 628 nenda
1027 560 1340 627 sententia
1393 571 1517 637 est,
1574 559 1689 624 sed
1742 569 1804 624 et
1858 557 2104 623 facilior
2150 568 2213 623 et
2257 558 2451 621 tutior
2498 566 2566 621 et
2607 557 2822 631 minus

763 658 903 722 aliis
956 656 1170 742 gravis
1219 664 1330 719 aut
1376 656 1644 718 molesta
1689 654 1822 718 vita
1867 664 1963 718 est
2008 653 2383 740 otiosorum,
2435 650 2823 716 fructuosior

765 763 979 817 autem
1031 749 1363 815 hominum
1407 748 1628 834 generi
1676 758 1740 813 et
1784 746 1867 812 ad
1911 746 2263 811 claritatem
2307 744 2827 830 amplitudinem·

762 865 888 931 que
924 842 1130 930 aptior
1165 864 1406 920 eorum,
1443 843 1554 927 qui
1589 866 1660 908 se
1697 842 1780 907 ad
1815 864 1949 906 rem
1984 841 2310 927 publicam
2346 851 2411 905 et
2436 840 2520 905 ad
2548 862 2824 925 magnas

761 957 864 1005 res
917 939 1233 1025 gerendas
1277 935 1937 1003 accommodaverunt.
2024 945 2411 1021 quapropter
2455 945 2521 999 et
2566 934 2646 999 iis
2692 934 2825 998 for-

764 1034 930 1100 sitan
975 1033 1450 1101 concedendum
1487 1032 1570 1096 sit
1601 1053 1741 1097 rem
1774 1030 2099 1117 publicam
2140 1050 2271 1093 non
2312 1028 2821 1115 capessentibuS,

763 1129 878 1212 qui
920 1128 1254 1193 excellenti
1297 1125 1558 1212 ingenio
1603 1121 1929 1191 doctrinae
1977 1146 2116 1189 sese
2160 1122 2572 1199 dediderunt,
2620 1132 2685 1187 et
2720 1122 2824 1199 iis,

763 1222 876 1306 qui
911 1232 1024 1286 aut
1057 1220 1439 1307 valetudinis
1472 1219 1885 1285 inbecillitate
1921 1230 2033 1284 aut
2058 1218 2275 1303 aliqua
2301 1218 2599 1303 graviore
2624 1238 2826 1281 causa

762 1315 1030 1401 inpediti
1065 1335 1104 1379 a
1137 1336 1206 1380 re
1239 1314 1501 1399 publica
1535 1325 1963 1389 recesserunt,
2010 1333 2158 1379 cum
2202 1312 2340 1377 eius
2375 1311 2829 1377 administran-

765 1408 885 1473 dae
920 1418 1298 1493 potestatem
1332 1405 1475 1473 aliis
1509 1408 1897 1491 laudemque
1933 1407 2381 1484 concederent3
2435 1406 2675 1490 quibus
2714 1428 2827 1470 au-

764 1514 894 1567 tem
929 1503 1073 1569 talis
1109 1503 1286 1568 nulla
1320 1514 1417 1567 est
1451 1523 1666 1580 causa,
1703 1503 1759 1567 si
1796 1502 2119 1589 despicere
2155 1522 2231 1568 se>
2261 1502 2475 1567 dicant
2510 1523 2617 1576 ea,
2656 1521 2828 1584 quae

764 1598 1052 1684 plerique
1087 1598 1426 1675 mirentur,
1470 1597 1739 1683 imperia
1772 1608 1837 1662 et
1872 1598 2314 1683 magistratus,
2349 1595 2427 1659 iis
2464 1616 2595 1659 non
2629 1595 2827 1659 modo

765 1714 896 1756 non
946 1692 1151 1769 laudi,
1213 1713 1436 1757 verum
1491 1692 1685 1756 etiam
1736 1692 1891 1755 vitio
1944 1690 2228 1755 dandum
2280 1700 2457 1776 puto.
2545 1709 2827 1772 quorum

764 1786 1074 1851 iudicium
1115 1787 1183 1850 in
1229 1807 1337 1862 ρο,
1385 1786 1561 1869 quod
1605 1786 1875 1871 gloriam
1922 1794 2329 1850 contemnant
2374 1793 2439 1849 et
2471 1802 2590 1868 pro
2625 1782 2829 1856 nihilo

763 1890 1010 1965 putent,
1047 1880 1308 1945 difficile
1343 1880 1520 1945 factu
1557 1891 1654 1945 est
1687 1899 1816 1943 non
1850 1879 2143 1964 probare,
2181 1878 2295 1944 sed
2319 1877 2620 1941 videntur
2646 1876 2830 1940 labo-

764 1996 867 2038 res
923 1986 988 2039 et
1033 1975 1383 2052 molestiae,
1437 1985 1575 2040 tum
1622 1974 2046 2040 offensionum
2093 1984 2157 2038 et
2200 1973 2603 2059 repulsarum
2638 1972 2827 2055 quasi

767 2068 1091 2152 quandam
1126 2068 1542 2154 ignominiam
1579 2070 1803 2135 timere
1841 2079 1905 2134 et
1936 2067 2295 2145 infamiam3
2333 2077 2481 2131 sunt
2511 2067 2688 2131 enim
2714 2067 2825 2149 qui

765 2163 833 2226 in
877 2164 1070 2227 rebus
1120 2163 1448 2228 contrariis
1493 2169 1724 2250 parum
1768 2163 1891 2227 sibi
1926 2172 2245 2238 constent,
2293 2163 2692 2246 voluptatem
2730 2183 2828 2226 se-

736 2256 1092 2321 'verissime
1127 2267 1565 2334 contemnant,
1610 2259 1679 2322 in
1726 2257 1943 2323 dolore
1987 2257 2113 2321 sint
2155 2256 2502 2332 molliores,
2548 2254 2825 2341 gloriam

765 2348 1128 2433 neglegant,
1166 2349 1546 2435 frangantur
1577 2350 1863 2428 infamia,
1902 2362 2093 2434 atque
2119 2370 2198 2415 ea
2223 2349 2484 2433 quidem
2509 2371 2643 2413 non
2672 2349 2826 2413 satis

767 2451 1146 2506 constanter.
1237 2445 1351 2508 sed
1395 2445 1504 2520 iis,
1549 2445 1661 2527 qui
1707 2445 1948 2510 habent
1982 2467 2022 2509 a
2054 2456 2285 2518 natura
2319 2444 2692 2508 adiumenta
2728 2466 2828 2507 re-

765 2556 909 2599 rum
950 2536 1404 2621 gerendarum,
1460 2537 1711 2605 abiecta
1756 2540 1932 2604 omni
1978 2538 2381 2605 cunctatione
2423 2537 2826 2623 adipiscendi

764 2630 1173 2715 magistratus
1217 2642 1282 2696 et
1325 2630 1608 2719 gerenda
1652 2651 1754 2697 res
1801 2633 2062 2718 publica
2098 2644 2223 2710 est3
2276 2652 2397 2697 nec
2431 2632 2604 2697 enim
2641 2631 2828 2696 aliter

767 2735 877 2787 aut
929 2724 1067 2811 regi
1119 2724 1341 2791 civitas
1395 2738 1507 2792 aut
1560 2727 1871 2792 declarari
1926 2726 2121 2792 animi
2163 2726 2543 2812 magnitudo
2589 2736 2824 2811 potest.

766 2819 1244 2903 capessentibus
1297 2833 1516 2887 autem
1566 2841 1705 2887 rem
1757 2822 2081 2907 publicam
2123 2820 2323 2886 nihilo
2366 2820 2577 2884 minus
2626 2833 2825 2903 quam

765 2912 1189 2999 philosophis,
1233 2914 1408 2980 haud
1447 2917 1578 2982 scio
1615 2940 1699 2981 an
1734 2917 1940 3003 magis
1977 2917 2197 2994 etiam,
2239 2926 2307 2982 et
2340 2914 2827 3001 magnificentia

767 3016 831 3070 et
876 3005 1291 3090 despicientia
1337 3010 1701 3076 adhibenda
1744 3022 1841 3075 est
1874 3030 2087 3075 rerum
2124 3009 2578 3085 humanarum,
2624 3030 2823 3093 quam

767 3120 958 3184 saepe
1020 3100 1191 3178 dice,
1256 3114 1321 3167 et
1381 3105 1805 3188 tranquillitas
1865 3106 2062 3169 animi
2114 3115 2307 3188 atque
2361 3104 2702 3181 securitas,
2770 3103 2823 3166 si

765 3194 1026 3276 quidem
1068 3218 1188 3261 nec
1231 3197 1405 3262 anxii
1443 3198 1651 3263 futuri
1694 3210 1843 3264 sunt
1892 3211 1957 3264 et
1992 3219 2140 3264 cum
2173 3199 2488 3285 gravitate
2524 3208 2827 3262 constan-

765 3288 981 3371 tiaque
1027 3290 1275 3356 victuri.
1365 3314 1529 3377 quae
1563 3294 1854 3359 faciliora
1888 3304 2037 3358 sunt
2072 3292 2499 3379 philosophis,
2536 3313 2667 3375 quo
2704 3291 2825 3354 mi-

692 3437 696 3440 .
765 3406 887 3448 nus
931 3386 1134 3451 multa
1167 3398 1391 3473 patent
1424 3390 1493 3453 in
1529 3408 1750 3453 eorum
1786 3388 1947 3463 vita,
1994 3407 2161 3471 quae
2196 3386 2457 3451 fortuna
2491 3386 2707 3462 feria-t,
2758 3398 2825 3449 et
2854 3455 2862 3461 ,

765 3499 893 3561 quo
938 3480 1149 3545 minus
1196 3482 1413 3547 multis
1456 3483 1648 3549 rebus
1685 3493 1909 3569 egent,
1957 3493 2022 3548 et
2057 3482 2236 3565 quia,
2283 3481 2338 3545 si
2374 3480 2532 3564 quid
2568 3479 2826 3544 adversi
2939 3502 2951 3510 ·

764 3573 1036 3681 eveniat,
1073 3586 1205 3639 tam
1238 3578 1521 3660 graviter
1556 3576 1785 3642 cadere
1820 3597 1951 3641 non
1985 3586 2274 3662 possunt.
2355 3576 2655 3659 quocirca
2684 3594 2826 3639 non

765 3688 899 3732 sme
946 3689 1140 3745 causa
1181 3669 1452 3735 maiores
1500 3682 1712 3735 motus
1760 3671 2117 3735 animorum
2152 3669 2556 3735 concitantur
2587 3667 2813 3732 maior·

764 3782 890 3842 que
926 3783 1080 3827 cura
1115 3764 1433 3829 efficiendi
1466 3785 1602 3830 rem
1637 3765 1963 3851 publicam
1997 3763 2368 3850 gerentibus
2406 3782 2603 3847 quam
2641 3759 2832 3845 quie·

764 3853 876 3929 tis,
922 3875 1050 3937 quo
1096 3858 1301 3942 magis
1346 3858 1424 3922 iis
1471 3870 1534 3923 et
1576 3858 1955 3945 magnitudo
1992 3869 2089 3924 est
2123 3857 2321 3923 animi
2356 3855 2724 3921 adhibenda
2762 3865 2828 3919 et
2947 3854 2950 3857 ’

763 3947 1048 4012 vacuitas
1112 3950 1194 4013 ab
1257 3953 1622 4037 angoribus.
1713 3953 1796 4016 ad
1846 3973 1985 4017 rem
2038 3951 2387 4038 gerendam
2440 3961 2656 4015 autem
2708 3949 2832 4032 qui

765 4040 1012 4102 accedit
1055 4056 1279 4108 caveat
1313 4066 1395 4110 ne
1429 4045 1497 4110 id
1531 4046 1723 4111 modo
1761 4045 2145 4124 consideret,
2191 4067 2387 4131 quam
2420 4044 2532 4110 illa
2562 4066 2669 4109 res
2703 4042 2834 4110 ho·
