3292 4559
1137 257 1245 312 DE
1280 256 1610 315 omens
1644 257 1722 314 11.
1761 259 2000 314 ess-71.
2419 263 2422 268 ·
2505 211 2617 312 71'

515 381 801 448 tandem
843 381 957 465 qui
1000 381 1209 466 inopis
1258 391 1321 446 et
1362 380 1587 466 optimi
1628 381 1751 446 viri
1794 403 2026 446 causae
2069 403 2199 447 non
2243 393 2589 469 anteponat

514 479 593 542 in
664 498 861 562 opera
926 475 1138 540 danda
1188 475 1462 562 gratiam
1515 474 1822 540 fortunati
1873 486 1938 540 et
1989 475 2300 560 potentis?
2369 500 2410 542 a
2459 497 2588 561 quo

515 573 705 638 enim
752 570 1105 655 expeditior
1148 581 1209 634 et
1256 569 1521 634 celerior
1556 569 1988 636 remuneratio
2024 568 2168 636 fore
2197 570 2476 647 videtur,
2521 572 2588 635 in

514 689 684 732 eum
736 663 872 730 fere
926 675 1023 730 est
1066 663 1363 728 voluntas
1406 672 1623 728 nostra
1668 663 2058 748 propensior.
2120 664 2261 729 'sed
2303 663 2589 728 animad-

510 757 913 826 vertendum
950 769 1047 823 est
1083 757 1450 843 diligentius
1463 805 1479 833 ,
1526 779 1692 843 quae
1727 767 1958 822 natura
1990 779 2204 822 rerum
2241 758 2348 822 sit:
2402 757 2590 822 nimi·
2637 763 2639 766 ⁴

512 877 675 919 rum
721 851 893 918 enim
934 851 1121 938 inops
1163 851 1300 928 ille,
1353 851 1409 915 si
1450 851 1659 916 bonus
1705 861 1802 917 est
1843 851 1968 929 vir,
2015 850 2210 917 etiam
2255 852 2310 915 si
2351 851 2588 917 referre

511 946 807 1034 gratiam
858 966 989 1010 non
1032 955 1271 1031 potest,
1316 945 1555 1012 habere
1600 955 1770 1012 certe
1814 954 2026 1032 potest
2035 970 2054 1022 3
2100 945 2432 1012 commode
2477 943 2591 1010 auss

510 1053 694 1116 tem,
731 1040 1119 1124 quicumque
1156 1039 1344 1116 dixit,
1391 1039 1734 1124 pecuniam
1769 1039 2178 1124 qui-habeat,
2213 1061 2344 1104 non
2377 1038 2590 1105 reddi-

516 1135 733 1211 disse,
770 1133 883 1217 qui
917 1133 1294 1210 reddiderit,
1340 1155 1471 1198 non
1505 1133 1772 1211 habere,
1817 1134 2092 1220 gratiam
2127 1143 2343 1199 autem
2377 1144 2442 1200 et
2477 1132 2588 1216 qui

510 1228 845 1295 rettulerit
879 1227 1117 1292 habere
1153 1239 1218 1292 et
1252 1227 1365 1311 qui
1398 1227 1633 1292 habeat
1666 1228 2003 1294 rettulisse.
2092 1239 2162 1294 at
2176 1275 2196 1305 ,
2241 1227 2354 1312 qui
2391 1249 2460 1293 se
2493 1228 2588 1292 lo-

512 1322 797 1408 cupletis
812 1370 829 1398 ,
864 1322 1238 1398 honoratos,
1274 1321 1498 1387 beatos
1532 1332 1788 1408 putant,
1823 1322 1870 1386 ii
1905 1345 1986 1388 ne
2021 1321 2292 1408 obligari
2327 1321 2588 1406 quidem

511 1416 843 1484 beneficio
888 1417 1112 1481 volunt
1123 1440 1141 1492 3
1188 1415 1343 1499 quin
1380 1417 1571 1482 etiam
1607 1417 1991 1483 beneficium
2027 1440 2094 1482 se
2132 1419 2382 1483 dedisse
2419 1417 2588 1482 arbi—

512 1521 809 1588 trantur,
853 1530 1000 1575 oum
1042 1511 1167 1596 ipsi
1211 1511 1503 1595 quamvis
1549 1535 1857 1598 magnum
1903 1513 2163 1597 aliquod
2207 1513 2584 1597 acceperint,

514 1617 724 1690 atque
778 1604 983 1670 etiam·
1024 1627 1063 1668 a
1116 1627 1184 1670 se
1239 1616 1351 1669 aut
1402 1607 1710 1690 postulari
1773 1617 1883 1672 aut
1938 1606 2294 1692 exspectari
2347 1605 2587 1688 aliquid

516 1699 953 1785 suspicantur,
990 1699 1341 1785 patrocinio
1378 1721 1529 1764 vero
1568 1721 1636 1764 se
1671 1720 1824 1764 usos
1860 1712 1972 1764 aut
2005 1699 2251 1765 clientis
2281 1699 2586 1784 appellari
2672 1729 2677 1734 ·

512 1793 751 1860 mortis
785 1793 987 1858 instar
1018 1803 1265 1878 putant.
1356 1804 1423 1858 at
1456 1815 1609 1859 vero
1642 1794 1750 1858 ille
1787 1794 2028 1871 tenuis,
2063 1815 2242 1872 cum,
2279 1791 2586 1877 quiequid
2615 1814 2670 1856 το

514 1888 776 1954 factum
813 1897 929 1963 est,
966 1911 1034 1953 se
1076 1897 1453 1974 spectatum,
1488 1910 1619 1952 non
1647 1888 1972 1952 fortunam
2001 1898 2203 1973 putat,
2239 1909 2368 1952 non
2391 1887 2586 1952 modo

512 1983 651 2059 ini,
696 1981 811 2065 qui
846 1992 943 2046 est
977 1982 1273 2058 meritus,
1320 1981 1434 2046 sed
1472 1982 1678 2047 etiam-
1700 1982 1857 2060 illis,
1907 2005 1946 2046 a
1981 1981 2214 2065 quibus
2259 1991 2589 2068 exspectat

515 2113 615 2124 -
651 2085 801 2162 eget
836 2075 1005 2140 enim
1039 2075 1257 2140 multis
1293 2112 1409 2151 --,
1454 2085 1711 2162 gratum
1747 2099 1816 2142 se
1851 2075 2055 2144 videri
2092 2074 2333 2153 studet,
2377 2095 2586 2159 neque

513 2193 681 2236 vero
737 2169 949 2234 verbis
998 2181 1195 2256 auget
1240 2192 1429 2234 suum
1472 2191 1737 2246 munus,
1791 2169 1846 2234 si
1890 2190 2019 2252 quo
2067 2170 2232 2236 forte
2276 2169 2585 2255 fungitur,

518 2265 645 2331 sed
689 2263 881 2330 etiam
926 2273 1247 2328 extenuat.
1348 2264 1828 2349 videndumque
1881 2263 2040 2330 illud
2093 2276 2218 2341 est,
2272 2264 2475 2353 quod,
2531 2264 2586 2330 si

518 2359 907 2445 opulentum
943 2357 1464 2444 fortunatumque
1502 2359 1894 2436 defenderis,
1940 2359 2007 2423 in
2043 2380 2170 2424 uno
2205 2359 2316 2424 illo
2351 2370 2494 2436 aut,
2533 2360 2586 2423 si

517 2453 723 2530 forte,
774 2453 843 2517 in
894 2451 1111 2519 liberis
1166 2453 1301 2519 eius
1356 2463 1571 2519 manet
1616 2455 1854 2540 gratia,
1907 2452 2005 2518 sin
2050 2465 2264 2519 autem
2307 2443 2584 2540 inopem,

516 2547 803 2634 probum
838 2557 1052 2612 tamen
1086 2557 1152 2612 et
1186 2547 1567 2625 modestum,
1605 2571 1826 2614 omnes
1853 2569 1986 2613 non
2012 2548 2264 2634 inprobi
2292 2547 2586 2626 humiles,

518 2665 695 2728 quae
746 2665 986 2728 magna
1036 2641 1104 2706 in
1156 2645 1392 2729 populo
1446 2644 1788 2709 multitudo
1843 2653 1970 2720 est,
2023 2644 2413 2730 praesidium
2463 2643 2586 2708 sibi

516 2747 821 2824 paratum
855 2736 1103 2802 vident:
1153 2758 1349 2820 quam
1384 2738 1469 2802 ob
1504 2761 1640 2803 rem
1675 2737 1906 2802 melius
1943 2738 2116 2822 apud
2151 2737 2352 2802 bonos
2389 2758 2584 2819 quam

516 2829 702 2916 apud
744 2829 1102 2896 fortunatos
1145 2831 1527 2897 beneficium
1576 2830 1898 2895 conlocari
1934 2841 2109 2915 puto.
2201 2829 2413 2894 danda
2448 2851 2584 2893 om-

518 2926 677 2990 nino
715 2945 910 3010 opera
945 2937 1042 2990 est
1076 2938 1149 2991 ut
1184 2926 1358 2990 omni
1392 2925 1617 3012 generi
1653 2925 1804 2990 satis
1835 2924 2046 2990 faeere
2073 2924 2411 3010 possimne,
2451 2923 2582 3001 sed,

522 3020 579 3085 si
616 3041 719 3085 res
753 3019 821 3084 in
858 3021 1325 3086 contentionem
1360 3019 1603 3097 veniet,
1651 3017 1952 3084 nimirum
1987 3018 2450 3084 Themistocles
2489 3030 2584 3084 est

524 3126 751 3179 auctor
795 3113 1194 3180 adhibendus
1208 3163 1226 3192 ,
1284 3115 1396 3199 qui
1441 3136 1588 3179 cum
1634 3113 2099 3192 consuleretur,
2153 3124 2370 3178 utrum
2414 3113 2582 3178 bono

521 3207 665 3274 viro
718 3208 985 3293 pauperi
1038 3230 1122 3296 an
1168 3208 1377 3272 minus
1421 3208 1693 3293 probato
1731 3207 1913 3272 diviti
1957 3208 2154 3274 filiam
2202 3208 2582 3284 conlocaret,

524 3309 683 3386 ‘ego
718 3303 897 3367 vero'
935 3303 1141 3386 inquit
1177 3303 1389 3378 ‘malo
1412 3302 1652 3378 virum,
1689 3301 1800 3384 qui
1836 3302 2112 3387 pecunia
2146 3313 2352 3386 egeat,
2390 3323 2584 3384 quam

523 3395 897 3481 pecuniam,
943 3418 1109 3482 quae
1144 3396 1327 3462 viro?
1416 3395 1528 3460 sed
1567 3395 1850 3480 corrupti
1885 3417 2092 3459 mores
2129 3393 2582 3478 depravatique

525 3500 680 3556 sunt
715 3491 1131 3558 admiratione
1168 3491 1534 3559 divitiarum
1546 3514 1565 3567 3
1602 3510 1878 3572 quarum
1913 3487 2289 3574 magnitudo
2318 3487 2471 3570 quid
2501 3484 2582 3550 ad

524 3607 729 3650 unum
778 3606 1098 3695 quemque
1142 3597 1430 3650 nostrum
1476 3583 1796 3669 pertinet?
1865 3581 2046 3648 illum
2088 3581 2356 3645 fortasse
2403 3581 2584 3644 adiu—

526 3689 664 3756 vat,
710 3680 824 3762 qui
868 3679 1090 3746 habet:
1143 3703 1225 3745 ne
1267 3679 1337 3744 id
1382 3678 1642 3763 quidem
1679 3700 1948 3763 semper.
2041 3675 2154 3742 sed
2191 3674 2347 3740 fac
2329 3697 2578 3740 iuvare:

526 3773 890 3858 opulentior
932 3797 1085 3840 sane
1134 3775 1245 3852 sit,
1298 3772 1619 3838 honestior
1663 3793 1816 3838 vero
1863 3793 1992 3857 quo
2036 3769 2267 3834 modo?
2311 3769 2484 3852 quod
2529 3768 2584 3832 si

528 3865 722 3931 etiam
775 3867 984 3932 bonus
1039 3869 1158 3934 erit
1209 3868 1336 3944 vir,
1388 3889 1471 3932 ne
1524 3865 1855 3951 inpediant
1899 3864 2156 3929 divitiae
2203 3885 2329 3947 quo
2374 3857 2582 3926 minus

526 3960 813 4038 iuvetur,
860 3962 1051 4027 modo
1096 3986 1179 4028 ne
1224 3962 1560 4038 adiuvent,
1608 3960 1815 4044 sitque
1861 3982 2048 4025 omne
2092 3956 2398 4022 iudicium
2431 3978 2582 4032 non,

527 4076 725 4140 quam
761 4055 1097 4144 locuples,
1117 4059 1229 4124 sed
1266 4055 1471 4143 qualis
1506 4055 1776 4140 quisque
1811 4054 1922 4122 sit!
1979 4064 2332 4121 extremum
2369 4061 2584 4118 autem

2617 2757 2670 2796 71
