3292 4559
740 193 875 259 280
1350 210 1433 265 Μ.
1469 208 1744 269 TULLII
1777 210 2178 270 CICERONIS

740 329 879 395 bus·
906 330 1120 395 omnia
1163 331 1473 399 deberent
1512 356 1652 399 esse
1695 334 1981 419 patentia
2023 356 2100 401 ao
2143 334 2344 401 libera
2385 356 2786 419 quorumque

638 430 705 485 11
742 422 847 489 hio
906 423 1181 489 mundus
1245 426 1451 491 omnis
1513 428 1826 513 templum
1877 440 2044 495 esset
2093 440 2161 495 et
2209 429 2454 495 domus.
2561 429 2788 494 melius

743 514 981 581 Graeci
1028 527 1221 601 atque
1262 520 1495 599 nostri,
1540 523 1656 605 qui
1697 534 1773 589 ut
1813 534 2123 610 augerent
2164 524 2468 609 pietatem
2508 522 2581 589 in
2617 522 2790 598 deos,

739 609 999 677 easdem
1046 612 1191 677 illos
1244 615 1422 679 urbis
1474 637 1635 699 quas
1678 638 1798 683 nos
1839 618 2116 685 incolere
2159 619 2525 697 voluerunt3
2581 616 2794 685 adfert

739 704 911 769 enim
962 705 1123 771 haee
1164 708 1381 794 opinio
1424 710 1798 796 religionem
1838 712 2064 779 utilem
2106 711 2495 781 civitatibus:
2547 710 2606 777 si
2647 711 2792 795 qui·-

738 798 888 863 dem
937 810 1005 865 et
1053 800 1215 869 illud
1265 804 1431 871 bene
1472 804 1714 871 dietum
1755 818 1854 871 est
1894 831 1936 872 a
1965 806 2368 895 Pythagora,
2420 806 2790 872 doctissimo

738 893 905 971 viro,
950 906 1089 961 tum
1129 920 1429 965 maxume
1474 912 1539 965 et
1585 901 1890 985 pietatem
1931 914 1996 968 et
2037 902 2412 989 religionem
2445 901 2690 967 versari
2721 901 2792 967 in

738 987 996 1066 animis,
1058 1012 1209 1057 eum
1254 994 1449 1058 rebus
1498 994 1731 1061 divinis
1785 1018 2046 1083 operam
2096 998 2422 1073 daremus,
2485 1006 2554 1061 et
2613 998 2794 1081 quod

737 1082 1008 1161 Thales,
1054 1086 1169 1168 qui
1208 1086 1714 1171 sapientissimus
1745 1091 1817 1156 in
1851 1103 2096 1177 septem
2129 1092 2282 1169 fuit,
2325 1090 2618 1159 homines
2653 1093 2792 1159 exi-

736 1177 996 1241 stimare
1066 1189 1356 1263 oportere
1426 1184 1643 1249 omnia
1713 1208 1867 1271 quae
1927 1198 2260 1253 cernerent
2317 1185 2588 1251 deorum
2645 1210 2788 1253 esse

731 1269 924 1353 plena
928 1294 951 1347 3
1001 1269 1142 1337 fore
1194 1274 1365 1339 enim
1416 1278 1625 1343 omnis
1679 1280 2012 1357 castiores,
2063 1280 2264 1346 veluti
2313 1302 2466 1347 oum
2505 1279 2580 1347 in
2618 1280 2786 1345 fanis

732 1373 945 1429 essent
994 1366 1273 1433 maxime
1322 1370 1666 1456 religiosis3
1733 1385 1836 1439 est
1896 1375 2065 1441 enim
2119 1374 2434 1460 quaedam
2487 1376 2785 1461 opinione

636 1481 688 1523 2⁷
732 1456 976 1540 species
1022 1459 1288 1525 deorum
1322 1463 1393 1528 in
1426 1466 1656 1542 oeulis,
1699 1490 1833 1532 non
1867 1469 2075 1533 solum
2107 1470 2178 1533 in
2211 1469 2554 1535 mentibus.
2637 1494 2784 1535 ean-

733 1550 1007 1635 demque
1039 1554 1351 1621 rationem
1382 1558 1513 1624 luci
1546 1560 1788 1626 habent
1819 1562 1890 1625 in
1921 1564 2126 1648 agris3
2159 1584 2366 1647 neque
2403 1586 2502 1641 ea,
2537 1585 2710 1648 quae
2747 1587 2784 1627 a

639 1714 645 1722 ,
728 1644 1079 1713 maioribus
1120 1651 1374 1735 prodita
1416 1665 1515 1717 est
1556 1676 1706 1718 eum
1752 1656 2026 1721 dominis
2068 1669 2208 1722 tum
2237 1657 2531 1733 famulis,
2575 1658 2786 1743 posita

726 1738 795 1803 in
819 1738 1006 1807 fundi
1032 1742 1349 1827 villaeque
1369 1761 1719 1833 conspeetu
1734 1750 1961 1835 religio
1980 1750 2226 1815 Larum
2242 1752 2651 1837 repudianda
2665 1764 2782 1817 est.

854 1833 997 1899 Iam
1032 1836 1190 1925 ritus
1224 1838 1503 1906 familiae
1536 1854 1920 1939 patrumque
1947 1867 2202 1910 servare
2226 1846 2296 1909 id
2321 1857 2439 1923 est,
2473 1846 2784 1929 quoniam

724 1927 1069 2011 antiquitas
1104 1954 1417 2015 proxume
1450 1937 1703 2002 aceedit
1737 1938 1821 2002 ad
1855 1938 2032 2015 deos,
2069 1962 2110 2003 a
2143 1939 2242 2004 dis
2267 1940 2453 2023 quasi
2478 1941 2782 2009 traditam

722 2020 1097 2106 religionem
1132 2028 1315 2092 tueri.
1404 2031 1581 2112 quod
1624 2043 1842 2097 autem
1875 2054 1959 2099 ex
1989 2033 2324 2099 hominum
2355 2056 2594 2121 genere
2631 2058 2782 2101 oon·

722 2126 1032 2193 sectatos,
1078 2119 1243 2185 sieut
1276 2122 1627 2189 Herculem
1663 2136 1727 2189 et
1760 2135 2025 2204 ceteros,
2071 2128 2195 2193 ooli
2229 2128 2336 2192 lex
2366 2129 2568 2207 iubet,
2613 2131 2780 2195 indi-

721 2220 824 2273 eat
858 2210 1145 2277 omnium
1178 2215 1439 2296 quidem
1474 2220 1722 2284 animos
1755 2220 2108 2287 inmortalis
2143 2244 2310 2300 esse,
2355 2224 2472 2289 sed
2514 2223 2779 2289 fortium

626 2334 681 2371 23
724 2300 1163 2386 bonorumque
1216 2308 1486 2376 divinos.
1580 2313 1742 2379 bene
1797 2336 1978 2391 ver0,
2029 2317 2204 2399 quod
2253 2316 2478 2394 Mens,
2534 2318 2775 2395 Pietas,

717 2394 973 2471 Virtus,
1032 2396 1229 2463 Fides
1290 2416 1702 2469 consecratur
1758 2407 2072 2475 humana:
2143 2432 2416 2494 quarum
2483 2414 2776 2479 omnium

715 2484 960 2550 Romae
996 2488 1289 2555 dedicata
1321 2494 1580 2578 publice
1614 2502 1858 2585 templa
1890 2514 2061 2581 sunt,
2095 2515 2170 2569 ut
2201 2504 2312 2570 illa
2345 2505 2459 2589 qui
2493 2506 2773 2573 habeant

713 2614 803 2625 ——
840 2578 1083 2646 habent
1135 2596 1350 2651 autem
1402 2610 1625 2657 omnes
1680 2594 1835 2659 boni
1869 2633 1956 2643 —
1989 2598 2146 2663 deos
2196 2599 2370 2683 ipsos
2419 2600 2491 2665 in
2545 2602 2772 2666 animis

714 2673 845 2739 suis
892 2676 1272 2747 ,eonloeatos
1332 2692 1579 2766 putent·
1685 2712 1838 2753 nam
1895 2691 2055 2755 illud
2119 2691 2420 2759 vitiosum
2471 2695 2772 2769 Athenis,

713 2766 919 2849 quod,
975 2766 1251 2856 Cylonio
1304 2776 1544 2845 scelere
1598 2783 1883 2868 expiato,
1935 2784 2320 2870 Epimenide
2375 2785 2574 2855 Crete
2625 2813 2776 2855 sua—

712 2860 903 2927 dente
945 2862 1235 2931 feeerunt
1273 2866 1724 2943 Contumeliae
1766 2877 1988 2943 fanum
2035 2894 2101 2945 et
2133 2882 2593 2967 Inpudentiae3
2647 2884 2776 2949 vir-

709 2963 877 3019 tutes
923 2957 1121 3034 enim‚
1166 2982 1295 3027 non
1341 2964 1497 3029 vitia
1543 2989 1914 3037 consecrare
1952 2974 2154 3041 deoet.
2243 2998 2482 3060 araque
2515 2988 2776 3043 vetusta

706 3044 775 3109 in
806 3046 1061 3113 Palatio
1094 3052 1325 3121 Febris
1360 3071 1425 3123 et
1460 3062 1662 3129 altera
1695 3063 2002 3149 Esquiliis
2037 3069 2258 3134 Malae
2291 3070 2623 3138 Fortunae
2661 3074 2776 3139 de-

705 3140 1002 3205 testanda
1040 3155 1237 3229 atque
1285 3154 1499 3219 omnia
1533 3157 1671 3223 eius
1705 3160 1880 3225 modi
1910 3163 2312 3247 repudianda
2345 3178 2514 3233 sunt.
2595 3167 2772 3251 quod

706 3232 764 3295 si
806 3233 1111 3321 fingenda
1151 3245 1439 3323 nomina,
1486 3252 1521 3330 †
1565 3251 1960 3339 Vioaepotae
2000 3257 2214 3341 potius
2261 3258 2622 3346 [vincendi]
2674 3272 2770 3325 at-

706 3347 833 3408 que
880 3326 1232 3421 [potiundi]
1270 3336 1493 3407 Statae
1531 3342 1806 3431 [standi]
1843 3351 2353 3436 cognominaque
2389 3352 2672 3419 Statoris
2706 3365 2770 3419 et

702 3418 937 3485 Invieti
979 3424 1153 3491 Iovis
1204 3452 1549 3517 rerumque
1598 3442 2101 3523 expetendarum
2152 3447 2442 3525 nomina,
2498 3445 2767 3524 Salutis,

702 3512 1013 3593 Honoris,
1079 3518 1276 3605 Opis,
1340 3525 1670 3597 Victoriae
1676 3557 1696 3609 3
1785 3536 2216 3621 quoniamque
2285 3542 2767 3627 exspectatione

702 3624 917 3669 rerum
980 3610 1293 3681 bonarum
1356 3621 1623 3706 erigitur
1685 3627 1968 3706 animus,
2028 3644 2203 3699 reete
2255 3634 2450 3701 etiam
2501 3635 2676 3722 Spes
2729 3659 2772 3701 a

704 3691 998 3801 Calatino
1034 3721 1404 3776 consecrata
1438 3726 1554 3779 est.
1614 3717 2050 3806 Fortunaque,
2088 3748 2244 3811 quae
2279 3741 2378 3793 est
2410 3730 2516 3795 vel
2539 3730 2768 3795 Huius

701 3786 830 3851 <hel
844 3824 932 3837 --
948 3817 1099 3859 nam
1133 3802 1304 3867 valet
1336 3804 1406 3868 in
1432 3810 1639 3874 omnis
1668 3813 1804 3879 dies
1820 3850 1910 3865 ——-·
1924 3818 2028 3883 vel
2053 3818 2431 3905 Respiciens
2459 3824 2545 3889 ad
2571 3847 2768 3911 opem

698 3878 1055 3987 ferendam,
1110 3894 1213 3956 vel
1255 3896 1451 3974 Fors,
1502 3901 1571 3966 in
1614 3925 1744 3987 quo
1793 3908 2021 3975 incerti
2073 3934 2262 3978 casus
2315 3916 2766 4001 significantur

699 3988 925 4053 magus,
961 3981 1063 4043 vel
1096 3982 1495 4072 Primigenia
1528 4020 1570 4061 a
1601 4000 1950 4084 gignendo,
1989 4028 2202 4073 comes
2237 4018 2382 4075 tum
2417 4011 2452 4045 ¹*
2491 4013 2526 4047 ¹*
2565 4013 2606 4048 ¹*
