3292 4559
802 256 935 324 214
1415 269 1490 322 Μ.
1530 269 1805 326 TULLII
1840 267 2246 326 CICERONIS

800 396 987 472 rati0,
1057 404 1322 460 naturae
1387 413 1778 479 congruens,
1841 392 2075 458 diffusa
2126 392 2195 457 i'n
2245 394 2480 472 omnis,
2531 406 2802 474 constans,

800 489 1213 574 sempiterna,
1259 509 1426 572 quae
1471 497 1658 552 vocet
1701 486 1787 551 ad
1829 485 2116 552 officium
2149 487 2461 565 iubendo,
2502 491 2747 555 vetando
2775 515 2805 554 a

798 581 1023 648 fraude
1060 583 1406 659 deterreat,
1441 603 1607 665 quae
1642 591 1860 648 tamen
1892 603 2103 666 neque
2137 583 2374 670 probos
2408 583 2633 649 frustra
2661 583 2806 649 iubet

799 687 913 741 aut
944 686 1119 742 vetat
1153 697 1273 742 nec
1306 676 1609 762 inprobos
1643 675 1926 742 iubendo
1963 687 2075 742 aut
2109 677 2386 742 vetando
2411 689 2632 743 movet.
2686 677 2807 741 huic

793 770 921 857 legi
967 791 1089 834 nec
1132 769 1432 857 obrogari
1476 769 1577 835 fas
1620 780 1720 835 est
1762 791 1974 853 neque
2011 769 2305 856 derogari
2339 793 2424 837 ex
2457 770 2576 836 hac
2607 770 2806 855 aliquid

792 863 943 928 licet
984 883 1197 948 neque
1248 874 1381 929 tota
1416 863 1716 950 abrogari
1749 873 1990 950 potest,
2033 885 2156 929 nec
2190 886 2342 930 vero
2380 875 2494 930 aut
2523 887 2632 951 pet
2661 887 2808 930 sena·

792 967 931 1022 tum
968 967 1079 1024 aut
1112 979 1229 1044 per
1262 959 1575 1043 populum
1609 956 1927 1022 solvihac
1953 957 2098 1043 lege
2123 979 2486 1046 possumus,
2519 979 2708 1042 neque
2731 969 2805 1022 est

792 1051 1194 1136 quaerendus
1240 1053 1615 1137 explanator
1658 1062 1771 1116 aut
1815 1051 2126 1138 interpres
2171 1052 2308 1118 eius
2345 1053 2538 1130 alius,
2579 1073 2687 1117 nec
2714 1050 2805 1116 erit

792 1146 918 1211 alia
950 1146 1059 1210 lex
1086 1147 1353 1223 Romae,
1389 1146 1515 1211 alia
1543 1145 1842 1223 Athenis,
1877 1147 2003 1211 alia
2035 1169 2228 1224 nunc,
2265 1146 2397 1211 alia
2421 1147 2690 1233 posthac,
2719 1143 2805 1210 sed

790 1250 857 1303 et
899 1240 1103 1304 omnis
1150 1239 1359 1325 gentis
1404 1250 1470 1306 et
1516 1240 1692 1306 omni
1733 1251 2020 1326 tempore
2065 1261 2195 1305 una
2228 1240 2337 1306 lex
2373 1252 2440 1306 et
2474 1239 2803 1325 sempiterna

790 1343 855 1398 et
902 1333 1296 1398 inmutabilis
1350 1331 1702 1399 continebit
1749 1354 2045 1417 unusque
2097 1333 2216 1399 erit
2269 1333 2620 1399 communis
2659 1329 2803 1416 quasi

788 1427 1097 1513 magister
1144 1438 1208 1492 et
1242 1427 1589 1513 imperator
1622 1427 1908 1492 omnium
1945 1429 2136 1506 deus;
2189 1427 2298 1493 ille
2332 1428 2498 1514 legis
2532 1426 2702 1492 huius
2729 1425 2804 1488 in·

787 1530 1042 1596 ventor,
1096 1519 1510 1606 disceptator,
1562 1522 1758 1598 lator,
1803 1521 1907 1586 cui
1951 1521 2064 1606 qui
2107 1542 2240 1587 non
2280 1521 2560 1607 parebit,
2600 1521 2718 1605 ipse
2753 1537 2806 1581 se

788 1612 997 1700 fugiet
1058 1636 1135 1680 ac
1195 1624 1490 1680 naturam
1554 1615 1828 1680 hominis
1895 1625 2270 1700 aspernatus
2333 1615 2460 1681 hoc
2520 1615 2650 1701 ipso
2700 1612 2802 1676 luet

788 1708 1102 1774 maximas
1136 1730 1398 1794 poenas,
1436 1709 1628 1774 etiam
1665 1709 1719 1773 si
1754 1717 1968 1774 cetera
2003 1707 2318 1795 supplicia
2353 1730 2522 1794 quae
2549 1714 2802 1794 putantur

790 1801 1107 1888 effugerit.
1194 1801 1607 1886 (Lactantius
1640 1804 1800 1868 Inst.
1839 1805 1962 1866 div.
1998 1802 2120 1880 VI,
2155 1803 2250 1886 8.)

684 1891 753 1946 23
918 1895 1060 1962 Scio
1106 1900 1174 1961 in
1212 1899 1369 1962 libro
1412 1897 1716 1964 Ciceronis
1753 1900 1947 1974 tertio,
1985 1901 2109 1964 nisi
2129 1899 2353 1985 fallor,
2405 1902 2478 1965 de
2509 1921 2571 1964 re
2593 1896 2800 1984 publica

693 1964 746 2004 ³⁴
788 1991 1125 2076 disputari.-
1178 1983 1427 2056 nullum
1479 1991 1719 2057 bellum
1775 1991 2014 2078 suscipi
2060 2015 2100 2057 a
2145 1993 2406 2060 civitate
2447 1992 2672 2080 optima
2703 1985 2798 2052 nisi

788 2091 901 2148 aut
944 2107 1063 2170 pro
1104 2085 1233 2152 fide
1280 2096 1391 2151 aut
1425 2109 1545 2172 pro
1579 2088 1804 2153 salute.
1893 2090 2047 2174 quid
2078 2100 2277 2153 autem
2313 2091 2480 2154 dicat
2502 2110 2615 2174 pro
2647 2084 2798 2149 salute
2910 2115 2911 2180 }

786 2179 883 2241 vel
940 2180 1209 2265 intelleyi
1271 2203 1455 2266 quam
1506 2182 1762 2246 salutem
1811 2183 1979 2256 velit,
2037 2183 2160 2247 alio
2218 2184 2344 2247 loco
2401 2187 2794 2248 demonstrans:
2910 2185 2911 2188 ’

788 2269 902 2335 sed
953 2271 1053 2336 his
1103 2272 1355 2357 poenis,
1407 2275 1636 2358 inquit,
1693 2295 1854 2358 quas
1907 2274 2101 2340 etiam
2149 2275 2505 2342 stultissimi
2546 2269 2793 2341 sentiunt,

786 2375 1101 2448 egestate,
1154 2367 1407 2443 exsilic,
1462 2367 1735 2434 vinculis
1748 2416 1765 2445 ‚
1821 2370 2225 2448 verberibus,
2279 2371 2614 2436 elabuntur
2641 2382 2790 2447 saepe
2908 2451 2909 2458 ἵ

783 2457 1016 2543 privati
1060 2459 1275 2524 oblata
1318 2460 1539 2524 mortis
1588 2463 1942 2540 celeritate,
1999 2463 2360 2530 civitatibus
2413 2475 2616 2531 autem
2659 2475 2790 2522 mors

784 2551 926 2637 ipsa
958 2571 1167 2636 poena
1201 2563 1318 2629 est,
1357 2575 1524 2636 quae
1560 2556 1814 2622 videtur
1847 2572 1888 2622 a·
1920 2579 2130 2643 poena
2165 2558 2455 2645 singulos
2490 2553 2787 2622 vindicam

786 2643 977 2710 debet
1012 2645 1181 2710 enim
1216 2647 1561 2714 constituta
1597 2650 1690 2714 sic
1725 2673 1866 2716 esse
1902 2651 2148 2729 civitas,
2183 2663 2256 2716 ut
2287 2663 2544 2718 aeterna
2575 2648 2672 2712 sit:
2697 2643 2790 2706 ita-
2905 2651 2907 2736 3

784 2757 911 2823 que
945 2740 1157 2804 nullus
1193 2737 1483 2806 interitus
1522 2753 1618 2807 est
1652 2744 1746 2808 rei
1781 2743 2078 2829 publicae
2115 2745 2425 2812 naturalis
2455 2756 2524 2810 ut
2547 2734 2788 2808 hominis,

783 2831 851 2896 in
904 2855 1033 2918 quo
1084 2855 1255 2900 mors
1309 2855 1441 2900 non
1500 2836 1694 2901 modo
1757 2839 2118 2903 necessaria
2171 2851 2295 2915 est,
2365 2861 2585 2907 verum
2637 2829 2787 2898 etiam

782 2928 1065 3012 optanda
1115 2951 1451 3016 persaepe3
1507 2931 1731 2997 civitas
1785 2942 1999 2998 autem
2051 2955 2201 2998 cum
2256 2934 2524 3011 tollitur,
2571 2929 2786 2995 deletur,

784 3022 1240 3108 exstinguitur,
1288 3025 1494 3090 simile
1532 3036 1628 3092 est
1663 3026 1946 3109 quodam
1978 3027 2204 3106 modo,
2253 3040 2325 3092 ut
2357 3041 2555 3115 parva
2583 3015 2786 3105 magnis
2904 3053 2905 3096 ῑ

790 3113 1214 3194 conferamus,
1252 3140 1329 3184 ac
1364 3119 1416 3184 si
1454 3119 1659 3184 omnis
1695 3119 1800 3184 hic
1833 3121 2111 3186 mundus
2139 3121 2411 3188 intereat
2439 3132 2502 3188 et
2528 3112 2783 3184 concidat.

788 3207 1224 3294 (Augustinus
1260 3215 1345 3277 de.
1366 3215 1525 3278 civit.
1564 3216 1662 3278 dei
1693 3211 1934 3291 XXII,
1970 3214 2066 3298 6.)
2902 3289 2903 3292 ,

686 3323 739 3366 8⁵
916 3301 1215 3384 Quattuor
1250 3317 1449 3372 autem
1479 3319 1623 3372 sunt
1652 3330 1876 3394 yenera
1913 3310 2223 3384 bellorum,
2258 3311 2331 3374 id
2355 3322 2444 3376 est
2467 3313 2684 3376 iustum,
2711 3298 2784 3360 ⁸⁶²²·
2901 3309 2903 3356 ³

781 3399 1034 3476 iustum,
1082 3400 1253 3464 civile
1286 3411 1342 3465 et
1364 3401 1514 3487 plus
1550 3423 1736 3486 quam
1771 3403 1957 3467 civile.
2029 3406 2255 3468 iustwm
2303 3404 2520 3469 bellum
2551 3407 2628 3464 est
2657 3387 2782 3480 quod

782 3513 857 3557 ea:
878 3493 1194 3580 praedicto
1228 3496 1526 3580 inqen‘tur
1558 3497 1631 3560 de
1655 3495 1832 3561 rebus
1859 3499 2124 3583 repetitis
2151 3508 2258 3562 aut
2273 3491 2778 3584 propulsandorum
2899 3549 2901 3570 ᾗ

780 3585 1042 3651 hostium
1076 3609 1293 3664 cau-3013
1323 3590 1617 3654 iniustum
1655 3589 1875 3655 bellum
1907 3603 2012 3668 est,
2050 3593 2218 3677 quod
2241 3593 2316 3656 de
2334 3591 2567 3678 furore,
2599 3603 2701 3649 non
2721 3576 2777 3638 de

783 3681 1050 3766 leyitima
1092 3683 1326 3747 ratione
1368 3685 1589 3759 initur,
1640 3687 1714 3749 de
1759 3706 1877 3770 quo
1922 3687 1990 3750 in
2025 3707 2091 3750 re
2114 3685 2371 3771 publica
2409 3685 2602 3751 Ciam-0
2633 3675 2780 3740 dmi-⁶

776 3773 890 3840 illa
938 3775 1174 3840 iniusta
1218 3776 1388 3842 bella.
1438 3789 1613 3854 sunt,
1669 3799 1834 3863 quae
1893 3790 2045 3844 sunt
2090 3779 2225 3844 sine
2271 3801 2466 3846 causa
2506 3773 2777 3851 suscepta?

779 3891 929 3934 nam
972 3881 1152 3936 extra
1194 3869 1546 3936 ulciscendi
1592 3882 1704 3936 aut
1745 3873 2326 3958 propulsandorum
2371 3871 2632 3939 hostium
2664 3875 2780 3923 0²¹¹·

781 3983 918 4026 sam
951 3961 1191 4028 bellum
1225 3963 1363 4049 geri
1397 3964 1639 4030 iustum
1674 3964 1928 4030 nullum
1963 3977 2190 4052 potest.
2257 3979 2313 4032 et
2347 3967 2455 4032 hoc
2486 3965 2630 4030 idem
2665 3951 2715 4016 Τ
2707 3944 2778 4010 “1³

784 4055 898 4117 lius
949 4061 1169 4140 parvis
1229 4060 1551 4124 imm-iactis
1615 4059 1919 4126 subdidit.-
1987 4061 2236 4126 nullum
2298 4061 2532 4127 bellum
2584 4053 2775 4117 iustum
