3292 4559
1075 229 1182 286 DE
1215 227 1741 286 DIVINATIONE
1774 228 1852 283 11.
1888 229 2097 286 5-10.
2257 267 2266 276 ·
2473 219 2616 285 ’171

554 379 796 434 sumus,
832 354 1171 422 tribuenda
1198 359 1297 421 est
1326 375 1528 441 opera
1552 354 1647 420 rei
1680 353 2000 442 publicae,
2027 355 2134 421 vel
2161 355 2368 422 omnis
2404 357 2620 443 potius

552 453 621 518 in
658 474 735 518 ea
768 451 1069 540 cogitatio
1097 459 1167 516 et
1203 470 1368 516 :cura
1400 450 1732 536 ponenda,
1778 460 2030 516 tantum
2074 449 2227 516 huic
2273 451 2487 516 studio
2523 475 2625 518 re-

554 548 1003 632 linquendum,
1046 556 1363 631 quantum
1404 545 1665 614 vacabit
1712 569 1752 611 a
1796 544 2057 632 publico
2104 545 2318 611 officio
2365 558 2429 613 et
2482 569 2626 610 mu-

554 665 726 708 nere.
792 642 924 708 sed
946 641 1117 710 haec
1137 640 1294 706 alias
1328 640 1643 728 pluribus,
1681 662 1855 708 nunc
1891 640 1974 706 ad
2009 641 2368 707 institutam
2403 641 2626 726 dispu-

553 738 861 803 tationem
894 746 1313 802 revertamur.

683 831 856 897 Nam
886 853 1043 898 cum
1077 829 1159 896 de
1194 829 1583 899 divinatione
1620 827 1906 913 Quintus
1942 829 2143 896 frater
2177 853 2256 895 ea
2289 829 2626 897 disseruis-
2660 820 2698 932 ξ
2747 831 2749 838 ’

557 940 687 1003 set,
736 947 903 1010 quae
940 924 1271 1010 superiore
1290 924 1469 992 libro
1508 924 1746 1012 scripta
1785 935 1964 1002 sunt,
2009 925 2293 1009 satisque
2339 924 2630 992 ambula-

556 1033 700 1084 tum
742 1018 1097 1097 videretur,
1149 1029 1289 1086 tum
1332 1019 1401 1084 in
1453 1017 1870 1094 bibliotheca,
1931 1041 2098 1104 quae
2139 1019 2210 1084 in
2251 1019 2463 1105 Lycio
2510 1030 2628 1096 est,

562 1112 953 1179 adsedimus.
1060 1123 1256 1197 atque
1308 1135 1433 1200 ego
1492 1113 1829 1181 ‘adcurate
1882 1131 1955 1180 tu
2008 1114 2318 1199 quidem:
2364 1113 2629 1198 inquam

562 1205 859 1291 ‘Quinte‚
896 1218 959 1274 et
978 1205 1195 1274 Stoice
1217 1205 1587 1276 Stoicorum
1615 1209 1998 1275 sententiam
2027 1208 2390 1285 defendisti,
2425 1207 2631 1296 quod-

561 1325 689 1388 que
724 1325 831 1369 me
866 1303 1148 1370 maxime
1184 1303 1492 1383 delectat,
1528 1304 1823 1390 plurimis
1859 1305 2088 1371 nostris
2128 1303 2439 1390 exemplis
2471 1324 2630 1368 usus

558 1419 649 1474 es,
686 1409 751 1463 et
783 1397 862 1464 iis
897 1397 1161 1482 quidem
1186 1399 1375 1466 claris
1406 1411 1470 1464 et
1505 1398 1901 1464 inlustribus.
1965 1400 2313 1466 dicendum
2341 1408 2439 1464 est
2471 1395 2630 1462 mihi

557 1493 755 1578 igitur
790 1493 872 1558 ad
910 1516 1009 1571 ea,
1042 1516 1211 1578 quae
1248 1505 1399 1563 sunt
1434 1519 1475 1560 a
1508 1505 1572 1560 te
1608 1495 1801 1573 dicta,
1843 1495 1956 1561 sed
1991 1495 2101 1573 ita,
2136 1494 2297 1560 nihil
2331 1505 2406 1560 ut
2439 1493 2632 1559 adfir-

557 1609 760 1664 mem,
795 1609 1107 1671 quaeram
1142 1589 1388 1666 omnia,
1434 1589 1738 1655 dubitans
1773 1590 2157 1676 plerumque
2198 1601 2263 1655 et
2297 1588 2454 1652 mihi
2486 1587 2628 1673 ipse

558 1681 877 1747 diffidens.
968 1682 1024 1747 si
1060 1682 1231 1748 enim
1266 1682 1512 1766 aliquid
1548 1683 1708 1749 certi
1741 1683 2080 1760 haberem,
2117 1683 2294 1766 quod
2328 1681 2629 1757 dicerem,

559 1795 683 1858 ego
716 1774 853 1859 ipse
889 1774 1265 1852 divinarem,
1302 1775 1417 1858 qui
1451 1797 1593 1840 esse
1631 1775 2100 1840 divinationem
2133 1796 2323 1862 nego.
2395 1775 2629 1840 etenim
2665 1797 2693 1836 9

560 1889 664 1932 me
702 1877 918 1933 movet
950 1867 1142 1944 illud,
1190 1867 1369 1951 quod
1400 1868 1469 1934 in
1511 1869 1736 1955 primis
1778 1864 2152 1934 Carneades
2185 1889 2494 1953 quaerere
2529 1888 2633 1932 so-

557 1960 764 2038 lebat,
799 1983 1231 2046 quarumnam
1266 1983 1482 2027 rerum
1517 1962 1828 2028 divinatio
1868 1973 2072 2030 esset:
2117 1983 2422 2046 earumne
2446 1982 2632 2045 >quae

560 2055 855 2123 sensibus
895 2054 1416 2142 perciperentur?
1469 2067 1536 2122 at
1579 2078 1691 2122 eas
1730 2055 2004 2144 quidem
2048 2055 2398 2132 cernimus,
2450 2054 2634 2120 audi-

557 2174 727 2230 mus,
758 2162 1121 2238 gustamus,
1158 2149 1519 2244 olfacimus,
1528 2150 1900 2261 tangimus.
1989 2173 2147 2216 num
2183 2149 2340 2236 quid
2373 2171 2528 2237 ergo
2563 2149 2634 2214 in

558 2245 659 2311 his
710 2247 902 2312 rebus
960 2254 1083 2323 est,
1136 2244 1352 2330 quod
1366 2245 1732 2331 provisione
1788 2256 1902 2312 aut
1951 2246 2348 2332 permotione
2398 2243 2630 2311 mentis

557 2341 766 2428 magis
800 2362 997 2426 quam
1030 2350 1263 2406 natura
1296 2339 1439 2426 ipsa
1475 2341 1868 2406 sentiamus?
1914 2351 2028 2423 aut
2070 2361 2228 2405 num
2263 2340 2482 2406 nescio
2520 2339 2632 2425 qui

557 2437 665 2504 ille
702 2435 988 2513 divinus,
1037 2435 1091 2499 si
1136 2434 1344 2502 oculis
1386 2446 1611 2521 captus
1646 2435 1757 2514 sit,
1803 2446 1877 2500 ut
1912 2420 2196 2500 Tiresias
2231 2433 2382 2514 fuit,
2429 2433 2633 2520 possit

559 2554 726 2617 quae
770 2531 921 2597 alba
964 2529 1121 2606 sint,
1176 2551 1342 2615 quae
1393 2531 1582 2620 nigra
1626 2529 1880 2598 dicere?
1932 2541 2076 2606 aut,
2131 2530 2187 2595 si
2239 2529 2472 2596 surdus
2527 2529 2630 2606 sit,

559 2627 901 2693 varietates
952 2646 1187 2692 vocum
1232 2637 1345 2692 aut
1388 2625 1614 2692 modos
1660 2625 1965 2693 noscere?
2018 2624 2104 2693 ad
2144 2625 2388 2689 nullam
2433 2623 2631 2710 igitur

560 2743 781 2787 earum
816 2743 1064 2798 rerum,
1100 2743 1269 2806 quae
1304 2743 1503 2788 sensu
1536 2720 1974 2807 accipiuntur,
2023 2717 2330 2785 divinatio
2367 2716 2632 2802 adhibe·-

562 2829 685 2880 tur.
774 2815 955 2897 atqui
988 2836 1069 2883 ne
1103 2815 1173 2880 in
1203 2815 1284 2880 iis
1319 2815 1583 2900 quidem
1615 2815 1844 2892 rebus,
1879 2835 2048 2900 quae
2084 2825 2220 2880 arte
2254 2823 2632 2890 tractantur,

564 2907 955 2972 divinatione
998 2930 1160 2993 opus
1207 2920 1335 2987 est3
1390 2910 1628 2976 etenim
1673 2910 1761 2976 ad
1786 2932 2047 2996 ,aegros
2101 2931 2235 2976 non
2287 2919 2468 2974 vat-es
2522 2919 2635 2974 aut

565 3001 870 3080 hariolos,
925 3002 1038 3068 sed
1072 3001 1357 3070 medicos
1390 3005 1673 3070 solemus
1721 3004 2042 3071 adducere
2055 3052 2074 3082 ,
2127 3027 2248 3070 nec
2283 3027 2466 3082 vero,
2521 3003 2633 3088 qui

562 3097 801 3164 fidibus
846 3107 961 3165 aut
1000 3096 1176 3163 tibiis
1220 3099 1318 3166 uti
1359 3097 1614 3176 volunt,
1667 3099 1752 3165 ab
1809 3098 2258 3185 haruspicibus
2309 3098 2635 3186 accipiunt

564 3215 789 3262 earum
842 3192 1311 3274 tractationem,
1364 3193 1482 3260 sed
1532 3218 1575 3261 a
1624 3195 1905 3260 musicis.
2004 3194 2231 3262 eadem
2282 3194 2351 3259 in
2403 3194 2628 3260 litteris
2659 3216 2710 3256 ιο

564 3289 728 3358 ratio
764 3299 861 3356 est
891 3289 1284 3374 reliquisque
1317 3291 1543 3368 rebus,
1587 3312 1863 3375 quarum
1898 3300 1998 3357 est
2032 3289 2387 3376 disciplina.
2473 3311 2633 3352 num

568 3407 793 3451 censes
828 3405 966 3462 eos,
1021 3384 1133 3469 qui
1178 3385 1467 3451 divinare
1503 3383 1833 3464 dicuntur,
1887 3407 2075 3472 posse
2110 3383 2498 3470 respondere
2535 3383 2630 3448 sol

568 3481 853 3548 maiorne
898 3502 1095 3566 quam
1147 3491 1317 3547 terra
1366 3480 1486 3546 sit?
1539 3504 1623 3547 an
1667 3492 1912 3558 tantus,
1967 3490 2246 3563 quantus
2300 3476 2634 3544 videatur?

566 3579 850 3661 lunaque
887 3597 1005 3643 suo
1037 3575 1279 3642 lumine
1314 3598 1399 3642 an
1433 3575 1585 3643 solis
1620 3575 1877 3642 utatur?
1913 3574 2040 3653 sol,
2075 3573 2231 3639 luna
2265 3594 2460 3656 quem
2495 3593 2635 3637 mo-

569 3686 709 3739 tum
744 3668 1020 3742 habeat?
1072 3693 1268 3756 quem
1312 3671 1599 3756 quinque
1642 3671 1895 3756 stellae,
1949 3691 2116 3754 quae
2152 3690 2365 3734 errare
2410 3666 2633 3733 dicun-

570 3767 714 3832 tur?
740 3789 885 3834 ·nec
924 3765 1119 3844 haec,
1170 3766 1284 3850 qui
1318 3764 1521 3832 divini
1562 3765 1910 3844 habentur,
1963 3763 2344 3851 profitentur
2386 3785 2456 3829 se
2492 3785 2632 3828 esse

574 3861 853 3929 dicturos
863 3899 894 3939 ,-
933 3882 1057 3927 nec
1108 3883 1362 3940 eorum,
1416 3883 1584 3945 quae
1637 3860 1706 3925 in
1757 3860 2112 3948 geometria
2162 3858 2631 3935 describuntur,

556 3976 739 4038 :quae
776 3978 959 4034 vcra,
1012 3977 1181 4042 quae
1216 3958 1385 4024 falsa
1418 3957 1576 4035 sint3
1630 3969 1777 4021 sunt
1825 3955 1996 4021 enim
2033 3978 2110 4020 ea
2152 3953 2632 4022 matbematico-

573 4071 739 4126 rum,
766 4073 904 4122 ‚non
920 4050 1343 4118 hariolorum.
1416 4052 1497 4118 de
1531 4051 1656 4117 illis
1685 4073 1837 4118 vero
1872 4051 2086 4128 rebus,
2123 4072 2289 4135 quae
2322 4051 2389 4118 in
2424 4049 2634 4138 philo·
2666 4065 2704 4120 4
