3292 4559
1025 262 1133 319 DE
1170 222 1499 320 ornans
1533 261 1639 318 ΠΙ.
1679 265 1988 320 101-107.
2415 254 2541 321 109

452 379 739 472 quidem
804 387 967 453 ratio
1018 409 1149 453 non
1200 387 1409 473 magis
1464 397 1688 452 contra
1738 381 2004 473 Reguli,
2071 385 2265 472 quarn
2320 401 2542 456 contra

454 503 665 546 omne
707 482 809 546 ius
852 483 1195 548 iurandum
1239 482 1429 546 valet.
1519 483 1634 547 sed
1677 481 1747 546 in
1781 482 1920 547 iure
1955 482 2224 549 iurando
2259 507 2391 550 non
2425 486 2552 570 qui·

452 587 715 652 metus,
772 577 887 642 sed
938 599 1105 662 quae
1158 576 1255 640 vis
1311 576 1390 641 sit
1444 576 1636 642 debet
1687 577 2002 663 intellegi:
2069 589 2165 643 est
2217 579 2388 646 enim
2436 581 2538 645 ius

453 671 819 736 iurandum
882 669 1240 735 adfirmatio
1302 670 1633 756 religiosa3
1707 672 1882 755 quod
1934 683 2151 738 autem
2205 675 2536 740 adfirmate

456 765 660 849 quasi
705 765 827 829 deo
864 775 1025 830 teste
1060 764 1457 850 promiseris,
1502 764 1570 828 id
1606 766 1953 830 tenendum
1997 778 2112 834 est.
2199 768 2327 832 iam
2365 768 2538 834 enim

454 882 599 924 non
639 859 725 924 ad
758 859 923 924 iram
959 860 1246 934 deorum,
1282 879 1451 944 quae
1485 860 1664 926 nulla
1698 871 1824 938 est,
1854 861 1977 925 sed
2013 861 2098 926 ad
2131 861 2439 926 iustitiam
2474 873 2535 927 et

458 953 552 1018 ad
585 953 787 1018 fidem
822 953 1124 1045 pertinet3
1173 976 1323 1018 nam
1358 951 1686 1039 praeclare
1721 951 2003 1019 Ennius:

631 1113 671 1154 ο
704 1091 901 1156 Fides
938 1090 1108 1156 alma
1143 1101 1295 1176 apta
1331 1090 1543 1176 pinnis
1581 1101 1646 1157 et
1679 1091 1781 1157 ius
1815 1092 2159 1157 iurandum
2193 1091 2398 1157 Iovis!

420 1241 435 1254 ‘
458 1237 583 1320 qui
616 1235 721 1300 ius
758 1237 957 1322 igitur
991 1236 1335 1302 iurandum
1370 1237 1589 1314 violat,
1624 1238 1680 1301 is
1717 1237 1947 1303 Fidem
1985 1238 2201 1316 violat,
2239 1259 2435 1322 quam
2468 1240 2536 1304 in

461 1323 799 1416 Capitolio
852 1330 1127 1395 vicinam
1182 1330 1355 1395 Iovis
1410 1331 1634 1416 optimi
1684 1331 1978 1409 maximi,
2031 1342 2107 1396 ut
2156 1333 2224 1396 in
2269 1330 2535 1398 Catonis

458 1424 760 1489 oratione
796 1435 911 1502 est,
946 1424 1219 1490 maiores
1254 1427 1455 1490 nostri
1493 1447 1632 1490 esse
1668 1426 2028 1491 voluerunt.
2118 1433 2214 1491 ‘at
2249 1427 2419 1492 enim
2451 1449 2535 1492 ne
2564 1447 2638 1490 105

457 1518 675 1582 iratus
718 1517 979 1601 quidem
1012 1517 1309 1604 Iuppiter
1353 1521 1497 1605 plus
1533 1519 1789 1605 Regulo
1823 1519 2146 1584 nocuisset
2180 1541 2376 1603 quam
2411 1521 2535 1585 sibi

458 1612 693 1677 nocuit
742 1613 879 1698 ipse
932 1613 1266 1699 Regulus?
1356 1625 1557 1689 certe,
1612 1615 1666 1677 si
1717 1613 1875 1678 nihil
1915 1614 2159 1678 malum
2203 1627 2370 1680 esset
2413 1615 2537 1680 nisi

462 1706 710 1771 dolere.
750 1701 849 1770 'id
884 1717 1099 1774 autem
1134 1711 1264 1772 no'n
1297 1708 1489 1773 modo
1532 1705 1718 1793 [non]
1759 1729 2080 1782 summum
2092 1708 2382 1784 malum,
2422 1708 2536 1773 sed

460 1823 553 1866 ne
604 1801 850 1865 malum
906 1801 1167 1885 quidem
1221 1825 1360 1867 esse
1412 1802 1694 1866 maxima
1747 1799 2121 1866 auctoritate
2173 1801 2536 1887 philosophi

462 1893 840 1972 adfirmant3
892 1913 1167 1980 quorum
1214 1895 1474 1980 quidem
1519 1906 1750 1961 testem
1795 1917 1924 1959 non
1957 1895 2375 1972 mediocrem,
2421 1896 2536 1960 sed

460 1989 648 2054 haud
682 1990 815 2055 scio
852 2014 934 2055 an
968 1990 1421 2076 gravissimum
1452 1989 1780 2075 Regulum
1815 1987 2032 2066 nolite,
2069 2010 2330 2073 quaes0,
2366 1989 2535 2054 vitu-

460 2105 719 2170 perare.
792 2105 985 2168 quem
1021 2083 1193 2150 enim
1227 2085 1712 2170 locupletiorem
1745 2083 2112 2167 quaerimus
2140 2105 2337 2167 quam
2360 2084 2536 2169 prin-

462 2179 683 2265 cipem
719 2179 943 2265 populi
976 2177 1284 2258 Romani,
1330 2179 1442 2263 qui
1476 2179 1792 2244 retinendi
1829 2177 2026 2243 officii
2061 2199 2256 2244 cansa
2291 2178 2535 2243 crucia-

460 2283 607 2338 tum
646 2273 909 2338 subierit
945 2274 1413 2339 voluntarium?
1481 2297 1634 2338 nam
1677 2273 1853 2358 quod
1898 2274 2078 2338 aiunt
2123 2272 2416 2338 ‘minima
2451 2273 2531 2338 de

464 2367 707 2445 malis,’
743 2366 812 2431 id
848 2379 945 2434 est
976 2378 1053 2432 ut
1085 2369 1356 2454 turpiter
1388 2367 1602 2456 potius
1637 2389 1833 2452 quam
1871 2367 2269 2444 calamitose,
2316 2391 2398 2432 an
2436 2377 2533 2432 est

464 2463 677 2527 ullum
710 2462 919 2526 mains
954 2463 1197 2528 malum
1232 2462 1666 2549 turpitudine?
1736 2483 1902 2548 quae
1939 2464 1993 2527 si
2028 2464 2096 2527 in
2132 2461 2532 2528 deformitate
2596 2461 2614 2469 ‘

465 2557 753 2643 corporis
788 2555 983 2622 habet
1016 2555 1261 2640 aliquid
1295 2557 1696 2634 offensionis,
1741 2567 1982 2640 quanta
2015 2556 2125 2622 illa
2161 2557 2531 2642 depravatio

466 2661 533 2716 et
576 2650 851 2716 foeditas
898 2651 1240 2736 turpificati
1286 2651 1481 2716 animi
1518 2651 1710 2717 debet
1743 2651 1983 2717 videri?
2049 2652 2267 2734 itaque
2301 2671 2530 2716 nervo·
2559 2673 2634 2714 106
2713 2711 2716 2714 ,

467 2746 603 2810 sius
659 2744 773 2830 qui
824 2745 947 2812 ista
1001 2745 1320 2811 disserunt
1371 2745 1578 2810 solum
1622 2745 1862 2809 audent
1904 2744 2146 2808 malum
2191 2744 2400 2809 dicere
2441 2743 2531 2820 id,

468 2839 648 2924 quod
680 2851 869 2925 turpe
904 2839 1013 2917 sit,
1050 2840 1162 2924 qui
1197 2849 1415 2904 autem
1449 2838 1807 2914 remissius,
1851 2837 1897 2901 ii
1934 2847 2150 2901 tamen
2183 2859 2312 2900 non
2348 2836 2534 2900 dubi-

466 2943 609 2999 tant
644 2955 965 2999 summum
997 2935 1240 2999 malum
1278 2933 1511 2998 dicere.
1596 2955 1750 2995 nam
1785 2930 1946 2995 illud
1981 2930 2262 3014 quidem,

815 3091 1023 3156 neque
1061 3069 1209 3135 dedi
1242 3090 1455 3154 neque
1492 3067 1573 3133 do
1609 3065 1851 3132 infideli
1886 3065 2206 3150 cuiquam,

464 3213 710 3280 idcirco
744 3225 918 3280 recte
952 3235 993 3280 a
1026 3220 1240 3300 poeta,
1276 3215 1447 3299 quia,
1486 3235 1633 3280 cum
1669 3221 2049 3278 tractaretur
2081 3211 2353 3289 Atreus,
2388 3234 2532 3297 per-

466 3329 667 3372 sonae
714 3307 1119 3374 serviendum
1163 3307 1307 3374 fuit.
1395 3307 1510 3374 sed
1556 3307 1611 3372 si
1645 3306 1767 3372 hoc
1803 3305 1925 3370 sibi
1961 3315 2245 3381 sument,
2289 3305 2532 3369 nullam

465 3424 615 3467 esse
656 3401 849 3466 fidem
862 3449 883 3479 ,
926 3422 1093 3485 quae
1138 3400 1382 3467 infideli
1428 3401 1579 3466 data
1622 3401 1732 3477 sit,
1765 3399 2036 3464 'videant
2069 3420 2152 3463 ne
2187 3409 2533 3481 quaeratur

463 3495 717 3561 latebra
749 3495 1050 3581 periurio.
1126 3493 1255 3582 [est
1288 3506 1506 3560 autem
1538 3494 1639 3559 ius
1677 3492 1869 3559 etiam
1907 3492 2208 3558 bellicum
2243 3489 2529 3572 fidesque
2558 3514 2631 3562 10⁷

464 3589 625 3656 iuris
660 3587 913 3655 iurandi
948 3613 1143 3678 saepe
1178 3613 1325 3655 cnm
1360 3589 1545 3654 hoste
1580 3585 1948 3672 servanda]
2033 3584 2205 3670 quod
2241 3584 2410 3649 enim
2444 3583 2533 3648 ita

465 3686 749 3750 iuratum
800 3686 925 3762 est,
980 3695 1053 3750 ut
1103 3707 1287 3750 mens
1333 3683 1696 3768 conciperet
1738 3681 1876 3747 fieri
1922 3691 2244 3767 oportere,
2285 3677 2355 3743 id
2403 3699 2534 3744 ser-

466 3779 754 3845 vandum
798 3789 925 3856 est3
978 3779 1155 3862 quod
1188 3778 1401 3854 aliter,
1454 3777 1523 3841 id
1568 3777 1623 3840 si
1665 3798 1796 3840 non
1840 3775 2093 3851 fecerit,
2145 3772 2394 3838 nullum
2437 3781 2532 3836 est

466 3873 841 3960 periurium.
928 3878 1033 3949 ut,
1086 3873 1139 3936 si
1182 3870 1615 3958 praedonibus
1660 3879 1921 3955 pactum
1963 3889 2082 3954 pro
2135 3866 2344 3952 capite
2387 3886 2534 3951 pre-

466 3970 631 4033 tium
666 3989 800 4032 non
834 3967 1153 4045 attuleriS,
1188 3965 1366 4032 nulla
1400 3965 1579 4031 fraus
1616 3971 1740 4040 est,
1783 3985 1866 4029 ne
1902 3963 1960 4028 si
1990 3962 2236 4028 iuratus
2273 3959 2534 4045 quidem

462 4062 535 4130 id
578 4083 713 4128 non
754 4061 1005 4128 feceris.
1092 4083 1245 4127 nam
1287 4061 1499 4149 pirata
1544 4081 1676 4125 non
1710 4063 1804 4124 est
1839 4080 1920 4123 ex
1955 4055 2378 4144 perduellium
2411 4078 2532 4120 nu-
