3292 4559
1098 266 1205 321 DE
1238 266 1577 325 LEGIBUS
1611 268 1692 322 u:
1714 268 1967 325 Νιιι-68.
2426 239 2556 331 293
2577 320 2586 332 ..

488 391 657 460 lonis
692 389 862 458 sunt.
953 390 1033 457 de
1066 389 1363 456 lamentis
1398 412 1550 457 vero
1570 414 1892 478 ‘expressa
1925 392 2142 459 verbis
2160 405 2354 461 sunt:
2392 420 2553 463 mu-

482 489 721 555 lieres
789 506 1041 573 genas·
1096 507 1188 550 ne
1258 484 1583 550 radunto
1644 507 1836 551 neve
1877 488 2183 553 lessum
2253 489 2550 560 funeris

484 603 675 668 ergo
726 579 1082 645 habento,

620 676 729 741 De
772 673 1080 759 sepulcris
1127 684 1345 738 autem
1388 672 1547 737 nihil
1594 684 1693 739 est
1727 675 1900 759 apud
1937 674 2242 743 Solonem
2277 679 2561 765 amplius.
2585 676 2654 730 26

486 794 689 857 quam
735 776 847 834 ‘ne
892 767 1035 851 quis
1073 790 1151 833 ea
1185 767 1397 833 deleat
1438 790 1601 833 neve
1650 768 1929 835 alienum
1969 770 2262 849 inferat’,
2315 795 2554 858 poena-

486 888 617 951 que
654 875 771 942 est,
808 864 892 928 ‘si
927 861 1071 947 quis
1106 862 1367 926 bustum
1386 896 1473 909 --
1489 886 1641 927 nam
1675 863 1744 927 id
1777 874 1936 949 puto
1970 866 2278 951 appellari
2304 866 2552 950 τύμβον

482 998 579 1007 -
594 969 708 1025 aut
740 955 1231 1023 monimentum’
1268 956 1477 1039 inquit
1512 964 1656 1021 ‘aut
1683 958 2048 1024 columnam
2073 960 2345 1038 violarit,
2381 961 2554 1027 deie-

488 1054 679 1131 cerit,
724 1051 1031 1138 fregerit?
1120 1050 1235 1116 sed
1268 1060 1415 1137 post
1449 1050 1774 1136 aliquanto
1809 1065 2070 1140 propter
2104 1054 2220 1119 has
2255 1056 2554 1142 amplitu-

484 1148 674 1214 dines
736 1148 1203 1234 sepulcrorum,
1275 1168 1436 1231 quas
1496 1147 1566 1212 in
1630 1144 1968 1215 Ceramico
2023 1150 2336 1227 vidimus,
2405 1152 2550 1238 lege

483 1252 784 1309 sanctum
830 1246 988 1305 est‘
997 1263 1081 1305 ne
1126 1240 1270 1325 quis
1317 1242 1682 1327 sepulcrum
1719 1243 1958 1309 faceret
1993 1245 2322 1329 operosius
2344 1267 2554 1330 quam

482 1337 666 1422 quod
710 1337 934 1402 decem
978 1334 1267 1401 homines
1312 1336 1641 1402 effecerint
1684 1337 1924 1403 triduo'
1936 1364 1957 1417 ;
2009 1360 2222 1425 neque
2245 1341 2324 1406 id
2357 1364 2551 1428 opere

484 1429 755 1497 tectorio
804 1429 1101 1495 exornari
1134 1451 1258 1496 nec
1290 1430 1543 1496 hermas
1577 1453 1742 1516 quos
1777 1445 2011 1498 vocant
2045 1434 2278 1501 licebat
2309 1436 2551 1522 inponi,

482 1546 610 1591 nec
665 1523 745 1590 de
786 1524 1027 1589 mortui
1066 1524 1258 1590 laude
1301 1524 1425 1589 nisi
1466 1525 1536 1590 in
1578 1526 1857 1612 publicis
1911 1528 2254 1612 sepulturis
2302 1532 2425 1597 nec
2469 1532 2554 1597 ab

482 1620 647 1697 alio,
690 1619 814 1684 nisi
850 1618 963 1704 qui
1000 1618 1257 1704 publice
1293 1620 1377 1685 ad
1415 1644 1557 1687 eam
1592 1644 1735 1687 rem
1767 1622 2148 1689 constitutus
2185 1636 2381 1703 esset,
2428 1626 2554 1691 dici

482 1714 743 1781 licebat.
834 1712 1089 1779 sublata
1124 1714 1319 1779 etiam
1356 1726 1491 1781 erat
1527 1714 1862 1781 celebritas
1897 1717 2181 1783 virorum
2217 1740 2294 1783 ac
2327 1720 2556 1785 mulie-

482 1832 661 1886 rum,
724 1828 853 1891 quo
912 1808 1281 1873 lamentatio
1342 1809 1766 1887 minueretur3
1840 1821 2036 1897 auget
2085 1812 2278 1879 enim.
2304 1814 2553 1880 luctum

480 1924 836 1971 concursus
899 1900 1251 1967 hominum.
1348 1904 1650 1987 quocirca
1699 1904 1993 1989 Pittacus
2048 1906 2308 1973 omnino
2369 1929 2554 1973 acce·-

485 1998 640 2064 dere
685 2018 1077 2082 quemquam
1120 2006 1297 2063 vetat
1338 1998 1407 2062 in
1449 1997 1644 2063 funus
1683 1999 2048 2065 alienorum.
2138 2001 2250 2066 sed
2287 2001 2378 2066 ait
2411 2024 2552 2066 rur-

482 2115 599 2159 sus
635 2091 808 2157 idem
841 2090 1216 2156 Demetrius
1251 2092 1677 2158 increbruisse
1714 2116 1858 2159 eam
1893 2093 2192 2159 funerum
2228 2095 2552 2180 sepulcro-

483 2207 761 2271 rumque
822 2184 1391 2272 magnificentiam,
1462 2207 1627 2270 quae
1690 2210 1864 2253 nunc
1925 2186 2060 2254 fere
2113 2186 2362 2253 Romae
2425 2200 2549 2255 est:

425 2358 430 2365 q
480 2304 684 2367 quam
720 2281 1246 2347 consuetudinem
1279 2282 1425 2367 lege
1460 2280 1692 2346 minuit
1723 2282 1892 2367 ipse3
1928 2281 2051 2347 fuit
2087 2282 2258 2347 enim
2295 2282 2399 2348 hic
2433 2283 2550 2359 vir,

482 2387 562 2441 ut
604 2374 810 2453 scitis,
854 2396 987 2441 non
1032 2376 1238 2441 solum
1282 2374 1777 2453 eruditissimae,
1829 2376 1942 2441 sed
1989 2376 2181 2442 etiam
2219 2375 2374 2447 civis
2411 2398 2446 2441 e
2481 2398 2550 2441 re

482 2468 748 2555 publica
814 2469 1092 2535 maxime
1164 2470 1569 2555 tuendaeque
1634 2470 1908 2535 civitatis
1968 2471 2407 2557 peritissimus.
2495 2470 2552 2536 is

481 2561 684 2649 igitur
717 2575 1046 2651 sumptum
1079 2562 1311 2630 minuit
1343 2587 1475 2630 non
1511 2564 1719 2629 solum
1754 2587 1982 2651 poena,
2019 2566 2134 2631 sed
2170 2567 2362 2631 etiam
2389 2575 2552 2631 tem—

482 2678 641 2743 pore
653 2680 673 2733 ;
727 2667 873 2721 ante
925 2657 1135 2722 lucem
1188 2659 1359 2722 enim
1410 2658 1595 2723 iussit
1646 2658 1878 2725 efferri.
1969 2660 2276 2745 sepulcris
2337 2670 2552 2724 autem

484 2748 671 2814 novis
714 2749 917 2813 finivit
961 2749 1253 2826 modum3
1306 2773 1459 2814 nam
1505 2772 1700 2836 super
1741 2762 1948 2816 terrae
1995 2753 2314 2815 tumulum
2349 2752 2554 2815 noluit

482 2841 835 2928 quidquam
881 2842 1073 2906 statui
1116 2843 1239 2906 nisi
1284 2841 1688 2906 columellam
1732 2844 1937 2907 tribus
1985 2843 2216 2908 cubitis
2250 2866 2333 2909 ne
2369 2844 2554 2909 altio-

486 2960 631 3003 rem
666 2946 777 3001 aut
811 2956 1101 3001 mensam
1137 2946 1249 3001 aut
1281 2935 1618 3012 labellum,
1667 2947 1731 3002 et
1766 2936 1916 3002 huic
1950 2938 2382 3043 procurationi
2418 2960 2554 3005 cer-

482 3044 627 3096 tum
660 3031 1105 3117 magistratum
1140 3029 1555 3116 praefecerat.

617 3126 805 3191 Haec
855 3125 1053 3211 igitur
1096 3124 1524 3191 Athenienses
1579 3125 1694 3189 tui.
1784 3124 1899 3189 sed
1953 3124 2284 3192 videamus
2328 3124 2619 3213 Plato-6

482 3247 665 3300 nem,
702 3224 816 3307 qui
849 3222 1019 3287 iusta
1051 3222 1352 3288 funerum
1384 3221 1567 3287 reicit
1602 3222 1687 3287 ad
1721 3221 2100 3308 interpretes
2135 3223 2547 3309 religionum·

481 3340 682 3402 quem
741 3338 860 3383 nos
912 3318 1159 3383 morem
1210 3326 1519 3382 tenemus.
1628 3316 1710 3382 de
1763 3316 2072 3427 sepulcris
2129 3329 2344 3383 autem
2397 3318 2552 3381 dicit

484 3413 675 3478 haec.
748 3420 923 3475 vetat
966 3434 1048 3477 ex
1093 3433 1249 3498 agro
1297 3411 1467 3476 culto
1513 3433 1672 3477 eove
1685 3458 1704 3489 ,
1750 3410 1861 3495 qui
1895 3411 2032 3477 coli
2075 3412 2305 3497 possit,
2351 3411 2551 3476 ullam

483 3516 736 3594 partem
800 3504 968 3569 sumi
1031 3504 1355 3604 sepulcro·
1336 3554 1355 3585 ,
1429 3506 1543 3573 sed
1604 3527 1774 3589 quae
1827 3517 2058 3571 natura
2109 3505 2250 3593 agri
2301 3516 2550 3572 tantum

428 3654 433 3657 .
480 3598 676 3665 modo
722 3598 977 3665 efficere
1023 3600 1257 3686 possit,
1304 3609 1377 3664 ut
1418 3611 1818 3665 mortuorum
1867 3622 2134 3687 corpora
2179 3600 2314 3666 sine
2359 3598 2552 3665 detri-

479 3703 701 3759 mento
746 3694 1041 3760 vivorum
1088 3694 1385 3781 recipiat,
1442 3718 1521 3761 ea
1562 3694 1970 3781 potissimum
2019 3706 2094 3761 ut
2145 3695 2548 3781 conpleatur.

483 3809 653 3871 quae
688 3800 905 3855 autem
940 3799 1113 3855 terra
1146 3788 1368 3875 fruges
1403 3786 1571 3856 ferre
1608 3800 1674 3855 et
1707 3800 1780 3853 ut
1813 3802 2018 3855 mater
2045 3790 2222 3855 cibos
2249 3790 2550 3875 suppedi-

474 3894 621 3947 tare
665 3884 897 3968 possit,
946 3906 1090 3950 eam
1134 3906 1216 3949 ne
1262 3884 1406 3967 quis
1449 3883 1635 3949 nobis
1680 3882 1930 3949 minuat
1968 3906 2132 3949 neve
2167 3884 2350 3949 vivus
2385 3906 2548 3949 neve

2595 1929 2648 1970 65*

2585 3100 2656 3212 2⁷7

482 3987 793 4041 mortuus.
892 3978 1137 4045 exstrui
1189 3989 1405 4045 autem
1461 3988 1635 4044 vetat
1688 3980 2053 4064 sepulcrum
2107 3978 2298 4044 altius
2351 4000 2545 4062 quam
2591 4002 2644 4043 es

480 4070 659 4155 quod
696 4073 963 4161 quinque
998 4074 1269 4139 homines
1306 4074 1590 4159 quinque
1626 4073 1852 4141 diebus
1890 4072 2308 4151 absolverint,
2353 4091 2473 4139 nec
2509 4095 2544 4141 e
