3292 4559
642 267 644 269 ’
727 254 808 321 18
1338 265 1418 319 Μ.
1454 264 1730 321 TULLII
1765 262 2169 322 CICERONIS

724 391 1009 457 occultas
1036 400 1101 455 et
1133 388 1388 475 penitus
1434 386 1685 452 abditas
1719 408 1850 451 non
1884 386 2076 451 modo
2113 386 2346 452 viderit
2381 388 2628 466 animo,
2667 386 2791 453 sed

725 488 921 552 etiam
954 485 1047 549 sic
1081 493 1311 549 tractet
1342 493 1418 547 ut
1449 504 1676 559 mann,
1731 480 1920 546 docet
1954 504 2096 547 eam
2134 504 2273 547 esse
2317 482 2448 546 vim
2483 492 2548 547 et
2593 494 2790 547 natu-

724 602 865 645 ram
899 578 1186 655 deorum,
1222 587 1297 643 ut
1328 577 1610 663 primum
1643 597 1775 641 non
1811 598 2023 653 sensu,
2061 574 2176 641 sed
2209 586 2422 642 mente
2459 588 2784 654 cernatur,

724 696 848 739 nec
882 672 1209 739 soliditate.
1235 670 1515 756 quadam
1546 689 1668 736 nec
1705 671 1788 735 ad
1821 693 2186 746 numerum,
2222 680 2296 735 ut
2331 694 2427 747 ea,
2465 692 2631 754 quae
2665 670 2782 735 ille

724 780 988 855 propter
1037 768 1402 832 firmitatem
1456 770 1802 851 στερέμνια
1855 764 2163 850 appellat,
2219 765 2334 831 sed
2385 764 2784 851 imaginibus

638 880 649 892 ‘
726 862 1137 928 similitudine
1186 872 1250 926 et
1293 859 1662 925 transitione
1708 859 2055 945 perceptis3
2103 880 2366 945 cumque
2409 860 2657 924 infinita
2693 859 2786 923 si-

724 958 1157 1022 millumarum
1196 955 1550 1041 imaginum
1595 953 1838 1039 species
1885 976 1966 1017 ex
1997 953 2566 1020 innumerabilibus
2610 953 2782 1017 indi-

724 1050 934 1115 viduis
972 1050 1232 1115 exsistat
1268 1060 1331 1115 et
1374 1072 1415 1113 a
1450 1049 1569 1114 deo
1604 1049 1844 1113 adfluat
1856 1095 1874 1126 ,
1920 1069 2069 1112 cum
2103 1046 2396 1112 maximis
2433 1046 2784 1133 voluptati-

722 1144 845 1208 bus
874 1144 941 1209 in
960 1166 1067 1209 eas
1098 1142 1409 1228 imagines
1435 1152 1714 1207 mentem
1742 1142 2050 1205 intentam
2075 1141 2463 1225 infixamque
2490 1153 2782 1206 nostram

723 1237 1224 1323 intellegentiam
1254 1258 1501 1321 capere,
1539 1257 1706 1319 quae
1740 1235 1903 1302 sit.et
1935 1234 2126 1299 beata
2152 1245 2380 1301 natura
2405 1246 2469 1300 et
2494 1245 2782 1300 aeterna.

626 1348 681 1391 50
724 1354 976 1397 summa
1010 1352 1161 1395 vero
1198 1330 1295 1394 vis
1327 1329 1654 1395 infinitatis
1691 1340 1755 1393 et
1786 1352 2024 1414 magna
2059 1350 2133 1394 ac
2171 1327 2459 1415 diligenti
2493 1340 2786 1393 contem-

722 1425 1004 1511 platione
1038 1424 1411 1510 dignissima
1446 1434 1569 1502 est,
1612 1424 1682 1487 in
1716 1440 1846 1507 qua
1888 1422 2173 1508 intellegi
2206 1444 2466 1489 necesse
2502 1432 2598 1488 est
2633 1444 2783 1487 eam

724 1542 865 1585 esse
907 1530 1231 1595 naturam,
1282 1528 1357 1582 ut
1398 1518 1611 1583 omnia
1656 1516 1952 1582 omnibus
1996 1516 2258 1601 paribus
2301 1517 2482 1601 paria
2513 1539 2784 1602 respon·-

725 1614 919 1679 deant
928 1638 947 1691 3
993 1612 1159 1678 hanc
1208 1612 1545 1695 ἰσονομίαν
1590 1612 1866 1697 appellat
1902 1610 2252 1695 Epicurus,
2296 1611 2366 1676 id
2399 1622 2496 1692 est
2540 1632 2782 1701 aequa-

723 1708 919 1772 bilem
954 1706 1394 1772 tributionem:
1430 1729 1511 1772 ex
1544 1705 1666 1771 hac
1701 1705 1896 1791 igitur
1928 1704 2086 1769 illud
2121 1704 2416 1782 efficitur,
2453 1704 2508 1769 si
2541 1716 2782 1769 morta-

720 1801 880 1867 lium
913 1811 1093 1866 tanta
1127 1801 1466 1865 multitudo
1503 1802 1602 1879 sit,
1638 1823 1779 1866 esse
1813 1800 2244 1864 inmortalium
2277 1820 2406 1863 non
2441 1798 2779 1875 minorem,

724 1908 819 1974 et,
857 1896 913 1961 si
944 1916 1111 1979 quae
1146 1896 1513 1960 interimant
1544 1893 2033 1959 innumerabilia
2067 1893 2212 1971 sint,
2248 1893 2442 1959 etiam
2477 1916 2572 1972 ea,
2611 1916 2781 1978 quae

722 1999 1129 2065 conservent,
1182 1988 1427 2053 infinita
1478 2010 1616 2053 esse
1661 1987 1913 2053 debere.
2259 1986 2350 2052 Et
2395 2009 2702 2072 quaerere
2739 2010 2781 2053 a

722 2084 939 2162 nobis,
984 2083 1189 2148 Balbe
1203 2131 1221 2160 ,
1276 2082 1512 2160 soletis,
1566 2104 1733 2167 quae
1769 2083 1900 2147 vita
1935 2082 2201 2149 deorum
2235 2083 2318 2148 sit
2361 2105 2655 2167 quaeque
2692 2084 2778 2147 ab

626 2195 679 2236 ει
722 2176 801 2241 iis
845 2178 1117 2261 degatur
1162 2180 1368 2241 aetas:
1422 2198 1500 2240 ea
1540 2175 1863 2252 videlicet,
1915 2196 2045 2259 qua
2085 2176 2242 2241 nihil
2286 2176 2564 2254 beatius,
2617 2177 2780 2243 nihil

724 2269 1017 2333 omnibus
1043 2267 1229 2333 bonis
1256 2268 1636 2333 adfluentius
1667 2268 1934 2353 cogitari
1964 2280 2202 2353 potest3
2235 2270 2396 2335 nihil
2423 2271 2592 2336 enim
2621 2272 2778 2357 agit,

721 2362 913 2426 nullis
948 2362 1471 2446 occupationibus
1508 2374 1603 2427 est
1642 2362 2013 2447 inplicatus,
2059 2363 2236 2429 nulla
2271 2386 2466 2449 opera
2499 2366 2780 2441 molitur,

724 2476 841 2519 sua
887 2454 1197 2539 sapientia
1239 2466 1304 2521 et
1347 2455 1581 2521 virtute
1626 2456 1896 2541 gaudet,
1949 2456 2144 2523 habet
2187 2459 2588 2545 exploratum
2639 2461 2781 2525 fore

725 2571 793 2613 se
829 2559 1079 2634 semper
1114 2571 1262 2614 cum
1294 2550 1363 2613 in
1397 2549 1713 2627 maximis,
1751 2561 1887 2615 tum
1921 2552 1989 2615 in
2017 2553 2290 2617 aeternis
2319 2553 2779 2639 voluptatibus.

617 2633 691 2746 ἓξ)
723 2642 893 2707 hunc
929 2644 1121 2709 deum
1155 2644 1274 2727 rite
1308 2644 1569 2709 beatum
1604 2645 1970 2723 dixerimus,
2007 2658 2290 2714 vestrum
2315 2670 2467 2713 vero
2502 2648 2781 2716 laborio-

724 2737 1074 2823 sissimumg
1129 2738 1265 2821 sive
1298 2738 1465 2804 enim
1501 2738 1639 2824 ipse
1675 2741 1952 2823 mundus
1989 2740 2148 2807 deus
2183 2752 2310 2819 est,
2365 2742 2521 2825 quid
2564 2754 2780 2829 potest

725 2854 865 2896 esse
900 2832 1111 2895 minus
1158 2831 1443 2915 quietum
1488 2854 1684 2917 quam
1726 2834 1902 2897 nullo
1947 2845 2185 2919 puncto
2233 2836 2538 2921 temporis
2580 2837 2780 2902 inter-

722 2926 917 2990 misso
962 2926 1203 2990 versari
1256 2927 1496 2991 circum
1554 2949 1742 2991 axem
1796 2930 1956 2993 caeli
2007 2930 2366 2995 admirabili
2417 2930 2780 2997 celeritate?

724 3018 846 3081 nisi
880 3018 1167 3102 quietum
1204 3032 1419 3085 autem
1453 3020 1611 3085 nihil
1646 3020 1908 3086 beatum
1937 3032 2031 3087 est
2039 3047 2058 3100 3
2095 3023 2229 3087 sive
2264 3022 2332 3087 in
2364 3022 2504 3109 ipso
2532 3025 2780 3090 mundo

724 3111 884 3176 deus
918 3111 1086 3177 inest
1119 3112 1381 3197 aliquis,
1435 3116 1547 3198 qui
1581 3126 1794 3203 regat,
1848 3116 1962 3200 qui
2004 3116 2348 3202 gubernet,
2403 3118 2516 3201 qui
2549 3141 2777 3187 cursus

722 3216 1067 3283 astrorum,
1135 3208 1530 3273 mutationes,
1578 3220 1938 3295 temporum
1951 3258 1970 3287 ‚
2039 3232 2255 3275 rerum
2305 3210 2778 3279 vicissitudines

722 3298 1103 3383 ordinesque
1140 3314 1491 3385 conservet,
1526 3312 1727 3367 terras
1761 3314 1828 3369 et
1859 3302 2062 3368 maria
2095 3305 2534 3389 contemplans
2570 3306 2777 3371 homi-

720 3416 877 3459 num
924 3394 1259 3460 commoda
1315 3396 1605 3480 vitasque
1659 3408 1940 3474 tueatur,
1992 3420 2074 3461 ne
2127 3397 2234 3463 ille
2289 3409 2408 3463 est·
2435 3398 2778 3484 inplicatus

626 3506 679 3549 5³
722 3487 1003 3554 molestis
1039 3490 1312 3575 negotiis
1348 3501 1412 3555 et
1446 3490 1757 3577 operosis!
1793 3514 1910 3555 nos
1945 3502 2160 3555 autem
2193 3493 2447 3558 beatam
2475 3493 2678 3559 vitam
2711 3496 2780 3561 in

622 3599 631 3605 ·
724 3582 919 3647 animi
955 3583 1294 3649 securitate
1330 3595 1393 3651 et
1424 3585 1493 3649 in
1529 3586 1816 3651 omnium
1849 3584 2178 3649 vacatione
2213 3608 2554 3653 munerum
2589 3591 2777 3675 poni-

720 3700 895 3755 mus3
944 3677 1161 3744 docuit
1196 3680 1364 3744 enim
1397 3702 1515 3745 nos
1550 3680 1744 3757 idem,
1780 3679 1890 3764 qui
1925 3688 2162 3757 cetera,
2206 3693 2436 3747 natura
2471 3682 2778 3751 effectum

722 3792 862 3835 esse
896 3772 1207 3836 mundum
1218 3797 1237 3850 3
1273 3773 1429 3839 nihil
1458 3796 1617 3859 opus
1653 3772 1856 3837 fuisse
1887 3772 2131 3837 fabrica
2158 3783 2418 3859 tamque
2455 3800 2601 3843 eam
2635 3800 2777 3845 rem

724 3884 861 3927 esse
905 3865 1189 3945 facilem,
1242 3890 1436 3951 quam
1482 3891 1595 3932 vos
1642 3867 1814 3933 effici
1855 3867 2104 3951 negatis
2151 3870 2286 3934 sine
2324 3870 2543 3937 divina
2586 3894 2776 3957 posse

724 3955 1031 4034 sollertia,
1082 3972 1155 4025 ut
1199 3961 1682 4045 innumerabilis
1726 3971 1956 4025 natura
1997 3963 2270 4028 mundos
2315 3965 2624 4033 effectura
2674 3970 2775 4047 sit,

722 4046 984 4127 efficiat,
1038 4052 1362 4121 effecerit.'
1435 4055 1609 4138 quod
1661 4054 1814 4143 quia
1867 4078 2057 4140 quem
2102 4057 2185 4122 ad
2234 4060 2498 4125 modum
2543 4076 2780 4129 natura
