3292 4559
1228 282 1580 329 annonae
1619 284 1881 327 cmncA.
2000 282 2007 293 ·
2406 278 2652 331 :⁵1me

453 402 592 457 tione
617 408 758 453 certo
785 397 864 466 B,
891 380 1274 466 prouocatione
1299 405 1425 451 testo
1453 394 1528 464 H,
1567 404 1683 450 tore
1706 412 1857 451 ocsus
1876 394 2193 450 Turnebus.
2208 422 2279 437 -·-
2296 395 2349 447 ei
2370 394 2465 465 qui
2484 396 2567 447 ius
2582 390 2651 449 0.

453 476 754 547 prouocatio
781 492 876 527 nec
901 482 1007 528 esto
1027 471 1098 540 Τ,
1116 475 1424 542 provocatio
1450 474 1538 526 nei
1571 502 1634 515 -
1674 474 1890 527 creassit
1920 472 2111 526 Bake:
2156 471 2385 541 rogauit
2428 469 2545 524 ΟΤ.
2580 498 2655 512 -·-

455 564 561 609 esto
585 550 914 607 Buecheler.
943 580 1012 593 ·-
1030 552 1240 619 ploeres
1278 548 1529 605 Vahlen:
1569 560 1755 620 agetur
1788 548 1853 604 Ο.
1890 548 1913 620 fl
1946 555 2028 603 11.
2063 550 2241 603 adesto
2268 545 2331 603 Ο.
2359 574 2434 589 -·—
2452 548 2652 601 maior-

449 633 634 701 plures
667 627 729 683 Ο.
755 657 826 669 --
850 628 985 683 iussi
1017 636 1167 683 erata
1193 625 1254 683 Ο.
1283 656 1354 667 ——
1387 644 1533 695 sper-
1567 646 1671 699 que
1700 625 1765 683 Ο.
1790 654 1862 667 -
1894 626 2127 681 auctoris
2160 624 2223 680 Ο.
2250 651 2323 666 ·-·
2347 625 2405 677 in
2438 623 2655 677 aerario

455 715 617 760 uento
652 703 715 760 Ο.
752 735 819 745 -
845 706 1340 776 quodquodcumque
1373 702 1436 757 Ο.
1463 732 1536 744 -—
1570 706 1782 761 condita
1828 712 1983 758 sunto
2032 701 2315 758 Davisius.
2368 726 2439 741 -—
2488 701 2655 754 semul

457 790 676 837 aeuncto
711 779 772 835 Ο.
807 780 828 850 ΙΙ
865 788 912 834 7.
943 782 989 833 is
1015 782 1172 849 prius
1207 778 1270 835 Ο.
1295 809 1367 819 -
1390 778 1536 833 urbis
1571 780 1861 836 Halmius:
1895 783 2051 836 semel
2076 779 2143 848 Ο,
2168 781 2328 834 simul
2352 775 2647 833 Gruterus.

456 867 592 913 tecta
607 859 800 926 templa
815 856 1006 911 Bake:
1041 857 1244 911 urbi-<tta
1261 858 1453 926 templa
1472 853 1534 921 O,
1571 888 1640 899 --
1656 860 1957 913 comulento
1977 888 1999 897 -
2020 886 2041 899 -
2062 858 2279 911 ducenta
2307 853 2371 910 Ο.
2391 882 2458 895 -·-
2468 855 2651 922 priva-

455 935 601 987 urbie
635 936 828 1002 templa
860 932 959 986 ΗΒ.
981 962 1046 973 --
1073 934 1193 987 uias
1217 949 1350 1001 quae
1378 930 1440 987 Ο.
1468 959 1539 972 ·-
1572 936 1697 988 tisve
1732 936 1877 989 coni.
1910 932 2187 988 Halmius.
2242 930 2329 986 cf.
2374 930 2423 999 §-
2461 935 2545 982 43.
2583 956 2653 969 -·

457 1012 578 1065 exin
603 1007 954 1063 Buechelero
992 1013 1220 1063 auctore
1247 1007 1412 1062 obelo
1437 1022 1538 1061 no·
1573 1012 1873 1065 comitatum
1900 1009 1967 1067 Ο.
1980 1038 2051 1051 --
2070 1008 2299 1063 eae-soris
2322 1005 2365 1075 f.
2384 1004 2507 1071 AB,
2536 1020 2652 1057 cae-

456 1084 601 1139 tavit
616 1083 892 1139 Halmius.
910 1114 981 1125 —-
996 1086 1197 1137 ordinis
1214 1084 1366 1153 parti
1385 1092 1538 1137 sunto
1574 1088 1714 1141 saris
1738 1086 1783 1155 f.
1800 1086 1875 1155 Η,
1906 1086 2007 1141 sed
2032 1084 2093 1139 in
2116 1101 2295 1155 marg.
2316 1083 2561 1137 censoris.
2582 1108 2653 1121 -

460 1159 522 1216 Ο.
564 1190 629 1198 -
667 1161 888 1214 caelibes
922 1163 1014 1215 sed
1039 1162 1346 1231 prohibento
1381 1157 1442 1215 Ο.
1470 1188 1541 1199 -
1571 1166 1727 1235 fidem
1745 1164 1915 1232 leyum
1930 1161 2190 1233 Madvig:
2221 1162 2378 1233 fidem
2406 1160 2568 1227 leyem
2588 1155 2651 1225 Ο,

459 1237 654 1307 reliqui
667 1266 690 1277 ·
709 1266 733 1277 -
751 1244 904 1290 sunto
941 1237 1050 1291 del.
1084 1236 1374 1306 Halmius,
1410 1240 1542 1305 post
1571 1242 1677 1311 fide
1702 1242 1839 1309 loyes
1862 1238 2193 1293 Lambinus.
2219 1240 2239 1305 ΙΙ
2268 1242 2349 1289 12.
2376 1233 2656 1303 descriptio

455 1313 634 1369 verba
664 1330 866 1383 semper
901 1324 1008 1367 esto
1036 1312 1355 1384 transponit
1381 1311 1540 1382 Kay-
1575 1315 1636 1372 Ο.
1657 1346 1727 1358 -
1743 1318 1800 1369 in
1828 1317 1935 1371 illis
1962 1316 2111 1369 libris
2130 1312 2397 1369 Orellius:
2435 1311 2491 1363 in
2508 1304 2675 1363 libris¹

460 1406 566 1445 ser.
601 1392 620 1458 n
654 1396 704 1447 8.
747 1392 1060 1445 decertator
1094 1390 1154 1446 C.
1187 1420 1257 1433 —-
1284 1398 1541 1459 potestate
1575 1392 1648 1461 c,
1688 1394 1743 1447 in
1780 1394 1927 1447 libris
1962 1392 2069 1446 illis
2106 1390 2423 1445 Turnebus.
2458 1416 2528 1429 --
2554 1403 2655 1455 po·-

452 1484 508 1537 p.
537 1475 878 1538 quotcumque
913 1464 1260 1537 Stephanus:
1290 1467 1543 1537 potestati
1575 1472 1733 1524 tuisse
1758 1468 1821 1525 Ο.
1841 1500 1912 1511 -
1936 1470 2181 1539 cm'usque
2205 1469 2289 1522 rei
2301 1484 2363 1537 p.
2418 1463 2655 1534 Stepha-

455 1560 510 1613 p.
557 1545 914 1615 quodcumque
959 1543 1020 1600 Ο.
1068 1575 1140 1585 -
1183 1544 1538 1613 appeuamino
1574 1564 1707 1601 nus:
1743 1547 1953 1617 eiusque
1975 1547 2031 1607 in
2054 1562 2163 1613 rep.
2195 1542 2257 1599 Ο.
2276 1561 2473 1596 u-non
2499 1541 2651 1595 modo

456 1618 593 1675 BH:
629 1624 929 1691 affdlanto
957 1645 984 1674 ικ
1009 1621 1064 1675 A
1091 1622 1164 1693 (to
1184 1621 1244 1675 in
1261 1619 1416 1691 ras),
1445 1636 1537 1688 ap-
1575 1626 1791 1677 multum
1816 1622 1981 1677 codd.
2008 1622 2176 1677 dete:
2210 1639 2319 1675 non
2346 1620 2563 1672 multum
2588 1615 2653 1687 Ο,

452 1698 721 1766 pellantor
766 1697 893 1752 edd.
929 1728 1000 1739 --
1035 1700 1156 1752 ollis
1193 1696 1540 1766 Stephanus:
1575 1709 1669 1755 aut
1692 1718 1801 1754 mm
1826 1702 2043 1753 multum
2068 1714 2197 1752 oum
2222 1692 2509 1764 Madvigio
2529 1691 2599 1746 Τ.
2626 1694 2649 1761 fl

460 1773 574 1825 cius
595 1772 664 1839 B,
684 1796 710 1825 ια
727 1798 754 1825 ια
771 1790 835 1825 us
871 1773 985 1843 (vel
1009 1775 1096 1843 iis)
1133 1774 1242 1842 Al,
1279 1774 1360 1825 ius
1384 1769 1538 1825 Am.
1580 1782 1663 1829 13.
1698 1786 1755 1829 ut
1780 1777 2006 1845 disputes
2032 1772 2260 1827 Halmio
2306 1776 2533 1825 auctore
2571 1784 2657 1823 se·

459 1872 528 1887 ε·-
554 1851 755 1917 populo
792 1848 864 1917 Ο,
903 1851 1129 1919 populoi
1169 1846 1540 1917 Feldhuegel,
1577 1852 1736 1906 elusi.
1754 1882 1826 1893 —-
1842 1852 2119 1920 descriptio
2138 1849 2437 1919 C.--quod
2452 1845 2659 1913 facien-

451 1926 683 1993 populoe
704 1924 1038 1980 Buecheler.
1065 1926 1157 1994 119.
1189 1940 1346 1979 oenus
1371 1923 1540 1976 Lam·
1577 1930 1701 1981 dum
1733 1927 1835 1995 fuit
1870 1927 2037 1983 eiecit
2072 1925 2347 1981 Gruterus
2390 1940 2518 1979 eum
2556 1921 2658 1975 ali-

459 2000 655 2054 binus:
689 2018 816 2055 ones
833 2000 894 2057 Ο.
923 2032 996 2045 -·-
1030 2010 1193 2055 teneto
1229 2000 1539 2055 Manutius:
1579 2009 1717 2074 quot
1750 2003 2061 2073 codicibus,
2098 2018 2209 2073 ego
2242 2000 2463 2057 seclusi.
2491 2028 2562 2049 .--
2597 2000 2660 2051 de

460 2085 671 2129 tenuato
697 2076 762 2132 Ο.
777 2108 848 2119 -
873 2080 1254 2149 equitatumque
1278 2078 1370 2148 qui
1396 2084 1544 2145 reyat
1577 2081 1966 2150 magistratibus
1992 2079 2106 2135 del.
2134 2076 2415 2133 Halmius.
2434 2075 2656 2129 -Dio-

461 2149 732 2207 Orellius:
767 2156 1076 2225 aequitatem
1103 2170 1319 2225 cumque
1343 2154 1438 2223 qui
1459 2170 1541 2206 re·
1574 2176 1705 2227 gene
1730 2156 2055 2213 Turnebus:
2090 2156 2269 2209 Dione
2293 2153 2414 2208 CT.
2444 2154 2463 2222 ΙΙ
2488 2158 2569 2205 14.
2592 2150 2660 2204 ab

455 2238 548 2297 ραι
577 2226 638 2283 Ο.
666 2259 738 2269 -
761 2234 1000 2287 consules
1025 2233 1330 2301 magi-sterce
1355 2231 1548 2300 populi
1575 2236 1711 2288 hanc
1734 2234 1997 2302 familiam
2012 2233 2085 2301 A,
2112 2232 2183 2286 ab
2202 2233 2341 2285 hanc
2361 2229 2571 2298 familia
2587 2225 2661 2295 B,

460 2304 720 2377 Madvig:
755 2310 984 2362 consulis
1018 2310 1328 2378 magistet-ue
1355 2308 1548 2377 populi
1577 2313 1650 2364 ad
1681 2313 1817 2365 hanc
1849 2310 2111 2379 familiam
2144 2306 2480 2375 Lambinus,
2518 2306 2557 2373 †
2593 2304 2663 2357 ab

458 2380 546 2448 H,
581 2385 812 2437 consulis
839 2394 914 2441 est
938 2386 1346 2454 maqistratusue
1354 2385 1548 2454 populi
1576 2390 1674 2441 hac
1708 2387 1921 2457 familia
1955 2386 2025 2441 Τ.
2054 2416 2125 2427 -
2150 2386 2377 2457 otioque]
2416 2381 2659 2453 queodio-

457 2458 791 2514 AB.-nec
827 2472 1006 2515 escunt
1039 2477 1170 2515 nos:
1206 2470 1450 2517 nect-unt
1477 2458 1540 2529 Ο,
1577 2479 1675 2535 que
1702 2462 1853 2519 C.—
1879 2482 1987 2517 non
2022 2464 2193 2516 mirms
2226 2460 2409 2531 inO.fl
2440 2465 2519 2511 15.
2549 2457 2659 2510 illis

457 2553 568 2588 non
593 2537 1156 2609 escuntFeldhuegel,
1185 2556 1282 2592 nec
1297 2546 1450 2592 erunt
1469 2536 1538 2592 Τ.
1577 2549 1652 2595 est
1678 2543 1916 2611 placeret
1949 2558 2113 2593 unum
2138 2538 2201 2595 Ο.
2253 2538 2409 2592 Fort.
2446 2535 2576 2600 illis,
2611 2551 2662 2587 st

459 2640 529 2650 —
545 2630 604 2665 ec
629 2630 684 2665 se
700 2613 1018 2669 Buecheler
1045 2620 1104 2669 et
1130 2614 1380 2670 Vahlen:
1416 2616 1541 2669 haec
1569 2620 1811 2689 placeret
1844 2635 2020 2671 unum.
2058 2646 2128 2658 -
2163 2616 2355 2687 reliqui
2386 2616 2661 2683 placerent

459 2704 516 2741 se
531 2688 611 2758 A,
641 2706 732 2742 exe
754 2690 839 2757 H,
877 2709 942 2745 ex
961 2708 1016 2743 se
1029 2690 1096 2745 B.
1116 2722 1186 2732 —
1203 2694 1452 2746 comitatu
1479 2689 1539 2746 Ο.
1579 2694 1639 2750 Ο.
1660 2725 1731 2735 —-
1746 2696 1883 2763 reqt's
1910 2695 2047 2748 vitius
2066 2693 2192 2748 edd.
2216 2697 2348 2747 ante
2366 2687 2657 2743 Halmium

475 2792 532 2803 -
557 2765 752 2833 possiet
786 2766 1124 2822 Buecheler:
1153 2770 1360 2837 possint
1383 2767 1540 2836 AH2,
1580 2787 1799 2825 omnes:
1833 2772 2007 2840 reynis
2041 2772 2185 2824 uitiis
2208 2770 2285 2839 B,
2313 2767 2495 2837 requie
2521 2763 2662 2817 uitiis

455 2840 656 2908 possim
698 2840 860 2911 BH1,
911 2844 1077 2912 possit
1127 2843 1430 2899 Manutius.
1474 2874 1545 2883 -—
1578 2849 1658 2914 A,
1696 2848 1851 2916 reqiis
1884 2848 2021 2900 vitiis
2040 2847 2110 2901 Τ.
2150 2849 2171 2916 fl
2202 2854 2283 2901 16.
2318 2846 2457 2918 quod
2480 2842 2659 2910 fuerat

462 2918 721 2970 creauerit
737 2917 806 2985 B,
827 2920 1025 2971 creauit
1041 2918 1170 2973 ΑΗ.
1197 2949 1266 2960 -
1283 2937 1406 2972 suos
1424 2919 1543 2989 qui·
1581 2922 1895 2977 Manutius:
1931 2925 2070 2993 quod
2101 2924 2260 2991 fuerit
2287 2922 2347 2980 Ο.
2374 2924 2394 2994 ΙΙ
2433 2926 2515 2975 18.
2544 2934 2661 2973 cum

464 2991 596 3045 dam
630 2994 784 3062 apud
816 2992 1170 3049 Turnebum:
1206 3013 1389 3049 seruos
1411 2994 1541 3063 ΑΗ,
1579 3001 1783 3053 laudem
1794 3001 1929 3069 pede
1944 3018 2047 3053 uno
2068 2998 2377 3070 C.—quam
2394 3008 2470 3053 est
2487 3012 2659 3068 quem-

463 3086 650 3121 seruus
684 3068 750 3123 B.
781 3100 849 3109 —
883 3071 936 3123 ei
969 3070 1166 3123 tribuni
1197 3070 1450 3126 Vahlen:
1497 3081 1544 3125 et
1579 3093 1739 3145 quam
1757 3074 1817 3131 Ο.
1838 3107 1907 3118 -
1923 3078 1979 3131 in
2004 3078 2288 3132 hominibus
2314 3086 2363 3131 et
2386 3078 2481 3129 hoc
2508 3072 2569 3127 Ο.
2591 3102 2662 3115 —

463 3146 663 3199 tribuni
689 3144 750 3213 Ο,
780 3146 976 3199 tribuni
991 3145 1105 3199 alii.
1161 3146 1246 3202 cf.
1279 3148 1326 3217 §-
1349 3155 1399 3201 4.
1421 3176 1490 3187 —
1507 3149 1548 3201 ii
1579 3154 1691 3205 sim
1708 3162 2061 3222 procuratore
2089 3152 2151 3209 Ο.
2168 3184 2239 3195 --
2264 3154 2533 3207 videbatur
2558 3149 2660 3203 Er-

462 3220 570 3277 H2:
608 3224 664 3275 id
695 3222 826 3293 AB,
865 3224 920 3277 id
953 3226 1094 3293 quod
1125 3222 1224 3277 ΗΞ.
1263 3225 1286 3295 11
1343 3230 1424 3277 10.
1463 3234 1546 3278 ast
1581 3228 1820 3283 nestius:
1852 3232 2092 3283 uideatur
2127 3228 2188 3284 Ο.
2218 3260 2287 3272 --
2320 3230 2444 3283 melli
2474 3227 2663 3280 Labie-

461 3309 694 3369 potestas
722 3330 744 3340 -
765 3331 787 3341 -
813 3309 1061 3353 seruante
1079 3298 1426 3355 Buechelero
1447 3318 1543 3356 au·
1579 3322 1680 3359 nus
1699 3315 1762 3359 tr.
1783 3304 1995 3374 Moser,
2026 3307 2151 3359 milti
2163 3308 2203 3376 †
2220 3308 2345 3361 levis
2362 3315 2427 3359 tr.
2449 3303 2519 3356 T.
2539 3298 2553 3309 ‘
2574 3300 2663 3355 Cf.

466 3382 618 3430 etore
663 3376 774 3431 del.
817 3376 1095 3431 Halmius.
1129 3407 1200 3417 —-
1238 3379 1547 3446 prohibes-eit
1581 3381 2014 3451 §.24.—annum
2026 3381 2119 3449 Ο.Ιι
2148 3376 2659 3437 19.Seddel.Bake.

467 3451 814 3523 Stephanus:
834 3455 1071 3522 prohibet
1087 3472 1142 3508 se
1162 3453 1224 3524 Ο,
1241 3457 1547 3525 prohibes-eit
1591 3488 1647 3498 --
1687 3468 1763 3512 est
1794 3458 1903 3514 hoe
1946 3458 2071 3512 loco
2118 3456 2401 3513 Goerenz:
2448 3470 2553 3510 om.
2592 3453 2658 3522 Ο,

466 3539 678 3585 senatus
703 3533 943 3585 consulta
969 3530 1083 3587 alii.
1103 3563 1170 3573 -—
1197 3533 1415 3602 speciem
1442 3550 1546 3586 me-
1581 3544 1766 3589 nostra
1810 3544 1885 3589 est
1919 3533 2233 3590 Turnebus.
2270 3565 2341 3575 —-
2382 3534 2665 3587 recordare

466 3617 543 3659 sto
574 3604 634 3661 Ο.
665 3637 731 3647 -
762 3609 1111 3663 cosciscentur
1144 3609 1396 3665 Vahlen:
1435 3626 1546 3663 eos-
1583 3611 1646 3666 Ο.
1666 3642 1734 3653 —-
1751 3621 1965 3667 necatus
1983 3610 2272 3667 Puteanus
2290 3616 2351 3667 et
2363 3608 2411 3664 Ι.
2430 3608 2497 3662 F.
2519 3606 2662 3662 Gro-

469 3684 736 3737 cincentur
777 3686 858 3755 A,
905 3687 1287 3741 eoscicenturor
1328 3686 1405 3755 B,
1459 3703 1547 3741 eos
1583 3688 1805 3743 novius:
1860 3692 2059 3759 leyatus
2106 3687 2178 3757 Ο,
2225 3689 2493 3757 ableqatus
2534 3700 2662 3738 cum

471 3760 739 3829 cingentur
774 3761 855 3829 H,
892 3764 1278 3819 consciscentur
1315 3764 1442 3821 edd.
1478 3794 1549 3807 -
1581 3765 1803 3820 Aurato
1848 3765 1917 3819 T.
1958 3796 2023 3806 -
2066 3775 2279 3819 renatus
2323 3761 2661 3818 Lambinus:

471 3846 553 3889 ast
587 3837 711 3905 quid
743 3838 1052 3893 Manutius:
1091 3850 1184 3895 aut
1218 3843 1345 3912 quid
1383 3840 1454 3909 Ο,
1489 3851 1550 3895 ut
1581 3852 1739 3897 natus
1756 3841 2051 3913 C.-quid
2072 3841 2334 3913 Madvig:
2370 3857 2520 3911 quem
2536 3838 2661 3907 AB,

470 3913 596 3983 quid
610 3912 708 3979 ΑΞ,
737 3924 820 3967 ast
843 3917 893 3969 si
915 3918 1040 3986 quid
1057 3918 1461 3989 Wyttenbach.
1479 3948 1549 3960 —
1584 3936 1718 3990 quae
1734 3919 1849 3973 alii.
1873 3921 1894 3991 ΙΙ
1924 3926 2006 3974 20.
2025 3935 2251 3991 namque
2264 3918 2455 3973 Bake:
2494 3932 2665 3986 anque

472 3989 682 4043 coer-ari
713 4008 862 4045 cesus
896 3992 1239 4050 Taurellius:
1277 3997 1546 4051 coherario
1583 3995 1657 4064 Ο,
1684 4005 1839 4067 atque
1864 3996 1981 4050 alii.
1998 4026 2069 4037 --
2086 4005 2143 4049 ut
2169 4014 2268 4050 con
2294 3994 2561 4067 flaminius
2587 3992 2661 4060 A,

471 4084 590 4121 esus
611 4065 748 4135 BH,
777 4071 1084 4138 quoherario
1112 4092 1228 4127 esus
1254 4074 1333 4141 A,
1365 4092 1546 4129 coera-
1581 4083 1640 4127 ut
1666 4090 1783 4129 cum
1807 4072 2077 4145 flaminius
2101 4072 2169 4126 B.
2192 4104 2257 4113 —
2278 4072 2431 4127 liberi
2450 4069 2670 4141 gracchi

581 4154 798 4195 Ciceronis
815 4154 900 4198 vol.
919 4154 1030 4202 vm.
2162 4159 2197 4202 0
