3292 4559
733 289 860 353 120
1043 255 1047 260 ’
1124 338 1126 340 ,
1315 295 2172 358 ·M.TULL11>CIGERONIS

629 450 684 490 91
728 436 945 490 utrum
975 427 1204 508 poetae
1241 419 1492 488 Stoicos
1537 419 1946 506 depravarint
1980 443 2063 484 an
2100 417 2303 486 Stoici
2345 419 2553 506 poetis
2588 420 2826 488 dede-

728 519 856 584 rint
900 516 1370 593 auctoritatem,
1423 537 1553 581 non
1586 514 1774 582 facile
1812 515 2109 594 dixerim3
2161 524 2455 600 portenta
2489 515 2671 581 enim
2713 517 2823 582 ab

726 614 1011 696 utrisque
1058 623 1123 678 et
1165 610 1409 698 flagitia
1451 611 1767 677 dicuntur.
1862 632 2075 696 neque
2122 611 2321 689 enim,
2376 632 2571 695 quem
2612 613 2823 700 Hip-

725 706 1014 794 ponactis
1063 706 1314 771 iambus
1364 706 1638 772 laeserat
1678 717 1791 771 aut
1833 706 1945 790 qui
1989 715 2122 771 erat
2164 705 2535 772 Archilochi
2588 720 2815 772 versu

726 803 1120 878 volneratus,
1165 824 1205 865 a
1240 801 1360 866 deo
1403 800 1739 866 inmissum
1784 801 2067 866 dolorem
2080 849 2098 878 ,
2149 823 2281 866 non
2326 811 2715 888 conceptum
2759 825 2812 866 a

727 919 798 960 se
832 896 972 981 ipso
1009 895 1393 973 continebat,
1425 916 1566 972 nec,
1601 917 1753 960 cum
1786 894 2081 981 Aegisthi
2119 893 2449 960 libidinem
2484 905 2596 959 aut
2628 915 2808 960 cum

727 989 982 1056 Paridis
1017 988 1339 1064 videmus,
1385 1012 1424 1054 a
1460 989 1579 1054 deo
1617 1011 1879 1054 causam
1910 988 2322 1072 requirimus,
2370 1010 2517 1054 cum
2550 989 2809 1074 culpae

726 1106 930 1169 paene
959 1103 1182 1148 vocem
1217 1083 1571 1162 audiamus,
1608 1105 1729 1148 nec
1764 1105 1885 1169 ego
1920 1083 2267 1147 multorum
2302 1104 2642 1169 aegrorum
2682 1105 2805 1148 sa·

726 1178 928 1242 lutem
979 1199 1110 1242 non
1162 1176 1248 1241 ab
1298 1176 1695 1262 Hippocrate
1747 1176 1959 1262 potius
2010 1197 2205 1260 quam
2257 1176 2341 1241 ab
2385 1177 2805 1262 Aesculapio

729 1273 944 1338 datam
987 1271 1231 1347 iudico,
1281 1293 1404 1336 nec
1438 1271 2097 1336 Lacedaemoniorum
2133 1271 2533 1356 disciplinam
2568 1271 2801 1336 dicam

727 1386 1034 1450 umquam
1085 1364 1168 1429 ab
1213 1364 1516 1449 Apolline
1565 1365 1777 1450 potius
1826 1362 2097 1451 Spartae
2148 1386 2341 1448 quam
2386 1387 2426 1429 a
2468 1364 2800 1450 Lycurgo

729 1458 964 1522 datam.
1017 1454 1365 1536 Critolaus,
1400 1459 1685 1542 inquam,
1720 1459 1951 1524 evertit
1986 1456 2389 1536 Corinthum,
2426 1458 2797 1545 Karthagi-

649 1633 651 1635 .
726 1574 876 1616 nem
927 1551 1318 1616 Hasdrubal.
1431 1551 1498 1617 hi
1551 1553 1679 1617 duo
1730 1553 1872 1618 illos
1927 1553 2145 1618 oculos
2198 1573 2347 1618 orae
2398 1553 2795 1620 maritumae

654 1699 670 1718 .
729 1646 1118 1723 effoderunt,
1168 1668 1300 1710 non
1333 1646 1532 1711 iratus
1569 1647 1793 1730 aliqui,
1846 1668 2040 1732 quem
2074 1647 2331 1710 omnino
2365 1646 2553 1711 irasci
2586 1669 2789 1733 posse

625 1742 693 1796 39
727 1739 1006 1828 negatis,
1060 1740 1238 1805 deus.
1327 1751 1394 1806 at
1438 1741 1778 1806 subvenire
1820 1752 1991 1807 certe
2042 1741 2250 1826 potuit
2290 1751 2359 1806 et
2402 1761 2787 1806 conservare

633 1815 684 1854 ⁹²
727 1836 902 1899 urbis
937 1845 1146 1899 tantas
1183 1845 1375 1919 atque
1409 1835 1572 1900 talis.
1625 1857 1742 1900 vos
1770 1837 1941 1901 enim
1974 1835 2098 1921 ipsi
2126 1835 2335 1902 dicere
2370 1833 2583 1900 soletis
2618 1835 2783 1899 nihil

729 1951 868 1994 esse
901 1929 1077 2012 quod
1111 1929 1270 1994 deus
1299 1929 1552 1995 efficere
1583 1951 1717 1994 non
1749 1931 1968 2016 possit,
2004 1940 2067 1995 et
2093 1927 2353 2014 quidem
2388 1929 2524 1994 sine
2557 1929 2781 1996 labore

727 2025 886 2090 ullo:
921 2033 996 2088 ut
1031 2022 1202 2090 enim
1236 2022 1568 2089 hominum
1599 2024 1891 2090 membra
1922 2025 2100 2090 nulla
2126 2023 2529 2089 contentione
2562 2033 2777 2088 mente

726 2119 868 2203 ipsa
901 2139 978 2184 ac
1021 2119 1348 2184 voluntate
1382 2130 1787 2196 moveantur,
1834 2116 1927 2184 sic
1958 2119 2218 2185 numine
2262 2119 2528 2184 deorum
2562 2118 2778 2182 omnia

726 2211 915 2297 fingi,
957 2211 1202 2277 moveri
1246 2211 1608 2296 mutarique
1655 2233 1863 2297 posse.
1950 2234 2161 2295 neque
2194 2211 2263 2276 id
2306 2210 2517 2276 dicitis
2554 2233 2775 2296 super-

727 2304 970 2370 stitiose
1014 2315 1208 2388 atque
1243 2305 1519 2381 aniliter,
1565 2305 1678 2370 sed
1723 2304 1989 2390 physica
2024 2306 2463 2388 constantique
2496 2304 2769 2370 ratione=

727 2399 1060 2462 materiam
1094 2397 1263 2463 enim
1288 2421 1522 2474 rerum,
1559 2420 1641 2462 ex
1658 2418 1787 2482 qua
1814 2409 1879 2463 et
1904 2399 1973 2462 in
1997 2419 2129 2481 qua
2154 2399 2367 2463 omnia
2393 2398 2537 2474 sint,
2574 2407 2771 2464 totam

727 2513 866 2556 esse
901 2490 1244 2558 flexibilem
1271 2501 1337 2557 et
1363 2490 1897 2567 commutabilem,
1932 2501 2008 2555 ut
2038 2491 2196 2557 nihil
2222 2493 2304 2557 sit
2329 2493 2498 2577 quod
2530 2513 2661 2556 non
2689 2513 2771 2556 ex

727 2606 805 2649 ea
843 2585 1138 2668 quamvis
1170 2584 1398 2651 subito
1438 2584 1596 2670 fingi
1641 2585 2050 2668 convertique
2085 2587 2295 2670 possit
2302 2611 2321 2664 3
2374 2586 2513 2652 eius
2556 2596 2767 2652 autem
2874 2601 2877 2604 ’

663 2757 668 2762 q
725 2677 1060 2744 universae
1094 2679 1401 2744 fictricem
1434 2688 1500 2742 et
1541 2678 2025 2744 moderatricem
2060 2679 2343 2744 divinam
2376 2701 2517 2744 esse
2558 2679 2767 2764 provi-

727 2773 1034 2839 dentiam:
1097 2773 1262 2837 hanc
1313 2771 1536 2856 igitur,
1599 2791 2003 2856 quocumque
2054 2795 2123 2840 se
2174 2782 2456 2850 moveat,
2519 2773 2762 2838 efficere

725 2889 912 2951 posse
957 2863 1263 2950 quicquid
1308 2863 1480 2928 velit.
1568 2863 1783 2949 itaque
1830 2877 1939 2931 aut
1972 2868 2175 2932 nescit
2218 2867 2374 2950 quid
2416 2867 2618 2952 possit
2659 2877 2761 2930 aut

723 2959 1009 3043 neglegit
1047 2981 1148 3022 res
1199 2957 1511 3022 humanas
1557 2969 1670 3022 aut
1710 2959 1867 3043 quid
1909 2960 1993 3024 sit
2036 2961 2345 3045 optimum
2387 2981 2519 3024 non
2561 2969 2761 3046 potest

627 3071 679 3112 ss
720 3051 1021 3116 iudicare.
1093 3055 1251 3114 ‘non
1285 3062 1466 3116 curat
1497 3052 1785 3136 singulos
1819 3052 2145 3124 homines.,’
2213 3076 2347 3118 non
2380 3054 2644 3118 mirumt
2686 3075 2762 3117 ne

725 3145 1012 3210 civitates
1047 3144 1326 3228 quidem.
1379 3167 1512 3210 non
1545 3147 1693 3211 eas?
1725 3169 1808 3214 ne
1840 3147 2129 3212 nationes
2156 3148 2417 3232 quidem
2442 3157 2508 3212 et
2540 3146 2759 3232 gentis.

725 3237 899 3324 quod
933 3240 987 3304 si
1031 3239 1148 3304 bas
1193 3240 1385 3306 etiam
1427 3251 1818 3318 contemnet,
1873 3241 2029 3325 quid
2062 3241 2295 3306 mirum
2330 3251 2427 3306 est
2460 3262 2650 3306 omne
2683 3240 2758 3306 ab

723 3355 802 3398 ea
851 3355 1056 3420 genus
1105 3333 1456 3398 humanum
1508 3356 1647 3399 esse
1700 3335 2173 3420 contemptum?
2233 3334 2345 3400 sed
2396 3355 2525 3418 quo
2576 3333 2759 3398 modo
2811 3403 2821 3413 ⁴

721 3426 895 3493 idem
929 3427 1136 3493 dicitis
1177 3447 1308 3492 non
1341 3427 1558 3492 omnia
1597 3427 1753 3492 deos
1787 3427 2114 3513 persequi,
2158 3427 2331 3492 idem
2372 3427 2561 3492 voltis
2597 3450 2637 3492 a
2669 3426 2759 3491 dis

720 3519 1163 3586 inmortalibus
1205 3520 1569 3587 hominibus
1613 3519 1930 3604 dispertiri
1976 3542 2053 3585 ac
2095 3517 2295 3585 dividi
2336 3520 2623 3586 somnia?
2668 3519 2754 3584 id-

722 3612 890 3679 circo
924 3615 1084 3680 haec
1116 3625 1358 3691 tecum,
1404 3613 1554 3697 quia
1587 3623 1800 3678 vestra
1833 3623 1931 3678 est
1964 3613 2044 3678 de
2078 3614 2467 3678 somniorum
2500 3611 2753 3680 veritate

723 3708 1296 3790 sententiamque
1328 3707 1501 3772 idem
1527 3706 1721 3772 etiam
1747 3717 1899 3772 vota
1932 3706 2167 3791 suscipi
2202 3706 2410 3771 dicitis
2444 3716 2751 3791 oportere.

720 3821 952 3884 nempe
987 3799 1222 3887 singuli
1255 3811 1520 3876 vovent3
1557 3799 1737 3864 audit
1769 3800 1965 3886 igitur
1996 3821 2176 3864 mens
2213 3801 2429 3866 divina
2462 3800 2651 3866 etiam
2676 3799 2749 3865 de

723 3890 1009 3976 singulis.
1063 3892 1292 3958 videtis
1328 3915 1481 3980 ergo
1510 3914 1639 3958 non
1666 3915 1805 3960 esse
1832 3915 1975 3958 eam
2008 3903 2140 3958 tam
2166 3904 2561 3980 occupatam
2570 3909 2751 3977 qua’m

721 3984 1062 4067 putabatis.
1125 3985 1232 4052 fac
1265 4010 1402 4053 esse
1439 3985 1797 4065 distentam,
1832 3988 2081 4052 caelum
2113 3999 2492 4064 versantem,
2528 3998 2749 4054 terram

721 4085 1034 4158 tuentem,
1085 4079 1288 4146 maria
1321 4081 1785 4147 moderantem.
1838 4103 1954 4146 cur
1987 4063 2118 4145 t'am
2150 4080 2385 4146 multos
2420 4079 2573 4146 deos
2605 4078 2749 4145 nihil
