3292 4559
992 221 1097 275 DE
1130 221 1232 278 RE
1263 221 1608 302 rUBLIGA
1641 221 1718 277 11
1757 221 2000 278 46-—52
2261 212 2266 222 ’
2384 197 2528 292 '193

997 342 1471 430 [Desiderantur
1494 348 1770 432 paqinae
1807 342 2010 430 duae-J

595 443 629 475 *
668 441 702 476 *
741 439 775 473 *
812 440 1135 526 Lycur-qus
1178 444 1489 526 γέροντας
1524 440 2034 524 Lalcedaemone
2080 463 2193 526 ap-
2251 438 2340 526 [p.
2383 419 2596 530 135}

456 535 757 622 pellavit,
812 533 1001 598 nimis
1052 534 1107 598 is
1161 534 1423 617 quidem
1476 555 1748 620 paucos,
1813 557 2023 600 xxvm.
2009 582 2054 612 .,
2119 556 2280 619 quos
2332 493 2594 621 penes5

461 651 785 694 summam
829 609 1074 693 consilii
1120 629 1323 693 voluit
1370 652 1539 705 esse,
1586 651 1734 694 cum
1781 629 2030 715 imperii
2067 651 2386 694 summam
2417 651 2532 694 rex

460 733 737 789 teneret:
792 745 872 787 ex
918 743 1045 806 quo
1089 722 1287 787 nostri
1331 723 1501 787 idem
1544 723 1706 789 illud
1753 724 1954 788 secuti
1997 734 2188 806 atque
2222 723 2532 808 interpre-

458 817 610 894 tati,
666 837 828 900 quos
876 839 1058 880 senes
1102 816 1211 881 ille
1257 817 1633 902 appellavit,
1681 817 2172 883 nominaverunt
2215 828 2530 894 senatum,

459 922 534 975 ut
570 912 705 975 iam
740 910 1089 975 Romulum
1134 911 1424 994 patribus
1470 911 1652 975 lectis
1687 911 1917 976 fecisse
1956 910 2232 979 diximus
2245 935 2263 988 3
2318 921 2534 975 tamen

460 1005 721 1070 excellit
776 1015 970 1088 atque
1022 1005 1257 1068 eminet
1309 1006 1437 1080 vis,
1504 1016 1788 1090 potestas
1841 1027 2204 1089 nomenque
2259 1006 2530 1090 regium.

458 1099 703 1186 inperti
750 1099 945 1163 etiam
988 1099 1228 1184 populo
1273 1101 1607 1184 potestatis
1648 1098 1656 1185 Ι
1697 1101 1970 1184 aliquid,
2014 1110 2088 1165 ut
2133 1111 2196 1165 et
2250 1098 2344 1185 [p.
2385 1099 2530 1162 136.

462 1194 818 1278 Lycurgus
865 1203 925 1257 et
973 1193 1319 1258 Romulus:
1374 1213 1503 1256 non
1548 1194 1798 1258 satiaris
1853 1217 2002 1260 eum
2045 1193 2368 1270 libertate,
2419 1193 2533 1257 sed

460 1289 827 1354 incenderis
880 1287 1226 1372 cupiditate
1278 1288 1618 1364 libertatis,
1675 1312 1822 1354 cum
1879 1301 2130 1354 tantum
2182 1289 2372 1354 modo
2417 1309 2539 1374 po-1

462 1394 766 1450 testatem
816 1381 1119 1466 gustandi
1176 1381 1423 1447 feceris.
1522 1382 1632 1448 ille
1687 1384 1949 1466 quidem
2005 1407 2258 1470 semper
2308 1383 2534 1468 inpen-

462 1477 646 1543 debit
691 1476 883 1541 timor
924 1499 1007 1541 ne
1042 1498 1185 1552 rex,
1236 1477 1409 1560 quod
1442 1477 1822 1562 plerumque
1860 1478 2100 1556 evenit,
2138 1479 2402 1544 exsistat
2434 1477 2533 1542 in-

459 1573 715 1637 iustus..
760 1583 856 1636 est
889 1570 1087 1656 igitur
1119 1570 1366 1657 fragilis
1403 1595 1480 1637 ea
1507 1571 1766 1638 fortuna
1794 1573 2034 1659 populi,
2073 1595 2237 1657 quae
2264 1573 2534 1658 positast

462 1668 529 1731 in
566 1666 782 1741 unius„
819 1675 889 1728 ut
925 1663 1058 1728 dixi
1098 1677 1306 1742 antea,
1345 1666 1674 1731 voluntate
1709 1667 1813 1730 vel
1849 1666 2154 1733 moribus.

600 1759 753 1842 Qua
816 1782 885 1825 re
936 1759 1144 1845 prima
1198 1761 1282 1825 sit
1334 1760 1495 1825 haec
1547 1761 1757 1826 forma
1809 1771 1874 1826 et
1939 1762 2183 1847 species
2237 1771 2300 1826 et
2352 1760 2532 1845 origo
2566 1735 2634 1846 ἒξ)

461 1854 771 1942 ῒγὶηιῐιῃὶ,
820 1855 1081 1919 inventa
1123 1855 1311 1920 nobis
1357 1856 1422 1920 in
1460 1877 1537 1921 ea
1570 1880 1642 1922 re
1677 1857 1964 1942 publica,
2011 1880 2206 1941 quam
2254 1853 2344 1942 [p.
2385 1855 2530 1920 189.
2609 1871 2614 1880 ²

463 1950 799 2034 auspicato
833 1948 1148 2014 Romulus
1186 1949 1561 2028 condiderit,
1598 1972 1730 2014 non
1764 1951 1831 2015 in
1866 1951 1994 2027 illa,
2031 1973 2248 2034 quam,
2284 1962 2357 2015 ut
2389 1973 2534 2036 per-

464 2043 723 2129 scripsit
757 2042 968 2120 Plato,
1007 2043 1129 2108 sibi
1162 2044 1302 2130 ipse
1342 2041 1641 2110 Socrates
1678 2045 2108 2131 Peripatetico
2155 2045 2265 2109 illo
2299 2045 2366 2108 in
2403 2067 2535 2109 ser-

464 2162 660 2204 mone
697 2139 1083 2223 depinxerit3
1138 2150 1239 2216 ut,
1286 2161 1479 2223 quem
1518 2141 1600 2205 ad
1638 2142 1902 2210 modum
1937 2140 2356 2226 Tarquinius,
2403 2163 2534 2204 non

462 2255 704 2300 novam
752 2244 1135 2319 potestatem
1179 2245 1479 2312 nanctus,
1524 2236 1640 2300 sed
1677 2258 1871 2319 quam
1915 2236 2196 2300 habebat
2240 2257 2394 2300 usus
2437 2234 2535 2298 in-

463 2331 635 2394 iuste
680 2338 884 2406 totum
928 2349 1133 2414 genus
1181 2329 1303 2394 hoc
1337 2330 1553 2416 regiae
1592 2329 1864 2394 civitatis
1900 2329 2225 2406 everterit,
2271 2329 2352 2394 sit
2384 2328 2536 2392 huie

466 2421 801 2508 oppositus
854 2422 1042 2500 alter,
1098 2423 1305 2487 bonus
1362 2435 1423 2489 et
1472 2422 1481 2508 Ι
1530 2425 1784 2510 sapiens
1841 2435 1904 2488 et
1957 2424 2200 2510 peritus
2255 2421 2348 2509 [p.
2389 2422 2534 2488 190.

468 2516 758 2582 utilitatis
812 2516 1267 2601 dignitatisque
1316 2519 1547 2596 civilis,
1596 2519 1784 2602 quasi
1836 2530 2011 2584 tutor
2055 2529 2120 2583 et
2163 2527 2537 2603 procurator

464 2611 562 2676 rei
606 2610 905 2695 publicae
916 2635 935 2688 3
980 2611 1075 2675 sic
1110 2612 1281 2676 enim
1316 2614 1704 2700 appelletur,
1753 2614 2142 2697 quicumque
2179 2612 2298 2678 erit
2330 2624 2538 2677 rector

468 2720 533 2770 et
577 2704 975 2790 gubernator
1020 2704 1314 2771 civitatis.
1404 2728 1597 2790 quem
1642 2707 1851 2772 virum
1891 2707 2084 2772 facite
2118 2716 2192 2770 ut
2228 2726 2538 2790 agnosca-

468 2800 579 2875 tis3
620 2809 717 2864 est
752 2799 921 2863 enim
960 2799 1073 2882 qui
1111 2800 1374 2865 consilio
1413 2811 1476 2864 et
1513 2821 1710 2884 opera
1743 2800 2071 2864 civitatem
2105 2798 2269 2863 tueri
2305 2807 2535 2882 potest.

470 2893 650 2978 quod
692 2893 994 2976 quoniam
1038 2916 1275 2959 nomen
1320 2893 1532 2958 minus
1580 2903 1678 2957 est
1723 2893 1936 2957 adhuc
1979 2892 2202 2956 tritum
2247 2912 2539 2956 sermone

468 2999 689 3053 nostro
736 2986 1121 3072 saepiusque
1156 3009 1362 3074 genus
1400 2987 1537 3052 eius
1574 2986 1850 3050 hominis
1890 2987 2007 3051 erit
2040 2985 2110 3049 in
2144 2985 2389 3070 reliqua
2423 3005 2539 3049 no-

470 3083 572 3147 bis
610 3081 895 3146 oratione
931 3086 1327 3147 tractandum
1364 3081 1399 3117 ⁴*
1436 3082 1471 3117 *
1508 3082 1543 3117 *

926 3172 1405 3260 [Desiderantur
1428 3178 1704 3284 paginae
1739 3171 2098 3260 duodecim]

603 3271 640 3304 *
674 3269 711 3304 *
746 3270 783 3306 *
820 3269 1070 3354 divilsas
1106 3268 1441 3353 requisivit
1478 3269 1948 3350 civitatemque,
1985 3277 2209 3352 optan-
2257 3266 2350 3353 [p.
2392 3267 2535 3330 187.
2573 3255 2643 3366 ᾗ)

473 3364 625 3428 dam
660 3362 867 3448 magis
905 3385 1097 3447 quam
1136 3363 1539 3449 sperandam,
1576 3385 1771 3447 quam
1798 3362 2126 3425 minimam
2155 3362 2381 3445 potuit,
2411 3383 2540 3424 non

470 3480 642 3541 quae
686 3468 901 3542 posset
947 3479 1116 3534 esse,
1169 3457 1343 3522 sed
1326 3480 1392 3521 1n
1436 3479 1566 3540 qua
1611 3457 1772 3520 ratio
1817 3477 2030 3520 rerum
2075 3454 2354 3518 civilium
2397 3474 2541 3537 per-

472 3551 636 3638 spici
671 3563 906 3636 posset‚
944 3550 1177 3616 effecit.
1258 3573 1381 3638 ego
1416 3563 1654 3626 autem,
1689 3551 1746 3614 si
1787 3547 1970 3636 [quo]
2010 3548 2201 3612 modo
2238 3546 2542 3629 consequi

472 3657 767 3732 potuero,
794 3645 1155 3710 'rationibus
1192 3646 1451 3721 eisdem,
1490 3667 1651 3729 quas
1686 3644 1794 3708 ille
1828 3643 2010 3721 vidit,
2047 3664 2176 3707 non
2210 3642 2276 3705 in
2313 3639 2546 3704 umbra

476 3754 542 3807 et
576 3740 861 3824 imagine
897 3739 1201 3817 civitatis,
1238 3741 1352 3804 sed
1387 3740 1454 3803 in
1490 3737 1884 3824 amplissima
1919 3760 1989 3803 re
2025 3736 2284 3822 publica
2319 3735 2542 3809 enitar,

474 3848 552 3900 ut
607 3835 919 3919 cuiusque
975 3846 1039 3901 et
1090 3834 1241 3900 boni
1294 3833 1536 3921 publici
1590 3844 1656 3898 et
1710 3832 1862 3898 mali
1908 3854 2168 3897 causam
2213 3841 2545 3912 tamquam

472 3929 735 4016 virgula
777 3929 998 3996 videar
1044 3929 1375 4015 attingere.
1424 3926 1435 4014 Ι
1480 3928 1559 3993 iis
1605 3929 1776 3993 enim
1819 3926 2012 4013 regiis
2056 3948 2216 4009 qua·
2262 3924 2355 4034 [p.
2398 3924 2543 3988 188.

474 4023 781 4109 draginta
835 4026 1017 4090 annis
1072 4036 1135 4090 et
1192 4023 1480 4090 ducentis
1535 4023 1730 4109 paulo
1779 4043 1924 4086 cum
1977 4019 2354 4105 interregnis
2409 4019 2546 4084 fere

586 4124 783 4168 ciceroni
827 4127 905 4170 v.ol
929 4125 1034 4169 VIII.
2106 4121 2173 4174 13
