3292 4559
971 230 1055 294 6ss
1581 234 1659 289 M.
1697 232 1970 290 TULLII
2004 230 2408 289 CICERONIS

971 363 1257 474 quidem,
1293 359 1409 427 sed
1442 368 1815 446 perceptum
1850 357 1977 422 iam
2012 367 2231 422 tamen
2266 378 2388 421 usu
2424 378 2465 421 a
2497 356 2759 435 nostris3
2806 358 3033 425 tritum

971 470 1063 522 est
1099 459 1268 525 enim
1301 478 1419 543 pro
1452 455 1710 519 Latino.
1799 451 1971 517 hunc
2008 473 2229 516 rursus
2266 451 2719 536 amplectitur
2700 475 3033 520 inmensus

971 668 1225 730 quoque
1261 643 1528 710 verbum
1565 641 1939 724 dicaturque
1977 650 2107 705 tam
2142 637 2364 703 aether
2398 638 2661 715 Latine,
2697 660 2893 724 quam
2932 642 3035 705 di-

975 742 1136 806 citnr
1170 745 1298 817 a‘e'r‚
1334 737 1449 803 etsi
1484 737 1939 821 interpretatur
1969 732 2328 798 Pacuvius:

1100 833 1251 910 hoc,
1306 830 1477 917 quod
1522 850 1838 906 memoro,
1889 827 2091 892 nostri
2136 828 2414 904 caelum,
2463 824 2648 892 Graii
2691 827 3034 912 perhibent

1825 921 2114 988 aethera:

971 1021 1154 1102 quasi
1188 1041 1340 1086 vero
1375 1041 1507 1084 non
1544 1016 1785 1085 Graius
1820 1017 1944 1082 hoc
1979 1016 2171 1082 dicat.
2243 1026 2309 1080 at
2341 1013 2580 1080 Latine
2614 1015 2913 1098 loquitur.
2974 1017 3034 1081 si

971 1114 1227 1198 quidem
1261 1135 1378 1177 nos
1411 1133 1543 1177 non
1578 1111 1762 1196 quasi
1802 1108 2053 1177 Graece
2086 1111 2454 1194 loquentem
2488 1109 2844 1176 audiamus.
2916 1108 3037 1175 do-

975 1222 1075 1274 cet
1105 1208 1277 1273 idem
1313 1206 1436 1271 alio
1468 1206 1642 1271 loco:

1103 1300 1479 1385 Graiugena
1515 1299 1596 1366 de
1630 1300 1793 1364 istoc
1829 1298 2033 1384 aperit
2066 1298 2207 1384 ipsa
2241 1297 2462 1363 oratic.

879 1426 927 1462 (ιε
977 1398 1091 1461 scd
1123 1396 1209 1460 ad
1243 1395 1485 1459 maiora
1516 1393 1874 1458 redeamus.
1961 1416 2045 1458 ex
2078 1392 2335 1458 aethere
2369 1391 2566 1477 igitur
2599 1392 3034 1458 innumerabi-

975 1494 1067 1554 lss
1101 1491 1396 1554 flammae
1444 1487 1724 1552 siderum
1758 1486 2099 1564 exsistunt,
2143 1507 2418 1570 quorum
2453 1497 2549 1553 est
2583 1486 2877 1573 princeps
2913 1487 3032 1563 sol,

975 1610 1011 1646 [ι
1019 1584 1189 1650 mnia
1223 1583 1571 1647 clarissima
1603 1582 1758 1647 luce
1783 1581 2209 1656 conlustrans,
2254 1580 2471 1645 multis
2505 1580 2793 1666 partibus
2828 1580 3033 1645 maior

979 1693 1167 1762 atque
1205 1677 1474 1762 amplior
1501 1698 1697 1760 quam
1731 1687 1900 1741 terra
1930 1674 2259 1751 universa3
2297 1673 2527 1741 deinde
2551 1674 2798 1759 reliqua
2822 1674 3034 1740 sidera

979 1771 1522 1856 magnitudinibus
1569 1770 1892 1835 inmensis.
1981 1780 2175 1853 atque
2218 1767 2287 1833 hi
2337 1769 2500 1833 tanti
2526 1768 2725 1854 'ignes
2771 1778 3031 1853 tamque

976 1866 1156 1929 multi
1191 1886 1320 1930 non
1354 1865 1545 1930 modo
1581 1864 1741 1930 nihil
1774 1874 2011 1952 nocent
2039 1862 2225 1928 terris
2251 1861 2571 1946 rebusque
2605 1862 3033 1942 terrestribus,

979 1962 1091 2022 sed
1122 1960 1538 2044 itaprosunt,
1584 1969 1689 2034 ut,
1734 1958 1789 2023 si
1822 1969 1999 2024 mota
2029 1958 2173 2022 loco
2210 1956 2366 2034 sint,
2403 1957 2796 2044 conflagrare
2832 1968 3034 2023 terras

979 2074 1232 2119 necesse
1261 2054 1339 2117 sit
1367 2077 1408 2118 a
1433 2054 1626 2118 tantis
1656 2053 1990 2118 ardoribus
2019 2051 2451 2117 moderatione
2480 2061 2545 2116 et
2579 2051 3037 2137 temperatione

979 2149 1247 2210 sublata.

875 2247 943 2298 :iris
1105 2240 1236 2304 Hic
1271 2262 1392 2336 ego
1436 2262 1562 2304 non
1611 2241 1807 2306 mirer
1841 2263 1979 2307 esse
2015 2261 2434 2326 quemquam,
2471 2240 2582 2324 qui
2617 2239 2734 2305 sibi
2772 2262 3041 2326 persua-

911 2322 1125 2398 {leat
1160 2355 1426 2418 corpora
1469 2335 1783 2416 quaedam
1826 2332 2031 2400 solida
2076 2346 2271 2418 atque
2315 2331 2645 2400 individua
2680 2334 2746 2399 vi
2790 2345 2854 2399 et
2886 2358 3041 2420 gra-

983 2453 1019 2490 ι
1024 2430 1174 2492 itate
1209 2426 1361 2492 ferri
1393 2426 1832 2510 mundumque
1868 2428 2039 2493 effici
2074 2428 2545 2494 ornatissimum
2581 2440 2645 2494 et
2678 2428 3038 2515 pulcherri-

983 2545 1157 2586 mum
1192 2543 1271 2586 ex
1308 2543 1528 2586 eorum
1564 2543 1903 2607 corporum
1937 2525 2349 2589 concursione
2396 2522 2698 2588 fortuita?
2766 2524 2887 2589 hoc
2922 2525 3038 2607 qui

983 2615 1295 2682 existimet
1319 2616 1455 2680 fieri
1481 2616 1787 2702 potuisse,
1823 2638 1952 2682 non
1979 2617 2299 2705 intellegO,
2337 2641 2452 2685 cur
2478 2641 2609 2684 non
2633 2619 2805 2685 idem
2829 2631 3040 2705 putet,

979 2714 1031 2774 fii
1079 2710 1570 2776 innumerabiles
1615 2710 1806 2775 unius
1852 2722 1915 2776 et
1969 2711 2190 2798 viginti
2246 2713 2491 2778 formae
2535 2714 2885 2778 litterarum
2928 2714 3039 2778 vel

979 2828 1208 2870 aureae
1245 2804 1348 2870 vel
1395 2804 1617 2887 quales
1662 2804 1817 2869 libet
1852 2806 2067 2888 aliquo
2104 2807 2478 2884 coiciantur,
2514 2829 2702 2892 posse
2738 2831 2820 2872 ex
2852 2806 2929 2871 iis
2967 2807 3039 2871 in

983 2912 1213 2962 terram
1259 2898 1544 2962 excussis
1591 2899 1849 2964 annales
1888 2898 2112 2977 Ennii,
2151 2911 2221 2965 ut
2269 2900 2569 2986 deinceps
2603 2901 2733 2989 legi
2766 2900 3040 2987 possint,

984 2990 1178 3068 efficig
1231 2990 1406 3074 quod
1453 2993 1668 3056 nescio
1722 3017 1805 3058 an
1854 3017 1937 3058 ne
1988 2993 2057 3057 in
2106 3015 2236 3059 uno
2280 2994 2539 3077 quidem
2591 3017 2781 3059 versu
2832 2995 3040 3081 possit

888 3110 939 3146 si
987 3093 1231 3150 tantum
1267 3085 1476 3152 valere
1512 3085 1789 3152 fortuna.
1876 3087 1984 3152 isti
2020 3099 2233 3154 autem
2269 3109 2461 3172 quem
2496 3088 2579 3152 ad
2621 3089 2885 3154 modum
2920 3090 3047 3153 ad-

983 3189 1290 3255 severant,
1327 3202 1408 3244 ex
1443 3182 1833 3266 corpusculis
1868 3203 1997 3246 non
2033 3184 2263 3260 colore,
2298 3203 2430 3247 non
2464 3183 2771 3266 qualitate
2798 3182 3049 3267 aliqua,

987 3294 1176 3354 quam
1213 3269 1538 3360 ποιότητα
1574 3273 1813 3341 Graeci
1846 3287 2110 3353 vocant,
2145 3299 2277 3341 non
2311 3298 2504 3341 sensu
2536 3275 2870 3362 praeditis,
2920 3276 3054 3342 sed

983 3369 1498 3434 concurrentibus
1550 3382 1785 3437 temere
1840 3381 2029 3454 atque
2084 3393 2239 3437 casu
2281 3370 2592 3435 mundum
2636 3393 2777 3436 esse
2821 3370 3051 3456 perfe-

980 3479 1180 3540 ctum,
1234 3464 1336 3529 vel
1369 3465 1847 3531 innumerabilis
1892 3466 2105 3552 potius
2140 3462 2202 3530 in
2240 3466 2413 3530 omni
2456 3476 2695 3551 puncto
2732 3464 3051 3551 temporis

983 3558 1134 3623 alios
1170 3559 1367 3636 nasci,
1403 3560 1560 3625 alios
1583 3561 1880 3625 interire?
1916 3561 2089 3643 quod
2116 3560 2169 3625 si
2196 3560 2509 3625 mundum
2536 3559 2789 3625 efficere
2824 3568 3051 3644 potest

983 3676 1321 3741 concursus
1367 3666 1755 3732 atomorum,
1810 3677 1924 3719 cur
1966 3656 2315 3742 porticum,
2367 3675 2482 3720 cur
2524 3655 2864 3740 templum,
2920 3669 3052 3717 cur·

983 3750 1259 3827 domum,
1295 3770 1411 3812 cur
1437 3749 1667 3814 urbem
1699 3770 1829 3812 non
1861 3749 2109 3833 potest?
2143 3770 2309 3833 quae
2344 3759 2493 3813 sunt
2526 3748 2736 3812 minus
2766 3767 3052 3832 operosa.

987 3934 1307 4010 effutiunt,
1359 3947 1434 4000 ut
1473 3936 1630 4000 mihi
1675 3935 1933 4018 quidem
1975 3959 2328 4020 numquam
2379 3934 2550 4001 hunc
2594 3934 3048 4000 admirabilem

987 4027 1146 4091 caeli
1188 4039 1511 4107 ornatum,
1556 4028 1669 4114 qui
1710 4030 1887 4096 locus
1923 4040 2020 4096 est
2051 4031 2410 4116 proximus,
2455 4029 2837 4116 suspexisse*
2854 4021 3059 4099 vide-
3173 4067 3175 4105 ÷

983 3854 1047 3906 st
1079 3844 1276 3906 multo
1315 3843 1575 3925 quidem
1614 3838 1982 3929 [faciliora]
2071 3855 2241 3909 certe
2276 3843 2367 3908 ita
2400 3854 2639 3909 temere
2676 3842 2757 3906 de
2791 3840 3057 3904 mundo·
3173 3866 3175 3876 ·
