3292 4559
661 702 713 743 58

662 1453 712 1493 59

759 258 846 325 20
1206 304 1213 312 -
1262 226 1268 233 ⁴
1376 271 1453 327 M.
1493 270 1768 329 TULLII
1790 242 2206 328 ‘CICERONIS

758 396 1027 462 fortasse
1056 394 1507 481 respondeam3
1545 417 1838 480 quaeras,
1866 405 2170 480 putemne
2197 393 2392 461 talem
2417 396 2578 474 esse,
2607 398 2828 480 qualis

757 490 950 558 modo
984 514 1025 555 a
1059 503 1125 557 te
1172 491 1254 557 sit
1298 491 1616 576 exposita,
1669 490 1826 555 nihil
1871 488 2079 554 dicam
2132 488 2292 553 mihi
2335 489 2538 555 videri
2579 491 2826 557 minus.

758 585 871 651 sed
908 596 1057 651 ante
1094 606 1288 669 quam
1314 584 1656 670 adgrediar
1681 583 1766 650 ad
1801 607 1898 660 ea,
1934 605 2103 669 quae
2129 605 2168 648 a
2195 594 2258 648 te
2287 583 2609 669 disputata
2643 598 2826 662 sunt,

762 679 841 745 de
875 691 941 746 te
974 680 1120 769 ipso
1150 679 1360 745 dicam
1396 679 1552 764 quid
1587 680 1879 745 sentiam.
1954 700 2144 765 saepe
2179 678 2350 744 enim
2386 678 2466 743 de
2501 678 2827 745 familiare

756 775 867 840 illo
902 786 1015 840 tuo
1047 775 1269 840 videor
1304 775 1557 840 audisse
1571 821 1590 850 ,
1636 796 1786 839 cum
1820 786 1885 839 te
1919 774 2152 860 togatis
2191 774 2486 839 omnibus
2523 774 2662 841 sine
2696 774 2830 840 du-

756 868 867 933 bio
902 869 1245 953 anteferret
1279 878 1345 935 et
1378 888 1618 955 paucos
1655 880 1868 934 tecum
1895 868 2250 954 Epicureos
2287 891 2322 933 e
2355 866 2631 935 Graecia.
2664 891 2826 933 con-

757 973 1047 1048 pararet,
1086 964 1228 1040 sed,
1274 964 1449 1047 quod
1484 964 1567 1029 ab
1602 986 1681 1029 eo
1718 976 1784 1029 te
1816 963 2080 1028 mirifice
2117 962 2296 1048 diligi
2341 962 2823 1049 intellegebam,

758 1056 1114 1123 arbitrabar
1142 1057 1325 1123 illum
1351 1068 1613 1144 propter
1647 1056 2158 1123 benevolentiam
2184 1056 2444 1123 uberius
2478 1057 2546 1122 id
2573 1058 2821 1134 dicere;

759 1172 880 1237 ego
918 1161 1153 1229 autem,
1191 1151 1312 1217 etsi
1338 1174 1565 1217 vereor
1598 1152 1862 1218 laudare
1899 1162 2318 1237 praesentem,
2355 1151 2568 1217 iudico
2597 1163 2820 1217 tamen

759 1244 839 1309 de
883 1266 953 1309 re
1000 1244 1275 1311 obscura
1319 1258 1513 1330 atque
1558 1246 1803 1311 difficili
1846 1268 1886 1311 a
1930 1258 1995 1311 te
2039 1246 2282 1310 dictum
2329 1268 2469 1311 esse
2515 1246 2820 1324 dilucide,

756 1360 967 1421 neque
1002 1340 1331 1405 sententiis
1368 1342 1576 1406 solum
1601 1340 1876 1425 copiose,
1913 1341 2028 1406 sed
2063 1339 2274 1405 verbis
2311 1340 2502 1405 etiam
2529 1340 2816 1405 ornatius

758 1453 953 1516 quam
988 1432 1195 1498 solent
1229 1434 1442 1499 vestri.
1532 1434 1891 1512 Zenonem,
1927 1455 2122 1517 quem
2154 1433 2346 1498 Philo
2380 1445 2597 1499 noster
2631 1456 2819 1519 cory-

756 1525 1037 1611 phaeum
1098 1528 1421 1613 appellare
1473 1527 1942 1615 Epicureorum
2001 1527 2273 1604 solebat,
2337 1550 2485 1594 cum
2535 1530 2815 1595 Athenis

758 1642 985 1698 essem,
1022 1621 1362 1687 audiebam
1396 1622 1764 1708 frequenter
1798 1634 1863 1689 et
1896 1622 2157 1707 quidem
2189 1624 2330 1709 ipso
2367 1634 2623 1689 auctore
2655 1624 2818 1689 Phi-

754 1716 935 1792 lone,
977 1715 1198 1795 credo,
1234 1729 1309 1783 ut
1342 1716 1592 1783 facilius
1626 1718 2006 1795 iudicarem,
2051 1738 2247 1802 quam
2279 1719 2390 1785 illa
2423 1720 2588 1784 bene
2622 1720 2818 1785 refel-

754 1809 1066 1887 lerentur,
1114 1832 1263 1875 cum
1300 1835 1339 1876 a
1372 1802 1674 1899 principe*
1695 1812 2160 1899 Epicureorum
2197 1814 2584 1899 accepissem
2619 1835 2815 1897 quem

756 1903 840 1968 ad
874 1904 1139 1969 modum
1176 1905 1555 1972 dicerentur.
1642 1929 1774 1973 non
1805 1906 2002 1993 igitur
2033 1907 2169 1983 ille,
2221 1918 2297 1972 ut
2327 1908 2642 1993 plerique,
2697 1908 2814 1973 sed

668 2014 673 2019 '
754 1999 876 2064 isto
912 1998 1134 2076 mod0,
1187 2012 1261 2065 ut
1296 2011 1394 2077 tu,
1440 2001 1764 2080 distincte,
1808 2001 2115 2087 graviter,
2162 2012 2404 2067 ornate.
2489 2002 2603 2067 sed
2639 2002 2813 2085 quod

660 2394 709 2433 60

752 2093 821 2157 in
854 2093 963 2158 illo
988 2093 1146 2158 mihi
1181 2116 1303 2159 usu
1332 2118 1523 2181 saepe
1552 2096 1747 2173 venit,
1783 2095 1956 2161 idem
1980 2095 2192 2174 modo,
2229 2118 2376 2161 cum
2411 2107 2474 2163 te
2502 2096 2814 2174 audirem,

756 2186 1115 2262 accidebat,
1170 2198 1245 2251 ut
1286 2190 1549 2255 moleste
1595 2191 1829 2255 ferrem
1873 2200 2121 2255 tantum
2154 2191 2486 2278 ingenium
2517 2220 2606 2243 —-
2637 2192 2810 2257 bona

754 2277 943 2343 venia
976 2302 1079 2344 me
1116 2280 1337 2345 audies
1354 2282 1523 2347 --in
1560 2294 1693 2347 tam
1725 2283 1907 2360 levis,
1943 2306 2026 2349 ne
2051 2284 2260 2350 dicam
2291 2285 2360 2349 in
2394 2296 2526 2351 tam
2559 2285 2810 2371 ineptas

754 2372 1098 2437 sententias
1142 2370 1457 2440 incidisse.
1540 2398 1667 2441 nec
1701 2398 1823 2463 ego
1858 2398 2030 2443 nunc
2071 2378 2210 2465 ipse
2245 2380 2488 2463 aliquid
2522 2380 2812 2445 adferam

752 2466 1011 2543 melius3
1064 2476 1139 2531 ut
1174 2468 1341 2532 enim
1377 2470 1568 2533 modo
1605 2470 1767 2548 dixi,
1813 2472 2111 2537 omnibus
2148 2473 2282 2539 fere
2319 2474 2386 2539 in
2419 2474 2640 2549 rebus,
2695 2474 2810 2538 sed

752 2559 1031 2627 maxime
1074 2560 1142 2625 in
1193 2561 1503 2649 physicis,
1560 2564 1718 2647 quid
1761 2588 1891 2630 non
1933 2564 2015 2631 sit
2059 2567 2242 2632 citius
2289 2590 2482 2651 quam
2525 2567 2684 2652 quid
2726 2566 2810 2632 sit

646 2672 717 2727 22
752 2653 1043 2719 dixerim.
1131 2678 1319 2742 roges
1371 2680 1504 2735 me,
1559 2658 1717 2742 quid
1769 2671 1880 2725 aut
1934 2662 2122 2745 quale
2173 2663 2257 2726 sit
2308 2662 2494 2739 deus,
2549 2672 2812 2728 auctore

654 3716 707 3756 61

750 2758 897 2813 utar
933 2748 1285 2828 Simonide,
1320 2751 1401 2817 de
1435 2774 1567 2836 quo
1594 2775 1744 2818 cum
1777 2756 2196 2838 quaesivisset
2229 2756 2352 2826 hoo
2385 2757 2556 2823 idem
2589 2768 2812 2842 tyran-

749 2868 875 2910 nus
909 2846 1143 2923 Hier0,
1196 2844 1589 2914 deliberandi
1635 2850 1759 2914 sibi
1793 2874 1994 2915 unum
2027 2852 2198 2917 diem
2233 2852 2604 2937 postulavit3
2659 2874 2808 2917 cum

749 2937 920 3001 idem
957 2962 1038 3004 ex
1064 2961 1140 3004 eo
1180 2941 1484 3026 postridie
1512 2956 1865 3027 quaereret,
1901 2945 2168 3009 biduum
2202 2946 2453 3031 petivit3
2491 2968 2638 3014 cum
2667 2969 2812 3013 sae·

747 3032 895 3117 pius
931 3031 1284 3120 duplicaret
1325 3060 1664 3103 numerum
1700 3039 1948 3105 dierum
1983 3040 2432 3126 admiransque
2468 3041 2671 3107 Hiero
2706 3064 2809 3106 re·

748 3126 1051 3209 quireret,
1089 3149 1203 3195 cur
1234 3130 1325 3196 ita
1359 3133 1617 3210 faceret,
1657 3135 1856 3217 ‘quia,
1893 3146 2132 3219 quanto
2162 3134 2398 3200 diutius
2433 3136 2809 3213 considero,'

748 3220 961 3305 inquit
994 3228 1200 3288 ‘tanto
1234 3226 1389 3291 mihi
1424 3249 1527 3293 res
1561 3228 1814 3295 videtur
1848 3230 2216 3295 obscurior?
2287 3228 2403 3295 sed
2431 3229 2810 3296 Simoniden

750 3316 1023 3381 arbitror
1054 3354 1143 3366 —-
1174 3340 1303 3385 non
1346 3322 1516 3386 enim
1559 3329 1750 3409 poeta
1786 3325 1992 3391 solum
2037 3324 2280 3403 suavis,
2334 3346 2560 3391 verum
2613 3325 2808 3390 etiam

750 3414 1075 3499 ceteroqui
1111 3415 1335 3481 doctus
1384 3416 1768 3504 sapiensque
1802 3419 2072 3484 traditur
2103 3454 2218 3495 —-‚
2263 3418 2416 3502 quia
2459 3420 2660 3484 multa
2695 3442 2812 3484 ve·-

748 3508 959 3574 nirent
991 3509 1059 3573 in
1093 3522 1373 3577 mentem
1410 3524 1599 3578 acuta
1634 3525 1826 3597 atque
1863 3514 2146 3591 subtilia,
2187 3513 2613 3591 dubitantem,
2650 3514 2810 3598 quid

752 3616 973 3669 eorum
1018 3616 1184 3671 esset
1236 3608 1664 3684 verissimum,
1719 3608 2090 3694 desperasse
2143 3629 2398 3673 omnem
2450 3604 2810 3674 veritatem.

750 3698 1071 3785 Epicurus
1106 3723 1258 3768 vero
1292 3713 1441 3769 tuus
1460 3740 1547 3751 —-
1561 3725 1713 3768 nam
1749 3724 1895 3767 oum
1929 3703 2038 3767 illo
2072 3702 2242 3767 malo
2271 3698 2582 3768 disserere
2608 3724 2812 3785 quam

750 3804 964 3860 tecum
987 3830 1075 3845 -·-
1101 3798 1259 3880 quid
1293 3798 1465 3873 dicit,
1501 3798 1675 3881 quod
1707 3818 1839 3861 non
1872 3796 2063 3861 modo
2097 3796 2498 3883 philosophia
2535 3797 2805 3881 dignum

754 3900 939 3964 esset,
974 3891 1089 3955 sed
1122 3891 1425 3957 mediocri
1458 3884 1836 3977 prudentia?

881 3980 1229 4062 Quaeritur
1271 3987 1547 4072 primum
1579 3985 1647 4050 in
1685 4008 1761 4050 ea
1793 3984 2162 4069 quaestione
2176 4032 2194 4061 ,
2239 4004 2406 4068 quae
2441 3995 2539 4050 est
2574 3984 2654 4048 de
2687 4006 2812 4051 na·

751 4085 897 4140 tura
932 4074 1219 4159 deorum,
1255 4081 1463 4146 sintne
1500 4079 1565 4144 di
1600 4100 1802 4145 necne
1837 4078 1982 4144 sint.
2055 4086 2073 4115 ‘
2089 4078 2346 4145 difficile
2383 4089 2482 4145 est
2522 4078 2808 4164 negare?
