3292 4559
653 3777 703 3816 47

644 279 655 291 ,
750 229 877 295 128
1370 241 1449 294 M.
1486 241 1764 298 'runnu
1797 239 2244 310 οιοιιιιιοιιιε,

744 378 881 430 tum
920 364 1153 448 cuique
1190 365 1345 430 satis
1380 376 1511 440 est,
1553 364 1910 430 metiuntur
1941 363 2234 429 homines
2267 363 2644 429 divitiarum
2679 389 2812 432 mo-

746 461 922 524 dum.
992 459 1192 523 filiam
1228 459 1371 542 quis
1406 458 1623 534 habet,
1659 458 1936 543 pecunia
1961 470 2061 522 est
2085 481 2278 543 opus3
2315 459 2500 536 duas,
2535 461 2810 537 maiore3

743 553 975 639 pluris,
1018 553 1261 618 maiore
1296 553 1520 629 etiam,
1574 552 1662 630 si,
1707 564 1780 617 ut
1815 553 1998 616 aiunt
2027 551 2294 628 Danao,
2339 552 2812 660 quinquaginta

745 648 872 711 sint
913 646 1111 724 filiae,
1146 659 1242 711 tot
1275 647 1459 712 dotes
1492 669 1799 731 magnam
1839 657 2158 729 quaerunt
2189 647 2560 731 pecuniam.
2610 671 2814 732 quan-

745 754 885 804 tum
918 740 1091 806 enim
1125 741 1358 826 cuique
1392 764 1555 826 opus
1592 752 1712 817 est,
1745 741 1832 804 ad
1865 740 1935 805 id
1965 741 2516 817 accommodatur,
2553 753 2630 805 ut
2665 754 2814 808 ante

746 835 909 912 dixi,
944 835 1315 901 divitiarum
1344 837 1594 900 modus.
1683 835 1798 919 qui
1829 835 2030 920 igitur
2061 857 2196 900 non
2225 835 2390 900 filias
2423 836 2664 920 pluris,
2701 837 2812 902 sed

742 931 1229 996 innumerabilis
1299 931 1680 1015 cupiditates
1749 929 1974 1006 habet,
2046 951 2214 1012 quae
2276 930 2460 995 brevi
2519 941 2814 1016 tempore

744 1026 1059 1090 maximas
1104 1025 1321 1110 copias
1362 1024 1702 1090 exhaurire
1743 1025 2022 1110 possint,
2065 1025 2242 1090 hunc
2283 1047 2412 1110 quo
2455 1027 2656 1090 modo
2689 1049 2812 1113 ego

749 1120 1088 1204 appellabo
1132 1120 1427 1196 divitem,
1473 1141 1623 1184 cum
1656 1119 1797 1205 ipse
1831 1141 2024 1205 egere
2057 1141 2130 1184 se
2167 1120 2435 1184 sentiat?
2503 1121 2698 1186 multi
2729 1145 2810 1186 ex

746 1227 808 1277 te
858 1214 1199 1279 audierunt
1248 1235 1397 1278 cum
1448 1213 1724 1290 diceres,
1776 1214 2098 1279 neminem
2149 1237 2292 1280 esse
2335 1213 2634 1293 divitem,
2687 1215 2810 1280 nisi

745 1306 858 1388 qui
904 1307 1253 1372 exercitum
1302 1307 1474 1372 alere
1508 1321 1728 1394 posset
1761 1308 1896 1374 suis
1931 1299 2277 1385 fructibus,
2317 1309 2496 1392 quod
2527 1311 2810 1394 populus

744 1400 1075 1465 Romanus
1144 1401 1339 1464 tantis
1407 1401 1834 1486 vectigalibus
1893 1402 2024 1467 iam
2086 1403 2334 1488 pridem
2391 1403 2504 1466 vix
2564 1415 2813 1488 potestz

747 1517 901 1580 ergo
943 1495 1067 1560 hoc
1100 1496 1431 1581 proposito
1464 1517 1822 1578 numquam
1857 1497 1982 1562 eris
2017 1496 2196 1562 dives
2232 1508 2408 1574 ante,
2455 1519 2660 1580 quam
2693 1498 2814 1564 tibi

748 1613 827 1653 ex
871 1589 999 1654 tuis
1044 1590 1554 1676 possessionibus
1588 1600 1842 1654 tantum
1873 1590 2226 1668 reficietur,
2270 1603 2345 1656 ut
2379 1613 2458 1657 eo
2491 1592 2662 1658 tueri
2695 1615 2816 1658 sex

744 1684 1029 1771 legiones
1081 1695 1149 1749 et
1196 1708 1435 1770 magna
1484 1685 1774 1768 equitum
1827 1707 1905 1750 ac
1958 1685 2249 1770 peditum
2291 1686 2532 1750 auxilia
2575 1687 2812 1771 possis.

745 1781 876 1843 iam
918 1779 1137 1845 fateris
1180 1779 1380 1865 igitur
1410 1803 1545 1843 non
1580 1801 1722 1844 esse
1757 1791 1822 1844 te
1857 1779 2150 1856 divitem,
2195 1780 2301 1845 cui
2335 1791 2586 1846 tantum
2619 1781 2814 1858 desit,

744 1884 818 1938 ut
860 1875 1119 1960 expleas
1163 1874 1234 1937 id
1277 1875 1455 1958 quod
1496 1885 1784 1959 exoptas.
1871 1874 2089 1957 itaque
2134 1875 2324 1938 istam
2358 1885 2812 1961 paupertatem

744 1968 849 2033 vel
900 1969 1113 2054 potius
1168 1980 1519 2054 egestatem
1572 1990 1650 2032 ac
1699 1967 2178 2034 mendicitatem
2231 1980 2410 2032 tuam
2451 1991 2812 2052 numquam

746 2062 1015 2128 obscure
1066 2062 1285 2126 tulisti.
1374 2085 1527 2128 nam
1566 2073 1642 2126 ut
1682 2062 1789 2140 iis,
1835 2062 1957 2144 qui
1999 2062 2265 2127 honeste
2308 2085 2447 2126 rem
2491 2073 2814 2146 quaerunt

745 2156 1119 2220 mercaturis
1170 2155 1509 2231 faciendis,
1562 2156 1772 2241 operis
1827 2156 2082 2232 dandis,
2136 2156 2409 2241 publicis
2455 2157 2808 2233 sumendis,

744 2251 1173 2336 intellegimus
1208 2271 1371 2334 opus
1406 2273 1547 2316 esse
1582 2251 1893 2335 quaesito,
1929 2251 2050 2328 sic,
2085 2251 2200 2334 qui
2232 2251 2410 2318 videt
2444 2251 2620 2316 domi
2647 2262 2806 2315 tuae

742 2345 983 2428 pariter
1034 2355 1479 2408 accusatorum
1525 2355 1722 2427 atque
1763 2345 2048 2410 indicum
2101 2347 2498 2410 consociatos
2549 2368 2804 2432 greges,

743 2436 855 2518 qui
904 2437 1195 2503 nocentis
1246 2447 1314 2502 et
1364 2439 1746 2522 pecuniosos
1797 2461 1942 2504 reos
2001 2440 2228 2505 eodem
2278 2449 2344 2504 te
2395 2450 2613 2506 actore
2661 2461 2804 2504 cor-

743 2529 1059 2614 ruptelam
1091 2529 1313 2596 iudicii
1346 2531 1696 2606 molientis,
1741 2534 1856 2616 qui
1889 2546 2034 2599 tuas
2070 2533 2442 2600 mercedum
2471 2534 2800 2619 pactiones

742 2623 809 2685 in
870 2623 1266 2706 patrociniis,
1328 2628 1363 2705 's
1414 2625 1758 2691 intercidas
1821 2627 2240 2712 pecuniarum
2297 2627 2368 2692 in
2417 2627 2802 2694 coitionibus

742 2716 1257 2794 candidatorum,
1302 2718 1706 2785 dimissiones
1749 2721 2124 2786 libertorum
2165 2723 2252 2786 ad
2293 2721 2802 2786 defaenerandas

744 2811 1257 2896 diripiendasque
1283 2813 1667 2899 provincias,
1703 2815 1816 2898 qui
1843 2816 2246 2900 expulsiones
2273 2816 2652 2892 vicinorum,
2685 2815 2802 2898 qui

743 2907 1133 2971 latrocinia
1114 2931 1181 2970 m
1231 2909 1433 2994 agris,
1484 2910 1599 2992 qui
1642 2931 1792 2974 cum
1841 2910 2071 2986 servis,
2126 2933 2274 2976 cum
2321 2910 2598 2987 libertis,
2651 2931 2804 2974 cum

746 3001 1081 3065 clientibus
1126 3002 1497 3078 societates,
1540 3003 1655 3087 qui
1695 3004 2134 3089 possessiones
2178 3026 2446 3081 vacuas,
2493 3003 2610 3086 qui
2650 3025 2806 3089 pro-

745 3095 1117 3178 scriptiones
1168 3097 1610 3182 locupletium,
1673 3098 1787 3181 qui
1839 3098 2040 3164 cladis
2099 3098 2624 3184 municipiorum,
2685 3099 2802 3181 qui

742 3187 921 3250 illam
972 3185 1223 3254 Sullani
1282 3191 1585 3277 temporis
1646 3215 1922 3258 messem
1973 3193 2372 3269 recordetur,
2433 3193 2552 3275 qui
2602 3201 2804 3256 testa-

743 3292 959 3346 menta
1002 3282 1317 3360 subiecta,
1370 3297 1465 3350 tot
1508 3286 1619 3368 qui
1664 3285 1948 3351 sublatos
1992 3287 2312 3364 homines,
2365 3287 2480 3369 qui
2521 3285 2800 3369 denique

742 3376 955 3442 omnia
989 3378 1261 3456 venalia,
1297 3379 1598 3456 edictum,
1634 3381 1984 3458 decretum,
2021 3381 2295 3448 alienam
2327 3403 2514 3446 suam
2541 3391 2800 3446 senten-

740 3471 925 3548 tiam,
968 3471 1210 3548 forum,
1248 3473 1507 3538 domum
1521 3521 1539 3551 ,
1576 3496 1802 3542 vocem
1816 3521 1835 3551 ,
1873 3475 2222 3540 silentium:
2275 3475 2422 3558 quis
2456 3475 2628 3540 hunc
2657 3493 2792 3538 non

738 3576 923 3648 putet
956 3566 1243 3631 confiteri
1276 3563 1399 3632 sibi
1433 3569 1726 3652 quaesito
1761 3590 1924 3654 opus
1957 3569 2136 3632 esse?
2206 3568 2312 3634 cui
2353 3569 2658 3651 quaesito,
2677 3589 2797 3632 au-

739 3671 872 3723 tem
912 3681 1077 3744 opus
1120 3661 1230 3737 sit,
1272 3661 1421 3745 quis
1462 3683 1772 3744 umquam
1814 3662 1988 3727 bunc
2031 3683 2182 3729 vere
2225 3661 2458 3726 dixerit
2491 3661 2798 3728 divitem?

741 3752 975 3818 etenim
1027 3753 1391 3820 divitiarum
1444 3768 1543 3821 est
1590 3756 1840 3820 fructus
1890 3755 1960 3820 in
2009 3756 2225 3842 copia,
2279 3755 2532 3840 copiam
2577 3766 2798 3820 autem

740 3845 1021 3910 declarat
1056 3846 1313 3912 satietas
1348 3871 1563 3913 rerum
1596 3862 1792 3932 atque
1825 3849 2246 3914 abundantia:
2291 3871 2492 3931 quam
2524 3861 2600 3914 tu
2629 3871 2798 3932 quo-

737 3938 911 4002 niam
952 3960 1304 4023 numquam
1348 3943 1731 4024 adseqnere,
1783 3965 2137 4027 numquam
2188 3943 2446 4008 omnino
2499 3965 2568 4008 es
2613 3943 2796 4008 dives

736 4030 1011 4096 futurus.
1094 4055 1309 4098 meam
1344 4046 1559 4106 autem
1592 4037 1900 4120 quoniam
1931 4037 2269 4123 pecuniam
2306 4036 2658 4102 contemnis
2671 4083 2692 4114 ,
2731 4047 2794 4102 et
