3292 4559
925 269 1033 324 DE
1066 268 1591 328 DIVINATIONE
1624 269 1704 324 ΙΙ.
1741 269 1841 327 131
1853 269 2052 334 ,-13ss.
2405 254 2532 332 211

475 391 825 480 Chrysippi
856 391 1021 458 libro
1056 393 1403 460 somnium
1403 429 1490 440 —
1502 391 1886 480 ·respondit
1919 391 2242 459 coniector
2275 391 2536 458 thesau—

474 510 621 570 rum
654 487 979 552 defossum
1008 511 1146 555 esse
1184 487 1305 554 sub
1338 488 1525 554 lecto.
1578 487 1764 566 fodit,
1797 486 2041 553 invenit
2069 487 2210 552 auri
2244 487 2536 571 aliquan-

476 593 643 658 tum,
677 581 871 692 idque
908 582 1373 648 circumdatum
1408 592 1706 670 argentm
1743 583 1916 648 misit
1951 566 2295 648 comectori
2330 603 2536 666 quan-

475 677 681 740 tulum
730 675 941 742 visum
986 688 1083 742 est
1129 678 1208 744 de
1256 688 1544 764 argento.
1630 688 1770 743 tum
1811 677 1920 742 ille
1975 675 2274 742 ‘nihilne’
2327 675 2534 760 inquit
2643 691 2650 694 ·

474 769 583 834 ‘de
618 766 899 835 vitello?
953 770 1023 835 id
1066 771 1239 838 enim
1284 771 1347 838 ei
1390 794 1473 837 ex
1506 792 1629 838 ovo
1665 770 2006 837 videbatur
2049 793 2279 844 aurum
2323 769 2538 838 decla-

472 885 667 940 rasse,
702 863 1024 947 reliquum
1060 875 1417 951 argentum.
1488 885 1761 930 nemone
1795 864 1996 950 igitur
2028 885 2336 948 umquam
2371 863 2534 928 alius

474 977 669 1022 ovum
706 957 1084 1022 somniavit?
1138 979 1253 1023 cur
1286 979 1441 1044 ergo
1474 957 1581 1023 hic
1616 959 1830 1024 nescio
1867 959 1980 1042 qui
2023 958 2398 1023 thesaurum
2432 979 2534 1020 so-

472 1049 577 1116 lus
610 1049 893 1115 invenit?
935 1071 1131 1136 quam
1166 1051 1350 1117 multi
1386 1052 1637 1138 inopes,
1675 1052 1855 1138 digni
1889 1051 2209 1138 praesidio
2247 1049 2534 1126 deorum,

472 1145 651 1212 nullo
706 1143 955 1209 somnio
1011 1146 1095 1210 ad
1146 1145 1518 1212 thesaurum
1579 1146 2028 1231 reperiendum
2079 1141 2534 1210 admonentur!

472 1259 671 1323 quam
716 1248 935 1304 autem
970 1238 1054 1304 ob
1099 1261 1363 1306 causam
1404 1251 1539 1305 tam
1574 1251 1673 1305 est
1707 1239 1977 1306 obscure
2021 1238 2386 1318 admonitus
2400 1285 2420 1316 ,
2465 1245 2542 1302 ut

474 1355 557 1424 ex
586 1353 708 1398 ovo
736 1344 1108 1400 nosceretur
1134 1334 1416 1401 thesauri
1447 1335 1818 1412 similitude,
1853 1334 2068 1421 potius
2097 1356 2293 1420 quam
2319 1343 2537 1420 aperte

474 1427 848 1493 thesaurum
900 1449 1209 1512 quaerere
1260 1429 1617 1510 iuberetur,
1671 1429 1840 1496 sicut
1893 1439 2113 1516 aperte
2168 1426 2535 1496 Simonides

475 1521 709 1598 vetitus
746 1532 844 1587 est
876 1523 1221 1610 navigare?
2158 1551 2162 1553 ’

604 1615 783 1703 Ergo
828 1617 1105 1686 obscura
1147 1619 1395 1685 somnia
1436 1618 1697 1684 minime
1737 1610 2175 1696 'consentanea
2218 1616 2536 1682 maiestati
2567 1637 2642 1678 135

474 1709 777 1775 deorum:
829 1711 915 1775 ad
948 1723 1175 1798 aperta
1207 1725 1272 1779 et
1308 1713 1481 1778 clara
1514 1713 1884 1789 veniamus,
1931 1712 2121 1795 quale
2166 1721 2264 1776 est
2307 1709 2389 1776 de
2423 1709 2534 1776 illo
2571 1730 2639 1784 66

474 1803 814 1868 interfecto
850 1827 891 1867 a
926 1825 1171 1890 copone
1206 1805 1519 1890 Megaris,
1556 1805 1749 1890 quale
1786 1803 1868 1868 de
1906 1802 2270 1882 Simonide,
2306 1803 2419 1887 qui
2455 1802 2537 1868 ab

473 1917 585 1973 e0‚
623 1917 818 1980 quem
850 1895 1177 1975 humarat,
1213 1898 1447 1963 vetitus
1484 1907 1583 1964 est
1616 1897 1956 1982 navigare,
2001 1895 2191 1980 quale
2228 1897 2421 1962 etiam
2458 1897 2553 1961 de.

476 1989 885 2068 Alexandro,
920 1990 1097 2076 quod
1130 2013 1171 2056 a
1213 2003 1277 2057 te
1319 1991 1735 2077 praeteritum
1770 2012 1911 2055 esse
1943 1990 2170 2054 miror:
2214 1991 2354 2076 qui,
2393 2012 2540 2056 cum

476 2085 913 2163 Ptolemaeus,
949 2085 1279 2150 familiaris
1316 2085 1474 2162 eius,
1509 2086 1577 2150 in
1610 2084 1852 2171 proelio
1877 2085 2005 2150 telo
2033 2094 2348 2150 venenato
2375 2085 2539 2149 ictus

476 2188 648 2245 esset
667 2199 873 2262 eoque
902 2179 1163 2246 volnere
1181 2201 1433 2246 summo
1452 2203 1601 2246 cum
1618 2179 1839 2245 dolore
1859 2189 2233 2254 moreretur,
2251 2178 2543 2244 Alexan-

476 2272 595 2338 der
630 2271 930 2339 adsidens
966 2295 1191 2340 somno
1220 2285 1315 2340 est
1353 2274 1742 2360 consopitus.
1796 2284 1937 2339 tum
1971 2272 2324 2339 secundum
2359 2273 2538 2358 quie-

477 2387 609 2432 tem
643 2367 815 2432 visus
853 2367 913 2455 ei
950 2368 1183 2435 dicitur
1218 2369 1410 2434 draco
1444 2368 1523 2447 is,
1559 2390 1755 2453 quem
1788 2377 1994 2434 mater
2020 2364 2372 2454 ‚Olympias
2409 2369 2539 2434 ale·-

478 2463 615 2540 bat,
664 2463 1019 2530 radiculam
1065 2486 1175 2530 ore
1228 2463 1396 2531 ferre
1449 2473 1517 2529 et
1568 2464 1760 2528 simul
1812 2461 2024 2528 dicere
2078 2483 2208 2547 quo
2259 2463 2372 2528 illa
2414 2463 2542 2529 loci

478 2569 848 2628 nasceretur
878 2595 967 2607 --
998 2582 1208 2644 neque
1252 2559 1307 2625 is
1342 2560 1534 2645 longe
1570 2557 1794 2624 aberat
1828 2557 1913 2623 ab
1947 2578 2026 2622 eo
2065 2557 2214 2636 ⁴loco
2248 2592 2366 2636 —,
2403 2558 2557 2632 eius⁴
2597 2635 2614 2643 ἱ

478 2661 696 2742 autem
740 2675 879 2718 esse
923 2652 1057 2718 vim
1101 2665 1377 2732 tantam,
1420 2663 1495 2717 ut
1537 2651 1986 2718 Ptolemaeum
2027 2650 2218 2716 facile
2265 2661 2537 2717 sanaret.

480 2767 630 2818 cum
664 2745 1037 2813 Alexander
1088 2758 1497 2834 experrectus
1550 2756 1874 2813 narrasset
1925 2745 2150 2811 amicis
2203 2745 2540 2822 somnium,

476 2839 699 2928 emissi
733 2851 884 2904 sunt
918 2841 1030 2924 qui
1063 2841 1239 2905 illam
1274 2841 1631 2906 radiculam
1667 2852 2048 2926 quaererent
2059 2859 2098 2918 3¹
2117 2862 2246 2926 qua
2279 2840 2542 2908 inventa

478 2944 548 3008 et
580 2930 995 2998 Ptolemaeus
1032 2946 1295 3000 sanatus
1333 2935 1566 3000 dicitur
1600 2945 1666 3001 et
1699 2933 1885 2998 multi
1919 2934 2175 3012 milites,
2211 2935 2326 3020 qui
2359 2945 2543 3001 erant

478 3025 714 3100 eodem
755 3047 993 3112 genere
1036 3028 1149 3093 teli
1194 3028 1527 3095 volnerati.
1616 3029 1822 3094 multa
1857 3029 2052 3094 etiam
2087 3041 2236 3095 sunt
2279 3054 2320 3095 a
2362 3041 2426 3097 te
2461 3053 2542 3097 ex
2569 3050 2646 3091 136

480 3119 763 3205 historiis
798 3120 1047 3206 prolata
1083 3123 1351 3200 somnia,
1386 3122 1608 3188 matris
1642 3122 2026 3200 Phalaridis,
2066 3121 2225 3210 Cyri
2259 3126 2546 3212 superio-

480 3217 601 3294 ris,
645 3215 867 3282 matris
910 3214 1242 3302 Dionysii,
1286 3215 1493 3286 Poeni
1536 3216 1958 3296 Hamilcaris,
1999 3218 2414 3296 Hannibalis,
2460 3218 2542 3287 P,

481 3309 707 3386 Decii3
757 3310 1207 3396 pervolgatum
1255 3311 1385 3376 iam
1436 3310 1596 3376 illud
1650 3311 1731 3377 de
1772 3312 2098 3398 praesule,
2144 3309 2223 3378 O.
2261 3307 2544 3377 Gracchi

481 3404 680 3470 etiam
715 3415 779 3470 et
810 3426 1033 3473 recens
1072 3403 1413 3484 Caeciliae,
1448 3405 1752 3473 Baliarici
1785 3405 1984 3484 filiae,
2021 3405 2360 3470 somnium.
2430 3404 2546 3470 sed

484 3500 647 3578 haec
682 3511 947 3568 externa
980 3501 1065 3566 ob
1100 3523 1373 3588 eamque
1410 3523 1670 3568 causam
1704 3502 1928 3587 ignota
1961 3499 2145 3564 nobis
2182 3511 2361 3577 sunt,
2413 3520 2546 3565 non

482 3595 664 3662 nulla
707 3594 902 3660 etiam
953 3595 1105 3660 ficta
1155 3594 1447 3663 fortasse.
1552 3595 1697 3682 quis
1752 3593 1922 3660 enim
1967 3604 2191 3662 auctor
2239 3592 2546 3658 istorum?-

484 3689 571 3754 de
614 3689 845 3755 nostris
889 3689 1150 3756 somniis
1194 3691 1351 3776 quid
1392 3690 1722 3758 habemus
1752 3689 1993 3767 dicere,
2045 3699 2118 3755 tu
2163 3688 2243 3755 de
2297 3709 2543 3754 emerso

490 3805 595 3855 me
632 3794 697 3848 et
730 3805 897 3868 equo
932 3785 1015 3850 ad
1058 3785 1295 3872 ripam,
1341 3807 1464 3874 ego
1509 3785 1591 3851 de
1624 3785 1841 3851 Mario
1886 3806 2034 3852 cum
2076 3782 2362 3853 fascibus
2403 3783 2544 3850 lau-

491 3877 683 3960 reatis
718 3900 823 3943 me
847 3877 917 3944 in
934 3901 1123 3948 suum
1150 3879 1383 3948 deduci
1408 3880 1672 3946 iubente
1695 3879 2224 3945 monumentum?
2257 3877 2547 3962 omnium
2581 3891 2648 3948 67

486 3969 910 4060 somniorum,
943 3971 1205 4056 Quinte,
1242 3997 1373 4041 una
1404 3975 1568 4042 ratio
1602 3984 1721 4054 est,
1756 3995 1944 4060 quae,
1978 3995 2096 4060 per
2120 3973 2276 4038 deos
2308 3971 2554 4041 inmor-

488 4063 639 4153 talis
652 4110 671 4141 ,
715 4063 1049 4134 videamus
1101 4091 1183 4150 ne
1226 4081 1444 4136 nostra
1486 4069 1934 4157 superstitione
1981 4080 2047 4137 et
2090 4067 2558 4156 depravatione,
2620 4133 2661 4147 ,,

2091 4171 2160 4226 14
2179 4173 2205 4200 *
