3292 4559
637 705 684 745 n

720 256 850 324 118
1333 264 1411 318 M„
1449 260 1726 320 TULLfl
1758 256 2162 347 ownnoms

717 391 1043 481 publicam
1076 400 1210 456 tam
1243 386 1568 474 praeclare
1604 383 1941 449 fundatam
1979 380 2163 446 nobis
2197 381 2627 464 reliquerunt,
2673 391 2784 446 aut

720 487 970 573 argenti
1013 485 1098 549 ad
1141 481 1475 548 avaritiam
1521 490 1634 544 aut
1677 477 2136 542 amoenitatum
2171 475 2256 539 ad
2290 473 2789 540 delectationem

720 592 832 646 aut
876 576 1286 664 supellectilis
1321 575 1406 639 ad
1442 572 1711 638 delicias
1739 583 1852 637 aut
1891 570 2225 657 epularum
2259 567 2344 632 ad
2376 567 2794 653 voluptates?

720 674 938 762 ponite
990 682 1139 737 ante
1191 670 1410 735 oculos
1462 684 1667 732 unum
1720 685 2045 749 quemque
2099 658 2409 750 [regum]-
2495 660 2696 726 volfis
2750 685 2795 726 a

720 766 1038 834 Romulo?
1105 763 1296 830 voltis
1342 772 1489 848 post
1528 760 1800 825 liberam
1835 759 2161 824 civitatem
2194 757 2278 822 ab
2325 756 2403 821 iis
2439 756 2628 843 ipsis,
2675 757 2792 840 qui

718 858 1192 927 liberaverunt?
1234 856 1470 941 quibus
1506 854 1768 919 tandem
1802 850 2118 918 Romulus
2151 850 2460 938 gradibus
2496 849 2795 916 escendit

721 957 790 1021 in
842 954 1132 1020 caelum?
1196 953 1388 1027 iisne,
1444 971 1611 1034 quae
1661 949 1769 1014 isti
1819 948 1992 1012 bona
2043 947 2399 1033 appellant,
2455 968 2540 1010 an
2589 946 2794 1012 rebus

723 1049 920 1136 gestis
974 1059 1167 1132 atque
1219 1044 1602 1110 virtutibus?
1667 1042 1868 1126 quid?
1927 1065 1968 1106 a
2019 1042 2240 1106 Numa
2289 1039 2616 1127 Pompilio
2668 1040 2796 1104 mi-

721 1164 927 1208 nusne
971 1153 1189 1229 gratas
1226 1140 1325 1204 dis
1360 1137 1808 1203 inmortalibus
1843 1136 2193 1222 capudines
2229 1157 2307 1201 ac
2340 1135 2553 1202 fictilis
2587 1158 2795 1200 urnu-

723 1237 819 1301 las
872 1235 1073 1300 fuisse
1118 1256 1313 1318 quam
1358 1232 1652 1298 felicatas
1699 1229 2023 1298 Saliorum
2066 1240 2320 1316 pateras
2365 1229 2795 1294 arbitramur?

582 1362 592 1372 ¹
726 1330 947 1394 omitto
992 1328 1270 1413 reliquos
1282 1351 1302 1406 ;
1358 1338 1507 1392 sunt
1550 1327 1723 1392 enim
1756 1347 1978 1391 omnes
2011 1346 2197 1411 pares
2231 1323 2396 1390 inter
2430 1348 2500 1390 se
2532 1336 2795 1410 praeter

641 1445 690 1485 12

648 3603 700 3642 14

729 1422 1117 1508 Superbum.
1206 1421 1488 1488 Brutum
1536 1421 1591 1486 si
1635 1420 1749 1505 qui
1790 1430 2004 1506 roget,
2050 1419 2207 1503 quid
2242 1419 2444 1505 egerit
2476 1419 2546 1483 in
2580 1419 2794 1504 patria

723 1517 1083 1594 liberanda,
1130 1516 1186 1581 si
1231 1516 1376 1600 quis
1419 1516 1575 1581 item
1617 1515 1899 1598 reliquos
1944 1515 2232 1581 eiusdem
2278 1513 2524 1579 consilii
2559 1514 2795 1590 socios,

725 1611 883 1695 quid
932 1611 1387 1696 spectaverint,
1432 1609 1591 1693 quid
1644 1609 1849 1675 secuti
1903 1611 2057 1674 sint:
2110 1631 2266 1674 num
2311 1608 2455 1693 quis
2501 1608 2793 1686 exsistat,

728 1705 831 1771 cui
876 1706 1203 1791 voluptas,
1249 1705 1355 1769 cui
1400 1703 1661 1769 divitiae
1675 1752 1693 1781 ,
1743 1704 1849 1769 cui
1893 1703 2172 1787 denique
2214 1713 2468 1789 praeter
2501 1702 2791 1768 officium

726 1800 909 1865 fortis
961 1810 1027 1865 et
1078 1799 1298 1885 magni
1349 1797 1471 1863 viri
1526 1797 1875 1882 quicquam
1927 1798 2104 1862 aliud
2151 1796 2546 1884 propositum
2589 1797 2796 1862 fuisse

724 1893 1058 1960 videatur?
1142 1915 1309 1978 quae
1370 1915 1471 1958 res
1536 1893 1620 1958 ad
1656 1914 1882 1958 necem
1933 1891 2307 1958 Porsennae
2361 1888 2438 1956 C.
2491 1890 2794 1956 Mucium

725 1988 955 2073 inpulit
1008 1988 1145 2053 sine
1198 1988 1332 2052 ulla
1385 2009 1501 2074 spe
1556 1987 1778 2052 salutis
1832 1986 2026 2051 suae?
2112 2007 2279 2070 quae
2331 1985 2429 2050 vis
2476 1982 2793 2050 Coclitem

727 2092 947 2147 contra
1008 2081 1214 2147 omnis
1267 2081 1549 2146 hostium
1613 2080 1832 2166 copias
1895 2080 2102 2145 tenuit
2163 2080 2232 2144 in
2292 2090 2483 2165 ponte
2544 2080 2799 2145 solum?

728 2197 895 2260 quae
930 2187 1182 2262 patrem
1215 2174 1525 2251 Decium,
1579 2196 1748 2258 quae
1781 2174 1984 2239 filium
2020 2174 2252 2241 devota
2287 2175 2418 2238 vita
2450 2173 2691 2239 inmisit
2725 2174 2795 2237 in

729 2281 1006 2334 armatas
1060 2268 1340 2334 hostium
1392 2268 1648 2354 copias?
1725 2268 1882 2352 quid
1935 2268 2322 2333 continentia
2365 2264 2444 2333 C.
2488 2267 2796 2345 Fabricii,

730 2363 885 2448 quid
944 2363 1221 2428 tenuitas
1283 2362 1492 2427 victus
1542 2362 1664 2426 Μ’.
1721 2359 1905 2427 Curii
1961 2362 2382 2447 sequebatur?
2451 2362 2610 2446 quid
2661 2361 2799 2427 duo

730 2455 1211 2542 propugnacula
1271 2455 1426 2520 belli
1475 2455 1742 2533 Punici,
1810 2454 1934 2522 Cn.
2001 2468 2065 2523 et
2115 2456 2196 2522 P.
2254 2455 2585 2542 Scipiones
2599 2504 2619 2534 ,
2679 2457 2796 2541 qui

730 2548 1368 2635 Karthaginiensium
1414 2548 1761 2614 adventum
1798 2551 2171 2636 corporibus
2207 2551 2338 2616 suis
2363 2551 2800 2632 intercluden-

731 2643 885 2709 dum
935 2643 1361 2728 putaverunt?
1429 2643 1587 2727 quid
1631 2642 1982 2711 Africanus
2039 2646 2280 2710 maior?
2348 2644 2505 2729 quid
2546 2645 2801 2710 minor?

731 2737 887 2822 quid
920 2737 1087 2803 inter
1118 2739 1352 2803 horum
1386 2748 1628 2804 aetates
1663 2738 2034 2806 interiectus
2055 2737 2263 2805 Cato?
2308 2739 2467 2824 quid
2499 2739 2803 2822 innume·

729 2833 963 2901 rabiles
994 2832 1148 2898 alii?
1182 2869 1272 2883 —-
1301 2856 1455 2900 nam
1488 2833 1855 2900 domesticis
1891 2835 2203 2921 exemplis
2239 2835 2643 2900 abundamus
2676 2859 2798 2899 -2

732 2929 1133 3015 cogitassene
1176 2927 1523 3014 quicquam
1568 2929 1638 2993 in
1683 2930 1817 2994 vita
1861 2929 1984 2994 sibi
2028 2951 2169 2997 esse
2204 2930 2637 3015 expetendum
2671 2929 2799 2993 nisi

732 3024 905 3107 quod
956 3023 1281 3090 laudabile
1333 3045 1473 3090 esse
1527 3035 1591 3090 et
1639 3024 2046 3110 praeclarum
2109 3024 2466 3091 videretur?
2533 3024 2797 3090 veniant

729 3117 926 3202 igitur
967 3117 1073 3181 isti
1116 3118 1417 3184 inrisores
1455 3119 1645 3186 huius
1681 3119 1986 3184 orationis
2022 3142 2099 3185 ac
2136 3119 2518 3198 sententiae,
2567 3130 2634 3185 et
2666 3119 2796 3184 iam

730 3212 833 3277 vel
876 3211 999 3296 ipsi
1032 3210 1347 3291 iudicent,
1393 3225 1610 3279 utrum
1648 3236 1718 3280 se
1751 3214 1978 3279 horum
2015 3213 2316 3292 alicuius,
2360 3214 2473 3298 qui
2494 3234 2801 3280 ‘marmo-

732 3305 855 3370 reis
907 3305 1106 3371 tectis·
1147 3306 1339 3373 ebore
1393 3319 1457 3374 et
1511 3330 1670 3373 auro
1721 3307 2152 3395 fulgentibus,
2217 3310 2329 3393 qui
2391 3308 2623 3395 signis,
2685 3311 2798 3394 qui

732 3399 994 3477 tabulis,
1048 3400 1159 3485 qui
1195 3403 1439 3467 caelato
1476 3424 1632 3468 auro
1671 3413 1735 3468 et
1769 3413 2066 3488 argento,
2110 3405 2223 3486 qui
2258 3400 2608 3469 Corinthiis
2642 3425 2803 3488 ope-

732 3494 908 3560 ribus
945 3495 1305 3574 abundant,
1350 3519 1431 3561 an
1472 3493 1550 3561 C.
1586 3495 1900 3574 Fabricii,
1946 3497 2057 3581 qui
2090 3496 2248 3562 nihil
2283 3496 2511 3561 habuit
2552 3518 2796 3573 eorum,

735 3589 895 3654 nihil
938 3589 1179 3656 habere
1221 3590 1453 3668 voluit,
1490 3591 1712 3656 similis
1747 3591 2012 3656 malint?
2079 3600 2273 3677 atque
2315 3590 2477 3656 haec
2512 3589 2801 3675 quidem,

732 3706 899 3769 quae
933 3687 1125 3750 modo
1162 3685 1319 3764 huc,
1367 3687 1561 3751 modo
1594 3687 1748 3752 illuc
1783 3686 2283 3762 transferuntur,
2331 3685 2520 3751 facile
2561 3684 2804 3771 adduci

732 3782 936 3847 solent
987 3793 1061 3846 ut
1102 3782 1170 3846 in
1213 3781 1397 3846 bonis
1442 3782 1636 3848 rebus
1684 3803 1824 3848 esse
1868 3793 2139 3869 negent3
2192 3781 2354 3847 illud
2397 3771 2531 3845 arte
2573 3790 2804 3846 tenent

733 3887 1158 3959 accurateque
1213 3875 1595 3953 defendunt,
1660 3877 2056 3962 voluptatem
2109 3898 2251 3941 esse
2303 3896 2629 3940 summum
2683 3873 2810 3938 bo·—

731 3991 916 4035 num:
946 3989 1133 4054 -quae
1169 3969 1428 4054 quidem
1463 3970 1622 4035 mihi
1657 3993 1786 4036 vox
1821 3971 2144 4057 pecudum
2177 3969 2434 4036 videtur
2469 3990 2630 4043 esse,
2664 3989 2803 4032 non

732 4062 1085 4128 hominum.
1173 4076 1274 4142 tu,
1327 4087 1477 4130 cum
1528 4064 1645 4129 tibi
1700 4065 1835 4130 sive
1886 4063 2046 4130 deus
2099 4064 2237 4130 sive
2287 4072 2519 4138 mater,
2580 4071 2655 4125 ut
2707 4060 2807 4125 ita
