3292 4559
722 292 856 361 290
1342 304 1421 359 M.
1458 302 1737 361 'ruam
1771 300 2175 376 menachus

723 432 790 497 in
841 427 1130 497 oratione
1180 426 1510 494 maiestas!
1564 436 1638 494 ut
1688 426 1879 493 facile
1932 425 2164 493 ducem
2215 426 2438 514 populi
2491 428 2791 509 Romani,

720 546 853 590 non
897 523 1198 591 comitem
1241 521 1506 589 diceres.
1605 522 1721 589 sed
1765 521 2061 587 adfuistis
2112 531 2179 587 et
2230 532 2329 587 est
2372 521 2441 587 in
2490 524 2790 591 manibus

721 619 946 685 oratio·
1033 617 1251 702 itaque
1293 618 1403 683 lex
1445 615 1774 705 popularis
1817 616 2143 702 suffragiis
2186 616 2409 703 populi
2454 618 2792 703 repudiata

723 724 840 779 est.
927 722 1150 797 atque,
1204 722 1276 776 ut
1309 711 1394 777 ad
1428 734 1533 778 me
1578 711 1870 789 redeam,
1914 710 2324 789 meministis,
2370 709 2457 793 Q.
2494 712 2789 779 Maximo

722 807 920 873 fratre
939 804 1260 892 Scipionis
1293 820 1360 871 et
1375 806 1458 870 L.
1477 805 1791 872 Mancino
1818 805 2211 881 consulibus,
2237 825 2434 888 quam
2460 807 2787 892 popularis

722 901 830 967 lex
873 901 958 967 de
992 899 1362 967 sacerdotiis
1398 896 1478 965 C.
1514 899 1754 965 Licinii
1790 896 2014 965 Crassi
2048 898 2417 965 videbatur!
2464 902 2787 988 cooptatio

721 996 896 1061 enim
941 995 1357 1081 collegiorum
1402 993 1485 1059 ad
1536 995 1761 1080 populi
1814 993 2196 1059 beneficium
2248 992 2784 1079 transfer-ebatum

721 1100 918 1173 atque
952 1089 1008 1154 is
1053 1090 1298 1175 primus
1333 1089 1606 1154 instituit
1639 1090 1707 1153 in
1742 1087 1956 1154 forum
1992 1108 2217 1154 versus
2254 1110 2449 1175 agere
2485 1111 2639 1157 cum
2668 1110 2787 1177 po-

723 1185 908 1271 puloz
961 1194 1179 1249 tamen
1219 1184 1390 1249 illius
1433 1183 1827 1249 vendibilem
1860 1182 2219 1249 orationem
2254 1183 2481 1269 religio
2518 1184 2786 1251 deorum

721 1279 1156 1343 inmortalium
1197 1278 1383 1343 nobis
1421 1277 1917 1344 defendentibus
1961 1277 2153 1343 facile
2187 1277 2505 1345 vincebat.
2590 1290 2785 1363 atque

723 1372 792 1438 id
828 1382 1043 1437 actum
1076 1383 1176 1439 est
1206 1385 1498 1459 praetore
1533 1396 1661 1450 me,
1696 1372 2133 1458 quinquennio
2162 1382 2312 1439 ante
2338 1394 2533 1458 qnam
2558 1374 2785 1439 consul

726 1488 870 1533 sum
904 1467 1140 1531 factus:
1177 1468 1268 1533 ita
1301 1490 1371 1533 re
1406 1468 1614 1555 magis
1650 1489 1847 1552 quam
1881 1488 2139 1533 summa
2174 1467 2551 1533 auctoritate
2584 1488 2784 1533 causa

621 1562 692 1617 26
725 1562 836 1627 illa
871 1561 1136 1628 defensa
1170 1574 1287 1627 est.
1341 1563 1516 1647 quod
1551 1564 1608 1627 si
1640 1563 1708 1626 in
1747 1583 2006 1640 scaena,
2039 1560 2108 1627 id
2134 1573 2234 1628 est
2264 1561 2335 1627 in
2367 1561 2675 1639 contione,
2712 1562 2784 1627 in

629 1635 680 1697 97

630 2618 684 2661 98

724 1678 857 1742 qua
887 1655 1081 1722 rebus
1114 1656 1280 1723 fictis
1315 1668 1381 1722 et
1415 1657 1811 1723 adumbratis
1843 1656 1971 1723 loci
2005 1656 2353 1743 plurimum
2397 1666 2521 1732 est,
2564 1666 2783 1723 tamen

725 1774 951 1819 verum
985 1753 1186 1830 valet,
1233 1753 1291 1817 si
1333 1754 1528 1817 modo
1572 1752 1640 1817 id
1684 1750 2082 1837 patefactum
2117 1761 2183 1817 et
2222 1751 2629 1815 inlustratum
2662 1765 2781 1829 est,

727 1847 884 1931 quid
917 1847 985 1911 in
1019 1847 1298 1913 amicitia
1341 1847 1479 1913 fieri
1513 1857 1793 1934 oportet,
1839 1866 2009 1931 quae
2042 1856 2179 1910 tota
2210 1845 2478 1910 veritate
2512 1866 2783 1931 perpen-

727 1942 938 2007 ditur?
986 1942 1054 2006 in
1107 1962 1238 2027 qua
1287 1941 1439 2020 nisi,
1493 1954 1567 2007 ut
1621 1942 1882 2019 dicitur,
1936 1950 2230 2026 apertum
2284 1951 2507 2026 pectus
2562 1940 2784 2005 videas

726 2045 1039 2119 tuumque
1075 2036 1404 2114 ostendas,
1440 2037 1599 2101 nihil
1633 2036 1856 2113 fidum,
1892 2035 2052 2100 nihil
2087 2034 2491 2121 exploratum
2525 2034 2784 2110 habeas,

724 2150 808 2194 ne
861 2152 1076 2194 amare
1127 2129 1390 2213 quidem
1445 2141 1557 2195 aut
1609 2130 1838 2205 amari,
1904 2150 2052 2194 cum
2104 2129 2173 2194 id
2224 2149 2420 2212 quam
2472 2150 2622 2194 vere
2671 2127 2788 2192 fiat

724 2223 1000 2309 ignores.
1091 2244 1483 2307 quamquam
1517 2224 1640 2288 ista
1677 2222 2064 2301 adsentatio,
2101 2223 2395 2307 quamvis
2431 2222 2788 2309 perniciosa

727 2318 836 2395 sit,
886 2338 1118 2381 nocere
1153 2326 1368 2382 tamen
1401 2318 1642 2383 nemini
1676 2327 1889 2403 potest
1920 2318 2045 2381 nisi
2082 2319 2173 2395 ei,
2228 2316 2340 2402 qui
2386 2340 2528 2382 eam
2562 2315 2789 2401 recipit

726 2420 917 2492 atque
953 2432 1030 2474 ea
1056 2409 1426 2475 delectatur.
1479 2412 1572 2475 ita
1605 2412 1677 2475 fit
1704 2422 1777 2475 ut
1809 2412 1866 2476 is
1895 2412 2406 2477 adsentator-ibus
2441 2410 2789 2496 patefaciat

727 2502 897 2567 auris
923 2525 1071 2567 suas
1100 2503 1398 2580 maxime,
1435 2506 1548 2589 qui
1581 2506 1720 2593 ipse
1746 2506 1869 2571 sibi
1897 2506 2267 2573 adsentetur
2302 2517 2365 2571 et
2402 2528 2471 2569 se
2506 2505 2787 2569 maxime

725 2597 864 2684 ipse
891 2598 1178 2665 delectet.
1232 2598 1492 2667 omnino
1521 2612 1620 2665 est
1647 2622 1873 2665 amans
1908 2602 2010 2665 sui
2046 2601 2247 2665 virtus
2260 2625 2279 2678 3
2317 2610 2577 2687 optume
2614 2598 2788 2664 enim

726 2715 795 2758 se
829 2691 971 2778 ipsa
1003 2692 1182 2758 novit
1218 2713 1542 2777 quamque
1578 2695 1873 2760 amabilis
1910 2696 1993 2761 sit
2026 2694 2372 2781 intellegit:
2409 2715 2532 2781 ego
2570 2704 2789 2759 autem

723 2809 855 2853 non
891 2788 970 2852 de
1007 2788 1239 2853 virtute
1266 2810 1440 2853 nunc
1472 2790 1721 2874 loquor,
1758 2790 1874 2855 sed
1902 2789 1983 2855 de
2010 2789 2260 2854 virtutis
2287 2788 2603 2876 opinione.
2658 2788 2789 2852 vir-

723 2890 858 2947 tute
894 2880 1062 2946 enim
1104 2881 1246 2967 ipsa
1277 2904 1410 2949 non
1454 2894 1585 2949 tam
1620 2882 1809 2949 multi
1852 2883 2127 2971 praediti
2164 2906 2304 2950 esse
2340 2906 2537 2968 quam
2583 2881 2787 2949 videri

638 3008 646 3015 ·
722 2977 976 3041 volunt:
1012 2975 1130 3041 hos
1167 2977 1440 3043 delectat
1475 2980 1853 3057 adsentatio,
1890 2979 1989 3045 his
2018 2980 2211 3046 fictus
2242 2981 2325 3046 ad
2359 2982 2643 3067 ipsorum
2672 3000 2789 3042 vo-

720 3070 1036 3135 luntatem
1082 3092 1288 3136 sermo
1325 3094 1474 3138 cum
1523 3074 1894 3155 adhibetur,
1952 3076 2307 3143 orationem
2340 3076 2515 3139 illam
2552 3095 2786 3138 vanam

723 3162 1156 3229 testimonium
1191 3188 1331 3232 esse
1364 3167 1630 3233 laudum
1662 3192 1923 3234 suarum
1959 3180 2211 3257 putant.
2264 3169 2443 3233 nulla
2468 3176 2562 3230 est
2586 3165 2787 3247 igitur

723 3259 884 3325 haec
919 3258 1215 3338 amicitia,
1251 3283 1400 3326 cum
1436 3264 1596 3328 alter
1630 3286 1857 3329 verum
1894 3265 2117 3330 audire
2150 3278 2279 3327 n‘on
2315 3259 2465 3333 volt,
2504 3257 2663 3321 alter
2696 3255 2783 3319 ad

722 3353 1161 3420 mentiendum
1187 3367 1448 3442 paratus
1467 3367 1585 3423 est.
1637 3379 1759 3424 nec
1777 3358 2199 3444 parasitorum
2218 3355 2284 3419 in
2304 3350 2649 3417 comoediis
2668 3349 2785 3414 ad-

724 3448 990 3514 sentatio
1019 3449 1229 3516 faceta
1253 3451 1437 3517 nobis
1464 3451 1809 3531 videretur,
1839 3453 1964 3518 nisi
1991 3461 2204 3519 essent
2228 3446 2460 3512 milites
2497 3445 2783 3533 gloriosi.

1023 3610 1293 3675 magnas
1327 3609 1479 3653 vero
1516 3610 1710 3675 agere
1744 3590 1986 3675 gratias
2021 3587 2221 3652 Thais
2254 3583 2452 3648 mihi?

725 3732 878 3796 satis
905 3742 1041 3797 erat
1065 3732 1450 3819 respondere
1487 3739 1789 3820 ‘magnas
1804 3735 1843 3799 ’τ
1880 3732 2217 3820 ‘ingentis’
2250 3730 2476 3814 inquit.
2532 3752 2787 3815 semper

725 3836 923 3911 auget
948 3826 1316 3892 adsentator
1340 3826 1430 3905 id,
1467 3828 1643 3913 quod
1669 3829 1746 3907 is,
1782 3829 1967 3895 cuius
1995 3828 2079 3892 ad
2106 3828 2503 3893 voluntatem
2530 3823 2787 3903 dicitur,

725 3920 858 3984 volt
903 3940 1042 3985 esse
1087 3944 1416 4007 magnum.
1515 3944 1714 4006 quam
1758 3922 1841 3987 ob
1886 3945 2053 4001 rem,
2108 3942 2501 4007 quamquam
2546 3918 2789 3985 blanda

725 4012 850 4075 ista
892 4014 1142 4079 vanitas
1188 4018 1361 4102 apud
1404 4039 1514 4083 eos
1558 4016 1761 4094 valet,
1816 4018 1929 4102 qui
1972 4018 2097 4106 ipsi
2140 4018 2319 4084 illam
2363 4017 2686 4083 adlectant
2722 4026 2787 4080 et

725 4102 1028 4183 invitant,
1083 4118 1299 4175 tamen
1336 4109 1526 4176 etiam
1571 4109 1901 4195 graviores
1938 4113 2525 4197 constantioresque
2563 4109 2801 4193 admo·-
