<?xml version="1.0" encoding="UTF-8"?>
<!DOCTYPE html PUBLIC "-//W3C//DTD XHTML 1.0 Transitional//EN"
    "http://www.w3.org/TR/xhtml1/DTD/xhtml1-transitional.dtd">
<html xmlns="http://www.w3.org/1999/xhtml" xml:lang="en" lang="en">
 <head>
  <title>
</title>
<meta http-equiv="Content-Type" content="text/html;charset=utf-8" />
  <meta name='ocr-system' content='tesseract 3.04.00' />
  <meta name='ocr-capabilities' content='ocr_page ocr_carea ocr_par ocr_line ocrx_word'/>
</head>
<body>
  <div class='ocr_page' id='page_1' title='image "./mtulliiciceroni03unkngoog_0191.png"; bbox 0 0 3292 4559; ppageno 0'>
   <div class='ocr_carea' id='block_1_1' title="bbox 979 306 2548 374">
    <p class='ocr_par' dir='ltr' id='par_1_1' title="bbox 979 306 2548 374">
     <span class='ocr_line' id='line_1_1' title="bbox 979 306 2548 374; baseline -0.001 0"><span class='ocrx_word' id='word_1_1' title='bbox 979 317 1087 374; x_wconf 88' lang='lat' dir='ltr'>DE</span> <span class='ocrx_word' id='word_1_2' title='bbox 1120 312 1643 374; x_wconf 79' lang='lat' dir='ltr'><strong>DIVINATIONE</strong></span> <span class='ocrx_word' id='word_1_3' title='bbox 1677 313 2070 374; x_wconf 82' lang='lat'>1.113-,-118.</span> <span class='ocrx_word' id='word_1_4' title='bbox 2139 343 2144 349; x_wconf 81' lang='grc'><em>·</em></span> <span class='ocrx_word' id='word_1_5' title='bbox 2425 306 2548 374; x_wconf 78' lang='grc'>161</span> 
     </span>
    </p>
   </div>
   <div class='ocr_carea' id='block_1_2' title="bbox 483 425 2654 4114">
    <p class='ocr_par' dir='ltr' id='par_1_2' title="bbox 483 425 2654 4114">
     <span class='ocr_line' id='line_1_2' title="bbox 502 425 2554 530; baseline 0.001 -22"><span class='ocrx_word' id='word_1_6' title='bbox 502 444 677 530; x_wconf 84' lang='lat' dir='ltr'>viget</span> <span class='ocrx_word' id='word_1_7' title='bbox 709 442 879 509; x_wconf 88' lang='lat' dir='ltr'>enim</span> <span class='ocrx_word' id='word_1_8' title='bbox 924 441 1176 506; x_wconf 88' lang='lat' dir='ltr'>animus</span> <span class='ocrx_word' id='word_1_9' title='bbox 1209 437 1281 504; x_wconf 91' lang='lat' dir='ltr'>in</span> <span class='ocrx_word' id='word_1_10' title='bbox 1313 436 1551 504; x_wconf 84' lang='lat' dir='ltr'>somnis</span> <span class='ocrx_word' id='word_1_11' title='bbox 1595 437 1760 504; x_wconf 88' lang='lat' dir='ltr'>liber</span> <span class='ocrx_word' id='word_1_12' title='bbox 1794 437 1878 502; x_wconf 90' lang='lat' dir='ltr'>ab</span> <span class='ocrx_word' id='word_1_13' title='bbox 1921 425 2216 506; x_wconf 81' lang='lat' dir='ltr'>sensibus</span> <span class='ocrx_word' id='word_1_14' title='bbox 2249 443 2554 528; x_wconf 84' lang='lat' dir='ltr'>omnique</span> 
     </span>
     <span class='ocr_line' id='line_1_3' title="bbox 499 531 2548 649; baseline 0.001 -47"><span class='ocrx_word' id='word_1_15' title='bbox 499 536 897 649; x_wconf 79' lang='lat' dir='ltr'>inpeditione</span> <span class='ocrx_word' id='word_1_16' title='bbox 926 556 1255 612; x_wconf 84' lang='lat' dir='ltr'>curarum,</span> <span class='ocrx_word' id='word_1_17' title='bbox 1306 531 1557 600; x_wconf 79' lang='lat' dir='ltr'>iacente</span> <span class='ocrx_word' id='word_1_18' title='bbox 1600 543 1666 598; x_wconf 79' lang='lat' dir='ltr'>et</span> <span class='ocrx_word' id='word_1_19' title='bbox 1707 543 1960 598; x_wconf 86' lang='lat' dir='ltr'>mortuo</span> <span class='ocrx_word' id='word_1_20' title='bbox 2004 552 2212 620; x_wconf 85' lang='lat' dir='ltr'>paene</span> <span class='ocrx_word' id='word_1_21' title='bbox 2252 555 2548 623; x_wconf 78' lang='lat' dir='ltr'>eorpore3</span> 
     </span>
     <span class='ocr_line' id='line_1_4' title="bbox 501 627 2552 718; baseline 0 -21"><span class='ocrx_word' id='word_1_22' title='bbox 501 632 608 718; x_wconf 88' lang='lat' dir='ltr'>qui</span> <span class='ocrx_word' id='word_1_23' title='bbox 642 631 796 717; x_wconf 88' lang='lat' dir='ltr'>quia</span> <span class='ocrx_word' id='word_1_24' title='bbox 836 629 999 695; x_wconf 83' lang='lat' dir='ltr'>vixit</span> <span class='ocrx_word' id='word_1_25' title='bbox 1040 629 1125 694; x_wconf 81' lang='lat' dir='ltr'>ab</span> <span class='ocrx_word' id='word_1_26' title='bbox 1171 627 1346 692; x_wconf 86' lang='lat' dir='ltr'>omni</span> <span class='ocrx_word' id='word_1_27' title='bbox 1388 627 1764 694; x_wconf 77' lang='lat' dir='ltr'>aeternitate</span> <span class='ocrx_word' id='word_1_28' title='bbox 1806 637 2226 714; x_wconf 77' lang='lat' dir='ltr'>versatusque</span> <span class='ocrx_word' id='word_1_29' title='bbox 2257 641 2360 696; x_wconf 86' lang='lat' dir='ltr'>est</span> <span class='ocrx_word' id='word_1_30' title='bbox 2401 653 2552 698; x_wconf 85' lang='lat' dir='ltr'>cum</span> 
     </span>
     <span class='ocr_line' id='line_1_5' title="bbox 498 720 2552 806; baseline -0.001 -14"><span class='ocrx_word' id='word_1_31' title='bbox 498 723 1063 792; x_wconf 82' lang='lat' dir='ltr'>innumerabilibus</span> <span class='ocrx_word' id='word_1_32' title='bbox 1116 721 1373 806; x_wconf 79' lang='lat' dir='ltr'>animis,</span> <span class='ocrx_word' id='word_1_33' title='bbox 1424 720 1668 799; x_wconf 85' lang='lat' dir='ltr'>omnia,</span> <span class='ocrx_word' id='word_1_34' title='bbox 1721 741 1890 806; x_wconf 85' lang='lat' dir='ltr'>quae</span> <span class='ocrx_word' id='word_1_35' title='bbox 1939 722 2011 788; x_wconf 90' lang='lat' dir='ltr'>in</span> <span class='ocrx_word' id='word_1_36' title='bbox 2062 734 2296 790; x_wconf 83' lang='lat' dir='ltr'>natura</span> <span class='ocrx_word' id='word_1_37' title='bbox 2335 747 2552 792; x_wconf 83' lang='lat' dir='ltr'>rerum</span> 
     </span>
     <span class='ocr_line' id='line_1_6' title="bbox 500 815 2554 906; baseline -0.001 -20"><span class='ocrx_word' id='word_1_38' title='bbox 500 831 661 899; x_wconf 82' lang='lat' dir='ltr'>sunt,</span> <span class='ocrx_word' id='word_1_39' title='bbox 693 819 893 896; x_wconf 81' lang='lat' dir='ltr'>videt,</span> <span class='ocrx_word' id='word_1_40' title='bbox 926 817 983 882; x_wconf 85' lang='lat' dir='ltr'>si</span> <span class='ocrx_word' id='word_1_41' title='bbox 1016 816 1211 883; x_wconf 86' lang='lat' dir='ltr'>modo</span> <span class='ocrx_word' id='word_1_42' title='bbox 1245 815 1612 902; x_wconf 70' lang='lat' dir='ltr'>temperatis</span> <span class='ocrx_word' id='word_1_43' title='bbox 1642 816 1812 884; x_wconf 87' lang='lat' dir='ltr'>escis</span> <span class='ocrx_word' id='word_1_44' title='bbox 1847 817 2244 904; x_wconf 80' lang='lat' dir='ltr'>modicisque</span> <span class='ocrx_word' id='word_1_45' title='bbox 2275 819 2554 906; x_wconf 84' lang='lat' dir='ltr'>potioni-</span> 
     </span>
     <span class='ocr_line' id='line_1_7' title="bbox 498 910 2550 1000; baseline 0.001 -22"><span class='ocrx_word' id='word_1_46' title='bbox 498 914 614 980; x_wconf 91' lang='lat' dir='ltr'>bus</span> <span class='ocrx_word' id='word_1_47' title='bbox 648 914 741 979; x_wconf 86' lang='lat' dir='ltr'>ita</span> <span class='ocrx_word' id='word_1_48' title='bbox 776 923 874 980; x_wconf 86' lang='lat' dir='ltr'>est</span> <span class='ocrx_word' id='word_1_49' title='bbox 908 911 1219 987; x_wconf 83' lang='lat' dir='ltr'>adfectus,</span> <span class='ocrx_word' id='word_1_50' title='bbox 1254 921 1329 976; x_wconf 88' lang='lat' dir='ltr'>ut</span> <span class='ocrx_word' id='word_1_51' title='bbox 1360 910 1569 996; x_wconf 82' lang='lat' dir='ltr'>sopito</span> <span class='ocrx_word' id='word_1_52' title='bbox 1604 930 1870 998; x_wconf 73' lang='lat' dir='ltr'>empore</span> <span class='ocrx_word' id='word_1_53' title='bbox 1903 912 2043 1000; x_wconf 87' lang='lat' dir='ltr'>ipse</span> <span class='ocrx_word' id='word_1_54' title='bbox 2077 913 2318 1000; x_wconf 78' lang='lat' dir='ltr'>vigilet.</span> <span class='ocrx_word' id='word_1_55' title='bbox 2389 914 2550 982; x_wconf 84' lang='lat' dir='ltr'>haec</span> 
     </span>
     <span class='ocr_line' id='line_1_8' title="bbox 498 1005 2654 1118; baseline -0.002 -44"><span class='ocrx_word' id='word_1_56' title='bbox 498 1007 867 1074; x_wconf 81' lang='lat' dir='ltr'>somniantis</span> <span class='ocrx_word' id='word_1_57' title='bbox 916 1017 1015 1072; x_wconf 85' lang='lat' dir='ltr'>est</span> <span class='ocrx_word' id='word_1_58' title='bbox 1057 1005 1381 1070; x_wconf 85' lang='lat' dir='ltr'>divinatio.</span> <span class='ocrx_word' id='word_1_59' title='bbox 1471 1005 1575 1070; x_wconf 87' lang='grc'>1119</span> <span class='ocrx_word' id='word_1_60' title='bbox 1618 1028 1858 1093; x_wconf 85' lang='lat' dir='ltr'>magna</span> <span class='ocrx_word' id='word_1_61' title='bbox 1897 1009 2220 1118; x_wconf 76' lang='lat' dir='ltr'>quaedam</span> <span class='ocrx_word' id='word_1_62' title='bbox 2263 1011 2550 1076; x_wconf 83' lang='lat' dir='ltr'>exoritur</span> <span class='ocrx_word' id='word_1_63' title='bbox 2573 1030 2654 1071; x_wconf 73' lang='lat' dir='ltr'>ue</span> 
     </span>
     <span class='ocr_line' id='line_1_9' title="bbox 496 1099 2550 1191; baseline 0.002 -25"><span class='ocrx_word' id='word_1_64' title='bbox 496 1122 705 1188; x_wconf 86' lang='lat' dir='ltr'>neque</span> <span class='ocrx_word' id='word_1_65' title='bbox 739 1124 819 1167; x_wconf 87' lang='lat' dir='ltr'>ea</span> <span class='ocrx_word' id='word_1_66' title='bbox 851 1099 1180 1177; x_wconf 85' lang='lat' dir='ltr'>naturalis,</span> <span class='ocrx_word' id='word_1_67' title='bbox 1216 1100 1330 1165; x_wconf 88' lang='lat' dir='ltr'>sed</span> <span class='ocrx_word' id='word_1_68' title='bbox 1366 1099 1706 1166; x_wconf 79' lang='lat' dir='ltr'>artificiosa</span> <span class='ocrx_word' id='word_1_69' title='bbox 1739 1102 2132 1167; x_wconf 85' lang='lat' dir='ltr'>somniorum</span> <span class='ocrx_word' id='word_1_70' title='bbox 2149 1101 2550 1191; x_wconf 82' lang='lat' dir='ltr'>[Antiphon-</span> 
     </span>
     <span class='ocr_line' id='line_1_10' title="bbox 498 1191 2551 1283; baseline 0.001 -21"><span class='ocrx_word' id='word_1_71' title='bbox 498 1193 618 1283; x_wconf 87' lang='lat' dir='ltr'>tis]</span> <span class='ocrx_word' id='word_1_72' title='bbox 644 1192 1113 1280; x_wconf 79' lang='lat' dir='ltr'>interpretatio,</span> <span class='ocrx_word' id='word_1_73' title='bbox 1158 1191 1512 1278; x_wconf 83' lang='lat' dir='ltr'>eodemque</span> <span class='ocrx_word' id='word_1_74' title='bbox 1556 1193 1748 1260; x_wconf 86' lang='lat' dir='ltr'>modo</span> <span class='ocrx_word' id='word_1_75' title='bbox 1793 1207 1858 1262; x_wconf 86' lang='lat' dir='ltr'>et</span> <span class='ocrx_word' id='word_1_76' title='bbox 1892 1197 2252 1262; x_wconf 81' lang='lat' dir='ltr'>oraclorum</span> <span class='ocrx_word' id='word_1_77' title='bbox 2283 1209 2352 1264; x_wconf 89' lang='lat' dir='ltr'>et</span> <span class='ocrx_word' id='word_1_78' title='bbox 2385 1199 2551 1264; x_wconf 84' lang='lat' dir='ltr'>vati-</span> 
     </span>
     <span class='ocr_line' id='line_1_11' title="bbox 498 1285 2548 1396; baseline 0.001 -40"><span class='ocrx_word' id='word_1_79' title='bbox 498 1290 903 1356; x_wconf 86' lang='lat' dir='ltr'>cinationum.</span> <span class='ocrx_word' id='word_1_80' title='bbox 1022 1285 1211 1374; x_wconf 84' lang='lat' dir='ltr'>[sunt</span> <span class='ocrx_word' id='word_1_81' title='bbox 1270 1288 1443 1354; x_wconf 88' lang='lat' dir='ltr'>enim</span> <span class='ocrx_word' id='word_1_82' title='bbox 1504 1288 1948 1374; x_wconf 78' lang='lat' dir='ltr'>explanatores</span> <span class='ocrx_word' id='word_1_83' title='bbox 2012 1301 2088 1356; x_wconf 80' lang='lat' dir='ltr'>ut</span> <span class='ocrx_word' id='word_1_84' title='bbox 2145 1293 2548 1396; x_wconf 80' lang='lat' dir='ltr'>grammatici</span> 
     </span>
     <span class='ocr_line' id='line_1_12' title="bbox 493 1379 2598 1472; baseline 0 -23"><span class='ocrx_word' id='word_1_85' title='bbox 493 1379 879 1472; x_wconf 66' lang='lat' dir='ltr'>poetarum]</span> <span class='ocrx_word' id='word_1_86' title='bbox 966 1405 1119 1448; x_wconf 84' lang='lat' dir='ltr'>nam</span> <span class='ocrx_word' id='word_1_87' title='bbox 1170 1393 1245 1448; x_wconf 85' lang='lat' dir='ltr'>ut</span> <span class='ocrx_word' id='word_1_88' title='bbox 1294 1403 1525 1449; x_wconf 83' lang='lat' dir='ltr'>aurum</span> <span class='ocrx_word' id='word_1_89' title='bbox 1576 1393 1641 1450; x_wconf 88' lang='lat' dir='ltr'>et</span> <span class='ocrx_word' id='word_1_90' title='bbox 1694 1395 2062 1472; x_wconf 84' lang='lat' dir='ltr'>argentum,</span> <span class='ocrx_word' id='word_1_91' title='bbox 2115 1390 2254 1466; x_wconf 84' lang='lat' dir='ltr'>aes,</span> <span class='ocrx_word' id='word_1_92' title='bbox 2307 1387 2548 1454; x_wconf 81' lang='lat' dir='ltr'>ferrum</span> <span class='ocrx_word' id='word_1_93' title='bbox 2573 1443 2598 1449; x_wconf 69' lang='grc'><strong>,</strong></span> 
     </span>
     <span class='ocr_line' id='line_1_13' title="bbox 493 1479 2550 1566; baseline 0 -19"><span class='ocrx_word' id='word_1_94' title='bbox 493 1479 728 1548; x_wconf 77' lang='lat' dir='ltr'>frustra</span> <span class='ocrx_word' id='word_1_95' title='bbox 776 1490 1009 1545; x_wconf 84' lang='lat' dir='ltr'>natura</span> <span class='ocrx_word' id='word_1_96' title='bbox 1058 1479 1281 1546; x_wconf 77' lang='lat' dir='ltr'>divina</span> <span class='ocrx_word' id='word_1_97' title='bbox 1340 1479 1698 1566; x_wconf 81' lang='lat' dir='ltr'>genuisset,</span> <span class='ocrx_word' id='word_1_98' title='bbox 1759 1481 1885 1546; x_wconf 87' lang='lat' dir='ltr'>nisi</span> <span class='ocrx_word' id='word_1_99' title='bbox 1937 1481 2165 1549; x_wconf 85' lang='lat' dir='ltr'>eadem</span> <span class='ocrx_word' id='word_1_100' title='bbox 2227 1483 2550 1550; x_wconf 86' lang='lat' dir='ltr'>docuisset</span> 
     </span>
     <span class='ocr_line' id='line_1_14' title="bbox 494 1573 2550 1660; baseline 0.001 -20"><span class='ocrx_word' id='word_1_101' title='bbox 494 1593 683 1660; x_wconf 89' lang='lat' dir='ltr'>quem</span> <span class='ocrx_word' id='word_1_102' title='bbox 718 1573 803 1640; x_wconf 90' lang='lat' dir='ltr'>ad</span> <span class='ocrx_word' id='word_1_103' title='bbox 836 1574 1103 1641; x_wconf 85' lang='lat' dir='ltr'>modum</span> <span class='ocrx_word' id='word_1_104' title='bbox 1134 1573 1221 1640; x_wconf 88' lang='lat' dir='ltr'>ad</span> <span class='ocrx_word' id='word_1_105' title='bbox 1254 1595 1477 1640; x_wconf 84' lang='lat' dir='ltr'>eorum</span> <span class='ocrx_word' id='word_1_106' title='bbox 1511 1595 1712 1640; x_wconf 84' lang='lat' dir='ltr'>venas</span> <span class='ocrx_word' id='word_1_107' title='bbox 1746 1577 2214 1660; x_wconf 75' lang='lat' dir='ltr'>perveniretur,</span> <span class='ocrx_word' id='word_1_108' title='bbox 2257 1599 2380 1645; x_wconf 86' lang='lat' dir='ltr'>nec</span> <span class='ocrx_word' id='word_1_109' title='bbox 2412 1579 2550 1643; x_wconf 84' lang='lat' dir='ltr'>fru-</span> 
     </span>
     <span class='ocr_line' id='line_1_15' title="bbox 493 1669 2550 1758; baseline 0.001 -24"><span class='ocrx_word' id='word_1_110' title='bbox 493 1691 607 1756; x_wconf 85' lang='lat' dir='ltr'>ges</span> <span class='ocrx_word' id='word_1_111' title='bbox 660 1679 869 1735; x_wconf 77' lang='lat' dir='ltr'>teme</span> <span class='ocrx_word' id='word_1_112' title='bbox 922 1669 1197 1736; x_wconf 80' lang='lat' dir='ltr'>bacasve</span> <span class='ocrx_word' id='word_1_113' title='bbox 1250 1669 1553 1734; x_wconf 84' lang='lat' dir='ltr'>arborum</span> <span class='ocrx_word' id='word_1_114' title='bbox 1606 1688 1758 1734; x_wconf 85' lang='lat' dir='ltr'>cum</span> <span class='ocrx_word' id='word_1_115' title='bbox 1809 1669 2083 1736; x_wconf 84' lang='lat' dir='ltr'>utilitate</span> <span class='ocrx_word' id='word_1_116' title='bbox 2131 1672 2268 1738; x_wconf 90' lang='lat' dir='ltr'>ulla</span> <span class='ocrx_word' id='word_1_117' title='bbox 2326 1672 2550 1758; x_wconf 84' lang='lat' dir='ltr'>generi</span> 
     </span>
     <span class='ocr_line' id='line_1_16' title="bbox 492 1763 2550 1840; baseline 0.002 -12"><span class='ocrx_word' id='word_1_118' title='bbox 492 1763 772 1828; x_wconf 87' lang='lat' dir='ltr'>humano</span> <span class='ocrx_word' id='word_1_119' title='bbox 807 1763 1116 1840; x_wconf 82' lang='lat' dir='ltr'>dedisset,</span> <span class='ocrx_word' id='word_1_120' title='bbox 1150 1763 1277 1828; x_wconf 83' lang='lat' dir='ltr'>nisi</span> <span class='ocrx_word' id='word_1_121' title='bbox 1310 1785 1532 1828; x_wconf 86' lang='lat' dir='ltr'>earum</span> <span class='ocrx_word' id='word_1_122' title='bbox 1568 1763 1778 1828; x_wconf 73' lang='lat' dir='ltr'>cultus</span> <span class='ocrx_word' id='word_1_123' title='bbox 1811 1774 1881 1828; x_wconf 85' lang='lat' dir='ltr'>et</span> <span class='ocrx_word' id='word_1_124' title='bbox 1915 1765 2318 1832; x_wconf 86' lang='lat' dir='ltr'>condiciones</span> <span class='ocrx_word' id='word_1_125' title='bbox 2354 1767 2550 1832; x_wconf 84' lang='lat' dir='ltr'>tradi-</span> 
     </span>
     <span class='ocr_line' id='line_1_17' title="bbox 496 1855 2550 1940; baseline 0.002 -20"><span class='ocrx_word' id='word_1_126' title='bbox 496 1855 720 1933; x_wconf 84' lang='lat' dir='ltr'>disset,</span> <span class='ocrx_word' id='word_1_127' title='bbox 762 1855 1113 1920; x_wconf 79' lang='lat' dir='ltr'>materiave</span> <span class='ocrx_word' id='word_1_128' title='bbox 1144 1855 1304 1940; x_wconf 86' lang='lat' dir='ltr'>quid</span> <span class='ocrx_word' id='word_1_129' title='bbox 1336 1855 1616 1932; x_wconf 81' lang='lat' dir='ltr'>iuvaret,</span> <span class='ocrx_word' id='word_1_130' title='bbox 1661 1855 1786 1920; x_wconf 87' lang='lat' dir='ltr'>nisi</span> <span class='ocrx_word' id='word_1_131' title='bbox 1821 1857 2242 1923; x_wconf 67' lang='lat' dir='ltr'>consentionis</span> <span class='ocrx_word' id='word_1_132' title='bbox 2274 1859 2416 1925; x_wconf 85' lang='lat' dir='ltr'>eius</span> <span class='ocrx_word' id='word_1_133' title='bbox 2449 1861 2550 1924; x_wconf 84' lang='lat' dir='ltr'>fa·</span> 
     </span>
     <span class='ocr_line' id='line_1_18' title="bbox 492 1947 2550 2036; baseline 0.002 -21"><span class='ocrx_word' id='word_1_134' title='bbox 492 1949 736 2015; x_wconf 78' lang='lat' dir='ltr'>bricam</span> <span class='ocrx_word' id='word_1_135' title='bbox 770 1947 1183 2026; x_wconf 79' lang='lat' dir='ltr'>haberemus,</span> <span class='ocrx_word' id='word_1_136' title='bbox 1226 1947 1323 2013; x_wconf 83' lang='lat' dir='ltr'>sic</span> <span class='ocrx_word' id='word_1_137' title='bbox 1356 1969 1507 2012; x_wconf 85' lang='lat' dir='ltr'>cum</span> <span class='ocrx_word' id='word_1_138' title='bbox 1540 1949 1718 2012; x_wconf 85' lang='grc'>9111111</span> <span class='ocrx_word' id='word_1_139' title='bbox 1753 1949 2055 2026; x_wconf 78' lang='lat' dir='ltr'>utilitate,</span> <span class='ocrx_word' id='word_1_140' title='bbox 2101 1971 2298 2036; x_wconf 82' lang='lat' dir='ltr'>quam</span> <span class='ocrx_word' id='word_1_141' title='bbox 2333 1953 2400 2018; x_wconf 86' lang='lat' dir='ltr'>di</span> <span class='ocrx_word' id='word_1_142' title='bbox 2433 1953 2550 2018; x_wconf 85' lang='grc'>119·</span> 
     </span>
     <span class='ocr_line' id='line_1_19' title="bbox 492 2042 2548 2132; baseline 0.001 -22"><span class='ocrx_word' id='word_1_143' title='bbox 492 2044 773 2110; x_wconf 86' lang='lat' dir='ltr'>minibus</span> <span class='ocrx_word' id='word_1_144' title='bbox 818 2042 1158 2121; x_wconf 78' lang='lat' dir='ltr'>dederunt,</span> <span class='ocrx_word' id='word_1_145' title='bbox 1212 2063 1319 2108; x_wconf 78' lang='lat' dir='ltr'>ars</span> <span class='ocrx_word' id='word_1_146' title='bbox 1370 2043 1591 2126; x_wconf 81' lang='lat' dir='ltr'>aliqua</span> <span class='ocrx_word' id='word_1_147' title='bbox 1632 2043 1972 2110; x_wconf 81' lang='lat' dir='ltr'>coniuncta</span> <span class='ocrx_word' id='word_1_148' title='bbox 2015 2055 2140 2122; x_wconf 86' lang='lat' dir='ltr'>est,</span> <span class='ocrx_word' id='word_1_149' title='bbox 2191 2067 2309 2132; x_wconf 86' lang='lat' dir='ltr'>per</span> <span class='ocrx_word' id='word_1_150' title='bbox 2353 2067 2548 2132; x_wconf 85' lang='lat' dir='ltr'>quam</span> 
     </span>
     <span class='ocr_line' id='line_1_20' title="bbox 490 2137 2550 2226; baseline 0.001 -20"><span class='ocrx_word' id='word_1_151' title='bbox 490 2141 603 2208; x_wconf 85' lang='lat' dir='ltr'>illa</span> <span class='ocrx_word' id='word_1_152' title='bbox 632 2139 875 2206; x_wconf 83' lang='lat' dir='ltr'>utilitas</span> <span class='ocrx_word' id='word_1_153' title='bbox 908 2138 1151 2224; x_wconf 79' lang='lat' dir='ltr'>percipi</span> <span class='ocrx_word' id='word_1_154' title='bbox 1180 2138 1401 2226; x_wconf 79' lang='lat' dir='ltr'>possit.</span> <span class='ocrx_word' id='word_1_155' title='bbox 1489 2137 1645 2204; x_wconf 76' lang='lat' dir='ltr'>item</span> <span class='ocrx_word' id='word_1_156' title='bbox 1677 2139 1878 2224; x_wconf 83' lang='lat' dir='ltr'>igitur</span> <span class='ocrx_word' id='word_1_157' title='bbox 1909 2140 2198 2218; x_wconf 82' lang='lat' dir='ltr'>somniis,</span> <span class='ocrx_word' id='word_1_158' title='bbox 2239 2141 2550 2208; x_wconf 80' lang='lat' dir='ltr'>vaticina·-</span> 
     </span>
     <span class='ocr_line' id='line_1_21' title="bbox 492 2232 2550 2318; baseline 0.002 -18"><span class='ocrx_word' id='word_1_159' title='bbox 492 2234 793 2312; x_wconf 84' lang='lat' dir='ltr'>tionibus,</span> <span class='ocrx_word' id='word_1_160' title='bbox 829 2233 1076 2311; x_wconf 80' lang='lat' dir='ltr'>oraclis,</span> <span class='ocrx_word' id='word_1_161' title='bbox 1108 2232 1290 2318; x_wconf 86' lang='lat' dir='ltr'>quod</span> <span class='ocrx_word' id='word_1_162' title='bbox 1324 2243 1505 2298; x_wconf 82' lang='lat' dir='ltr'>erant</span> <span class='ocrx_word' id='word_1_163' title='bbox 1537 2233 1744 2298; x_wconf 82' lang='lat' dir='ltr'>multa</span> <span class='ocrx_word' id='word_1_164' title='bbox 1777 2233 2073 2312; x_wconf 84' lang='lat' dir='ltr'>obscura,</span> <span class='ocrx_word' id='word_1_165' title='bbox 2107 2236 2312 2303; x_wconf 84' lang='lat' dir='ltr'>multa</span> <span class='ocrx_word' id='word_1_166' title='bbox 2345 2237 2550 2304; x_wconf 68' lang='lat' dir='ltr'>ambi-</span> 
     </span>
     <span class='ocr_line' id='line_1_22' title="bbox 490 2325 2654 2417; baseline -0.001 -22"><span class='ocrx_word' id='word_1_167' title='bbox 490 2352 643 2417; x_wconf 85' lang='lat' dir='ltr'>gua,</span> <span class='ocrx_word' id='word_1_168' title='bbox 681 2326 1157 2416; x_wconf 79' lang='lat' dir='ltr'>explanationes</span> <span class='ocrx_word' id='word_1_169' title='bbox 1187 2325 1511 2393; x_wconf 69' lang='lat' dir='ltr'>adhibitae</span> <span class='ocrx_word' id='word_1_170' title='bbox 1536 2337 1688 2392; x_wconf 87' lang='lat' dir='ltr'>sunt</span> <span class='ocrx_word' id='word_1_171' title='bbox 1711 2327 2150 2414; x_wconf 79' lang='lat' dir='ltr'>interpretum.</span> <span class='ocrx_word' id='word_1_172' title='bbox 2203 2349 2332 2414; x_wconf 85' lang='lat' dir='ltr'>quo</span> <span class='ocrx_word' id='word_1_173' title='bbox 2357 2330 2550 2397; x_wconf 84' lang='lat' dir='ltr'>modo</span> <span class='ocrx_word' id='word_1_174' title='bbox 2577 2346 2654 2392; x_wconf 79' lang='grc' dir='ltr'>ιιι</span> 
     </span>
     <span class='ocr_line' id='line_1_23' title="bbox 490 2423 2552 2509; baseline 0 -18"><span class='ocrx_word' id='word_1_175' title='bbox 490 2435 707 2492; x_wconf 84' lang='lat' dir='ltr'>autem</span> <span class='ocrx_word' id='word_1_176' title='bbox 742 2435 857 2490; x_wconf 83' lang='lat' dir='ltr'>aut</span> <span class='ocrx_word' id='word_1_177' title='bbox 895 2433 1077 2489; x_wconf 75' lang='lat' dir='ltr'>vates</span> <span class='ocrx_word' id='word_1_178' title='bbox 1124 2433 1239 2488; x_wconf 80' lang='lat' dir='ltr'>ant</span> <span class='ocrx_word' id='word_1_179' title='bbox 1280 2423 1674 2488; x_wconf 77' lang='lat' dir='ltr'>somniantes</span> <span class='ocrx_word' id='word_1_180' title='bbox 1717 2443 1796 2488; x_wconf 86' lang='lat' dir='ltr'>ea</span> <span class='ocrx_word' id='word_1_181' title='bbox 1842 2423 2132 2500; x_wconf 73' lang='lat' dir='ltr'>videant,</span> <span class='ocrx_word' id='word_1_182' title='bbox 2187 2444 2354 2509; x_wconf 89' lang='lat' dir='ltr'>quac</span> <span class='ocrx_word' id='word_1_183' title='bbox 2395 2449 2552 2492; x_wconf 85' lang='lat' dir='ltr'>nus-</span> 
     </span>
     <span class='ocr_line' id='line_1_24' title="bbox 488 2518 2552 2607; baseline 0.001 -21"><span class='ocrx_word' id='word_1_184' title='bbox 488 2542 685 2605; x_wconf 86' lang='lat' dir='ltr'>quam</span> <span class='ocrx_word' id='word_1_185' title='bbox 718 2520 913 2588; x_wconf 85' lang='lat' dir='ltr'>etiam</span> <span class='ocrx_word' id='word_1_186' title='bbox 948 2530 1103 2585; x_wconf 76' lang='lat' dir='ltr'>tune</span> <span class='ocrx_word' id='word_1_187' title='bbox 1136 2519 1284 2596; x_wconf 85' lang='lat' dir='ltr'>sint,</span> <span class='ocrx_word' id='word_1_188' title='bbox 1316 2541 1559 2605; x_wconf 83' lang='lat' dir='ltr'>magna</span> <span class='ocrx_word' id='word_1_189' title='bbox 1585 2518 1878 2602; x_wconf 75' lang='lat' dir='ltr'>quaestio</span> <span class='ocrx_word' id='word_1_190' title='bbox 1907 2528 2034 2596; x_wconf 84' lang='lat' dir='ltr'>est3</span> <span class='ocrx_word' id='word_1_191' title='bbox 2069 2519 2188 2585; x_wconf 89' lang='lat' dir='ltr'>sed</span> <span class='ocrx_word' id='word_1_192' title='bbox 2221 2521 2552 2607; x_wconf 77' lang='lat' dir='ltr'>explorata</span> 
     </span>
     <span class='ocr_line' id='line_1_25' title="bbox 492 2612 2550 2700; baseline 0.001 -22"><span class='ocrx_word' id='word_1_193' title='bbox 492 2614 547 2679; x_wconf 89' lang='lat' dir='ltr'>si</span> <span class='ocrx_word' id='word_1_194' title='bbox 598 2614 724 2680; x_wconf 85' lang='lat' dir='ltr'>sint</span> <span class='ocrx_word' id='word_1_195' title='bbox 774 2636 881 2692; x_wconf 88' lang='lat' dir='ltr'>ea,</span> <span class='ocrx_word' id='word_1_196' title='bbox 930 2633 1101 2698; x_wconf 86' lang='lat' dir='ltr'>quae</span> <span class='ocrx_word' id='word_1_197' title='bbox 1146 2624 1295 2680; x_wconf 85' lang='lat' dir='ltr'>ante</span> <span class='ocrx_word' id='word_1_198' title='bbox 1336 2613 1561 2698; x_wconf 77' lang='lat' dir='ltr'>quaeri</span> <span class='ocrx_word' id='word_1_199' title='bbox 1598 2612 1882 2679; x_wconf 82' lang='lat' dir='ltr'>debeant</span> <span class='ocrx_word' id='word_1_200' title='bbox 1893 2658 1912 2691; x_wconf 94' lang='lat'>,</span> <span class='ocrx_word' id='word_1_201' title='bbox 1965 2613 2094 2678; x_wconf 83' lang='lat' dir='ltr'>sint</span> <span class='ocrx_word' id='word_1_202' title='bbox 2138 2612 2330 2692; x_wconf 88' lang='lat' dir='ltr'>haec,</span> <span class='ocrx_word' id='word_1_203' title='bbox 2383 2635 2550 2700; x_wconf 84' lang='lat' dir='ltr'>quae</span> 
     </span>
     <span class='ocr_line' id='line_1_26' title="bbox 490 2707 2551 2792; baseline 0.001 -20"><span class='ocrx_word' id='word_1_204' title='bbox 490 2708 880 2792; x_wconf 81' lang='lat' dir='ltr'>quaerimus,</span> <span class='ocrx_word' id='word_1_205' title='bbox 916 2707 1229 2773; x_wconf 78' lang='lat' dir='ltr'>faciliora:</span> <span class='ocrx_word' id='word_1_206' title='bbox 1266 2708 1551 2774; x_wconf 84' lang='lat' dir='ltr'>continet</span> <span class='ocrx_word' id='word_1_207' title='bbox 1586 2707 1757 2773; x_wconf 85' lang='lat' dir='ltr'>enim</span> <span class='ocrx_word' id='word_1_208' title='bbox 1792 2717 1996 2774; x_wconf 82' lang='lat' dir='ltr'>totam</span> <span class='ocrx_word' id='word_1_209' title='bbox 2027 2708 2196 2774; x_wconf 87' lang='lat' dir='ltr'>hanc</span> <span class='ocrx_word' id='word_1_210' title='bbox 2230 2710 2551 2792; x_wconf 82' lang='lat' dir='ltr'>quaestio-</span> 
     </span>
     <span class='ocr_line' id='line_1_27' title="bbox 488 2801 2552 2887; baseline 0.001 -20"><span class='ocrx_word' id='word_1_211' title='bbox 488 2825 641 2867; x_wconf 88' lang='lat' dir='ltr'>nem</span> <span class='ocrx_word' id='word_1_212' title='bbox 694 2823 775 2866; x_wconf 87' lang='lat' dir='ltr'>ea</span> <span class='ocrx_word' id='word_1_213' title='bbox 820 2801 1015 2878; x_wconf 79' lang='lat' dir='ltr'>ratic,</span> <span class='ocrx_word' id='word_1_214' title='bbox 1066 2823 1235 2885; x_wconf 85' lang='lat' dir='ltr'>quae</span> <span class='ocrx_word' id='word_1_215' title='bbox 1288 2811 1387 2866; x_wconf 88' lang='lat' dir='ltr'>est</span> <span class='ocrx_word' id='word_1_216' title='bbox 1438 2801 1519 2866; x_wconf 88' lang='lat' dir='ltr'>de</span> <span class='ocrx_word' id='word_1_217' title='bbox 1561 2813 1796 2867; x_wconf 81' lang='lat' dir='ltr'>natura</span> <span class='ocrx_word' id='word_1_218' title='bbox 1839 2803 2136 2880; x_wconf 87' lang='lat' dir='ltr'>deorum,</span> <span class='ocrx_word' id='word_1_219' title='bbox 2189 2823 2357 2887; x_wconf 85' lang='lat' dir='ltr'>quae</span> <span class='ocrx_word' id='word_1_220' title='bbox 2400 2827 2442 2869; x_wconf 92' lang='lat' dir='ltr'>a</span> <span class='ocrx_word' id='word_1_221' title='bbox 2483 2813 2552 2870; x_wconf 82' lang='lat' dir='ltr'>te</span> 
     </span>
     <span class='ocr_line' id='line_1_28' title="bbox 492 2895 2548 2981; baseline 0.002 -22"><span class='ocrx_word' id='word_1_222' title='bbox 492 2895 777 2960; x_wconf 74' lang='lat' dir='ltr'>necundo</span> <span class='ocrx_word' id='word_1_223' title='bbox 811 2895 976 2960; x_wconf 83' lang='lat' dir='ltr'>libro</span> <span class='ocrx_word' id='word_1_224' title='bbox 1010 2907 1109 2961; x_wconf 88' lang='lat' dir='ltr'>est</span> <span class='ocrx_word' id='word_1_225' title='bbox 1143 2896 1463 2981; x_wconf 63' lang='lat' dir='ltr'>explicata</span> <span class='ocrx_word' id='word_1_226' title='bbox 1494 2897 1804 2975; x_wconf 82' lang='lat' dir='ltr'>dilucide3</span> <span class='ocrx_word' id='word_1_227' title='bbox 1845 2919 2044 2981; x_wconf 83' lang='lat' dir='ltr'>quam</span> <span class='ocrx_word' id='word_1_228' title='bbox 2079 2897 2136 2962; x_wconf 86' lang='lat' dir='ltr'>si</span> <span class='ocrx_word' id='word_1_229' title='bbox 2167 2897 2548 2975; x_wconf 79' lang='lat' dir='ltr'>obtinemus,</span> 
     </span>
     <span class='ocr_line' id='line_1_29' title="bbox 490 2987 2550 3079; baseline 0.003 -25"><span class='ocrx_word' id='word_1_230' title='bbox 490 2987 689 3054; x_wconf 86' lang='lat' dir='ltr'>stabit</span> <span class='ocrx_word' id='word_1_231' title='bbox 720 2987 911 3067; x_wconf 86' lang='lat' dir='ltr'>illud,</span> <span class='ocrx_word' id='word_1_232' title='bbox 951 2989 1130 3073; x_wconf 85' lang='lat' dir='ltr'>quod</span> <span class='ocrx_word' id='word_1_233' title='bbox 1175 2989 1347 3055; x_wconf 86' lang='lat' dir='ltr'>hune</span> <span class='ocrx_word' id='word_1_234' title='bbox 1380 2990 1595 3056; x_wconf 78' lang='lat' dir='ltr'>locum</span> <span class='ocrx_word' id='word_1_235' title='bbox 1630 2991 1940 3068; x_wconf 86' lang='lat' dir='ltr'>eontinet,</span> <span class='ocrx_word' id='word_1_236' title='bbox 1987 2992 2068 3058; x_wconf 92' lang='lat' dir='ltr'>de</span> <span class='ocrx_word' id='word_1_237' title='bbox 2103 3013 2232 3078; x_wconf 86' lang='lat' dir='ltr'>quo</span> <span class='ocrx_word' id='word_1_238' title='bbox 2267 2993 2550 3079; x_wconf 73' lang='grc'>9811111191</span> 
     </span>
     <span class='ocr_line' id='line_1_30' title="bbox 492 3080 2552 3169; baseline 0.003 -21"><span class='ocrx_word' id='word_1_239' title='bbox 492 3103 636 3148; x_wconf 84' lang='grc'>9989</span> <span class='ocrx_word' id='word_1_240' title='bbox 690 3080 845 3147; x_wconf 85' lang='lat' dir='ltr'>deos</span> <span class='ocrx_word' id='word_1_241' title='bbox 892 3092 963 3148; x_wconf 85' lang='lat' dir='ltr'>et</span> <span class='ocrx_word' id='word_1_242' title='bbox 1023 3086 1247 3150; x_wconf 83' lang='lat' dir='ltr'>eorum</span> <span class='ocrx_word' id='word_1_243' title='bbox 1296 3083 1698 3169; x_wconf 78' lang='lat' dir='ltr'>providentia</span> <span class='ocrx_word' id='word_1_244' title='bbox 1757 3084 2072 3151; x_wconf 82' lang='lat' dir='ltr'>mundum</span> <span class='ocrx_word' id='word_1_245' title='bbox 2121 3085 2552 3154; x_wconf 76' lang='lat' dir='ltr'>administra-ri</span> 
     </span>
     <span class='ocr_line' id='line_1_31' title="bbox 492 3175 2550 3261; baseline 0.002 -17"><span class='ocrx_word' id='word_1_246' title='bbox 492 3175 881 3260; x_wconf 83' lang='lat' dir='ltr'>eosdemque</span> <span class='ocrx_word' id='word_1_247' title='bbox 909 3177 1239 3244; x_wconf 78' lang='lat' dir='ltr'>consulere</span> <span class='ocrx_word' id='word_1_248' title='bbox 1262 3177 1457 3244; x_wconf 84' lang='lat' dir='ltr'>rebus</span> <span class='ocrx_word' id='word_1_249' title='bbox 1482 3178 1800 3257; x_wconf 78' lang='lat' dir='ltr'>humanis,</span> <span class='ocrx_word' id='word_1_250' title='bbox 1833 3201 1953 3246; x_wconf 86' lang='lat' dir='ltr'>nec</span> <span class='ocrx_word' id='word_1_251' title='bbox 1981 3181 2190 3247; x_wconf 87' lang='lat' dir='ltr'>solum</span> <span class='ocrx_word' id='word_1_252' title='bbox 2213 3182 2550 3261; x_wconf 78' lang='lat' dir='ltr'>universis,</span> 
     </span>
     <span class='ocr_line' id='line_1_32' title="bbox 486 3269 2551 3364; baseline 0.004 -28"><span class='ocrx_word' id='word_1_253' title='bbox 486 3293 719 3338; x_wconf 85' lang='lat' dir='ltr'>verum</span> <span class='ocrx_word' id='word_1_254' title='bbox 752 3269 947 3337; x_wconf 81' lang='lat' dir='ltr'>etiam</span> <span class='ocrx_word' id='word_1_255' title='bbox 990 3270 1280 3357; x_wconf 85' lang='lat' dir='ltr'>singulis.</span> <span class='ocrx_word' id='word_1_256' title='bbox 1366 3271 1529 3338; x_wconf 76' lang='lat' dir='ltr'>haec</span> <span class='ocrx_word' id='word_1_257' title='bbox 1560 3273 1616 3338; x_wconf 82' lang='lat' dir='ltr'>si</span> <span class='ocrx_word' id='word_1_258' title='bbox 1652 3283 1972 3354; x_wconf 82' lang='lat' dir='ltr'>tenemus,</span> <span class='ocrx_word' id='word_1_259' title='bbox 2016 3294 2183 3361; x_wconf 83' lang='lat' dir='ltr'>quae</span> <span class='ocrx_word' id='word_1_260' title='bbox 2215 3276 2375 3342; x_wconf 85' lang='lat' dir='ltr'>mihi</span> <span class='ocrx_word' id='word_1_261' title='bbox 2407 3276 2551 3364; x_wconf 82' lang='lat' dir='ltr'>qui-</span> 
     </span>
     <span class='ocr_line' id='line_1_33' title="bbox 488 3365 2550 3454; baseline 0.001 -22"><span class='ocrx_word' id='word_1_262' title='bbox 488 3365 642 3433; x_wconf 88' lang='lat' dir='ltr'>dem</span> <span class='ocrx_word' id='word_1_263' title='bbox 674 3387 805 3432; x_wconf 85' lang='lat' dir='ltr'>non</span> <span class='ocrx_word' id='word_1_264' title='bbox 848 3365 1146 3433; x_wconf 82' lang='lat' dir='ltr'>videntur</span> <span class='ocrx_word' id='word_1_265' title='bbox 1185 3388 1377 3452; x_wconf 86' lang='lat' dir='ltr'>posse</span> <span class='ocrx_word' id='word_1_266' title='bbox 1420 3367 1721 3447; x_wconf 77' lang='lat' dir='ltr'>convelli,</span> <span class='ocrx_word' id='word_1_267' title='bbox 1773 3369 2063 3454; x_wconf 69' lang='lat' dir='ltr'>profecto</span> <span class='ocrx_word' id='word_1_268' title='bbox 2107 3369 2472 3436; x_wconf 83' lang='lat' dir='ltr'>hominibus</span> <span class='ocrx_word' id='word_1_269' title='bbox 2508 3393 2550 3435; x_wconf 89' lang='lat' dir='ltr'>a</span> 
     </span>
     <span class='ocr_line' id='line_1_34' title="bbox 488 3457 2651 3548; baseline 0.001 -22"><span class='ocrx_word' id='word_1_270' title='bbox 488 3459 591 3526; x_wconf 87' lang='lat' dir='ltr'>dis</span> <span class='ocrx_word' id='word_1_271' title='bbox 626 3459 848 3526; x_wconf 76' lang='lat' dir='ltr'>futura</span> <span class='ocrx_word' id='word_1_272' title='bbox 890 3457 1237 3547; x_wconf 78' lang='lat' dir='ltr'>significari</span> <span class='ocrx_word' id='word_1_273' title='bbox 1271 3481 1531 3528; x_wconf 86' lang='grc'>11999889</span> <span class='ocrx_word' id='word_1_274' title='bbox 1565 3471 1695 3540; x_wconf 57' lang='grc'>9893</span> <span class='ocrx_word' id='word_1_275' title='bbox 1739 3462 1855 3528; x_wconf 85' lang='lat' dir='ltr'>sed</span> <span class='ocrx_word' id='word_1_276' title='bbox 1888 3462 2416 3548; x_wconf 67' lang='lat' dir='ltr'>distmguendum</span> <span class='ocrx_word' id='word_1_277' title='bbox 2453 3461 2548 3528; x_wconf 74' lang='lat' dir='ltr'>vi-</span> <span class='ocrx_word' id='word_1_278' title='bbox 2577 3457 2651 3512; x_wconf 78' lang='lat'>52</span> 
     </span>
     <span class='ocr_line' id='line_1_35' title="bbox 488 3530 2626 3642; baseline 0.002 -24"><span class='ocrx_word' id='word_1_279' title='bbox 488 3553 682 3620; x_wconf 88' lang='lat' dir='ltr'>detur</span> <span class='ocrx_word' id='word_1_280' title='bbox 732 3573 1014 3640; x_wconf 87' lang='lat' dir='ltr'>quonam</span> <span class='ocrx_word' id='word_1_281' title='bbox 1064 3553 1290 3620; x_wconf 80' lang='lat' dir='ltr'>modo:</span> <span class='ocrx_word' id='word_1_282' title='bbox 1345 3577 1496 3620; x_wconf 87' lang='lat' dir='ltr'>nam</span> <span class='ocrx_word' id='word_1_283' title='bbox 1545 3576 1678 3622; x_wconf 90' lang='grc'>11911</span> <span class='ocrx_word' id='word_1_284' title='bbox 1724 3556 1940 3642; x_wconf 81' lang='lat' dir='ltr'>placet</span> <span class='ocrx_word' id='word_1_285' title='bbox 1989 3555 2228 3622; x_wconf 82' lang='lat' dir='ltr'>Stoicis</span> <span class='ocrx_word' id='word_1_286' title='bbox 2281 3530 2626 3642; x_wconf 74' lang='lat' dir='ltr'>singulisn</span> 
     </span>
     <span class='ocr_line' id='line_1_36' title="bbox 483 3645 2550 3717; baseline 0.002 -4"><span class='ocrx_word' id='word_1_287' title='bbox 483 3647 775 3714; x_wconf 89' lang='lat' dir='ltr'>iecorum</span> <span class='ocrx_word' id='word_1_288' title='bbox 809 3645 975 3714; x_wconf 77' lang='lat' dir='ltr'>fissis</span> <span class='ocrx_word' id='word_1_289' title='bbox 1010 3659 1125 3714; x_wconf 86' lang='lat' dir='ltr'>aut</span> <span class='ocrx_word' id='word_1_290' title='bbox 1156 3649 1373 3715; x_wconf 80' lang='lat' dir='ltr'>avium</span> <span class='ocrx_word' id='word_1_291' title='bbox 1408 3650 1703 3716; x_wconf 77' lang='lat' dir='ltr'>cantibus</span> <span class='ocrx_word' id='word_1_292' title='bbox 1745 3650 2052 3716; x_wconf 78' lang='lat' dir='ltr'>interesse</span> <span class='ocrx_word' id='word_1_293' title='bbox 2089 3649 2282 3716; x_wconf 81' lang='lat' dir='ltr'>deum</span> <span class='ocrx_word' id='word_1_294' title='bbox 2313 3685 2406 3698; x_wconf 91' lang='lat'><strong>·—-·</strong></span> <span class='ocrx_word' id='word_1_295' title='bbox 2431 3673 2550 3717; x_wconf 85' lang='grc'>119-</span> 
     </span>
     <span class='ocr_line' id='line_1_37' title="bbox 487 3741 2547 3832; baseline 0.001 -24"><span class='ocrx_word' id='word_1_296' title='bbox 487 3763 619 3827; x_wconf 89' lang='lat' dir='ltr'>que</span> <span class='ocrx_word' id='word_1_297' title='bbox 672 3741 843 3808; x_wconf 87' lang='lat' dir='ltr'>enim</span> <span class='ocrx_word' id='word_1_298' title='bbox 896 3741 1199 3810; x_wconf 81' lang='lat' dir='ltr'>decorum</span> <span class='ocrx_word' id='word_1_299' title='bbox 1248 3753 1349 3810; x_wconf 79' lang='lat' dir='ltr'>est</span> <span class='ocrx_word' id='word_1_300' title='bbox 1396 3766 1521 3810; x_wconf 82' lang='grc'>1199</span> <span class='ocrx_word' id='word_1_301' title='bbox 1570 3744 1672 3810; x_wconf 86' lang='lat' dir='ltr'>dis</span> <span class='ocrx_word' id='word_1_302' title='bbox 1735 3745 2003 3832; x_wconf 78' lang='lat' dir='ltr'>dignum</span> <span class='ocrx_word' id='word_1_303' title='bbox 2053 3765 2174 3810; x_wconf 87' lang='lat' dir='ltr'>nec</span> <span class='ocrx_word' id='word_1_304' title='bbox 2225 3744 2364 3810; x_wconf 84' lang='lat' dir='ltr'>fieri</span> <span class='ocrx_word' id='word_1_305' title='bbox 2415 3743 2547 3810; x_wconf 82' lang='grc'>11119</span> 
     </span>
     <span class='ocr_line' id='line_1_38' title="bbox 485 3837 2549 3926; baseline 0.001 -26"><span class='ocrx_word' id='word_1_306' title='bbox 485 3847 681 3920; x_wconf 76' lang='lat' dir='ltr'>paeto</span> <span class='ocrx_word' id='word_1_307' title='bbox 714 3845 1041 3923; x_wconf 82' lang='lat' dir='ltr'>potest——</span> <span class='ocrx_word' id='word_1_308' title='bbox 1039 3837 1212 3916; x_wconf 84' lang='lat' dir='ltr'>,sed</span> <span class='ocrx_word' id='word_1_309' title='bbox 1244 3837 1337 3904; x_wconf 82' lang='lat' dir='ltr'>ita</span> <span class='ocrx_word' id='word_1_310' title='bbox 1366 3861 1411 3904; x_wconf 88' lang='lat' dir='ltr'>a</span> <span class='ocrx_word' id='word_1_311' title='bbox 1443 3839 1758 3926; x_wconf 76' lang='lat' dir='ltr'>principio</span> <span class='ocrx_word' id='word_1_312' title='bbox 1791 3839 2160 3906; x_wconf 70' lang='lat' dir='ltr'>inchoavmn</span> <span class='ocrx_word' id='word_1_313' title='bbox 2195 3859 2336 3904; x_wconf 89' lang='lat' dir='ltr'>esse</span> <span class='ocrx_word' id='word_1_314' title='bbox 2358 3859 2549 3904; x_wconf 86' lang='lat' dir='ltr'>mun-</span> 
     </span>
     <span class='ocr_line' id='line_1_39' title="bbox 486 3927 2547 4020; baseline 0.003 -28"><span class='ocrx_word' id='word_1_315' title='bbox 486 3927 677 4006; x_wconf 85' lang='lat' dir='ltr'>dum,</span> <span class='ocrx_word' id='word_1_316' title='bbox 726 3941 803 3996; x_wconf 85' lang='lat' dir='ltr'>ut</span> <span class='ocrx_word' id='word_1_317' title='bbox 831 3931 1024 3997; x_wconf 78' lang='lat' dir='ltr'>certis</span> <span class='ocrx_word' id='word_1_318' title='bbox 1066 3933 1261 3998; x_wconf 74' lang='lat' dir='ltr'>rebus</span> <span class='ocrx_word' id='word_1_319' title='bbox 1294 3944 1473 4000; x_wconf 79' lang='lat' dir='ltr'>certa</span> <span class='ocrx_word' id='word_1_320' title='bbox 1505 3934 1694 4020; x_wconf 56' lang='lat' dir='ltr'>dgna</span> <span class='ocrx_word' id='word_1_321' title='bbox 1735 3944 2250 4020; x_wconf 78' lang='lat' dir='ltr'>praecurrerent,</span> <span class='ocrx_word' id='word_1_322' title='bbox 2297 3932 2432 3998; x_wconf 82' lang='lat' dir='ltr'>alia</span> <span class='ocrx_word' id='word_1_323' title='bbox 2474 3933 2547 3998; x_wconf 84' lang='lat' dir='ltr'>in</span> 
     </span>
     <span class='ocr_line' id='line_1_40' title="bbox 485 4023 2545 4114; baseline 0.003 -26"><span class='ocrx_word' id='word_1_324' title='bbox 485 4023 687 4100; x_wconf 78' lang='lat' dir='ltr'>extis,</span> <span class='ocrx_word' id='word_1_325' title='bbox 730 4025 909 4090; x_wconf 82' lang='grc'>9119·</span> <span class='ocrx_word' id='word_1_326' title='bbox 885 4049 959 4092; x_wconf 81' lang='lat' dir='ltr'>m</span> <span class='ocrx_word' id='word_1_327' title='bbox 994 4027 1253 4106; x_wconf 81' lang='lat' dir='ltr'>avibus,</span> <span class='ocrx_word' id='word_1_328' title='bbox 1298 4028 1528 4096; x_wconf 82' lang='grc'>9119111</span> <span class='ocrx_word' id='word_1_329' title='bbox 1560 4027 1953 4114; x_wconf 71' lang='lat' dir='ltr'>fiilgoribus,</span> <span class='ocrx_word' id='word_1_330' title='bbox 1999 4027 2178 4094; x_wconf 67' lang='lat' dir='ltr'>alia·</span> <span class='ocrx_word' id='word_1_331' title='bbox 2159 4051 2228 4093; x_wconf 82' lang='grc'>111</span> <span class='ocrx_word' id='word_1_332' title='bbox 2261 4027 2545 4106; x_wconf 75' lang='lat' dir='ltr'>ostentis,</span> 
     </span>
    </p>
   </div>
   <div class='ocr_carea' id='block_1_3' title="bbox 484 4116 2542 4280">
    <p class='ocr_par' dir='ltr' id='par_1_3' title="bbox 484 4116 2542 4280">
     <span class='ocr_line' id='line_1_41' title="bbox 484 4116 2542 4202; baseline 0.003 -21"><span class='ocrx_word' id='word_1_333' title='bbox 484 4117 620 4182; x_wconf 86' lang='lat' dir='ltr'>alia</span> <span class='ocrx_word' id='word_1_334' title='bbox 651 4116 721 4182; x_wconf 92' lang='lat' dir='ltr'>in</span> <span class='ocrx_word' id='word_1_335' title='bbox 748 4119 967 4198; x_wconf 83' lang='lat' dir='ltr'>stellis,</span> <span class='ocrx_word' id='word_1_336' title='bbox 1000 4121 1132 4188; x_wconf 77' lang='lat' dir='ltr'>alia</span> <span class='ocrx_word' id='word_1_337' title='bbox 1154 4121 1223 4188; x_wconf 89' lang='lat' dir='ltr'>in</span> <span class='ocrx_word' id='word_1_338' title='bbox 1249 4123 1706 4190; x_wconf 53' lang='lat' dir='ltr'>&gt;somniantium</span> <span class='ocrx_word' id='word_1_339' title='bbox 1732 4121 1908 4202; x_wconf 82' lang='lat' dir='ltr'>visis,</span> <span class='ocrx_word' id='word_1_340' title='bbox 1947 4121 2074 4190; x_wconf 86' lang='lat' dir='ltr'>alia</span> <span class='ocrx_word' id='word_1_341' title='bbox 2095 4123 2166 4188; x_wconf 86' lang='lat' dir='ltr'>in</span> <span class='ocrx_word' id='word_1_342' title='bbox 2191 4121 2542 4190; x_wconf 80' lang='lat' dir='ltr'>furentium</span> 
     </span>
     <span class='ocr_line' id='line_1_42' title="bbox 598 4215 2176 4280; baseline 0.007 -18"><span class='ocrx_word' id='word_1_343' title='bbox 598 4215 820 4262; x_wconf 69' lang='lat' dir='ltr'>Ciceronis</span> <span class='ocrx_word' id='word_1_344' title='bbox 838 4221 921 4262; x_wconf 83' lang='lat' dir='ltr'>vol.</span> <span class='ocrx_word' id='word_1_345' title='bbox 943 4219 1029 4264; x_wconf 83' lang='lat' dir='ltr'><strong><em>VII.</em></strong></span> <span class='ocrx_word' id='word_1_346' title='bbox 2108 4225 2176 4280; x_wconf 85' lang='lat'>11</span> 
     </span>
    </p>
   </div>
  </div>
 </body>
</html>
