3292 4559
973 242 1091 303 DE
1116 240 1220 299 RE
1253 242 1598 300 PUBLICA
1631 242 1713 299 Π.
1746 244 1989 299 20-27,
2390 231 2517 299 185

423 388 600 433 rum
655 365 922 441 liberos,
976 375 1318 451 temptaret
1358 376 1506 451 post
1547 366 1811 431 Romuli
1857 388 2189 432 excessum
2202 413 2221 444 ,
2272 376 2346 431 ιιι
2386 367 2525 452 ipse

425 470 714 546 gereret
763 459 902 525 sine
951 480 1104 544 rege
1157 480 1296 523 rem
1345 460 1703 544 publicam,
1754 461 2031 547 populus
2074 460 2143 525 id
2184 481 2315 525 non
2359 460 2525 539 tulit,

427 553 902 635 desiderioque
935 551 1198 619 Romuli
1241 556 1465 663 postea
1507 576 1731 639 regem
1766 554 2056 640 flagitare
2088 576 2221 621 non
2256 555 2523 619 destitit.

429 656 606 713 cum
652 647 1001 734 prudenter
1041 647 1137 713 illi
1180 648 1501 733 principes
1533 670 1775 715 novam
1809 660 1873 715 et
1906 649 2265 715 inauditam
2296 649 2521 716 ceteris

431 740 762 827 gentibus
805 740 1158 826 interregni
1199 741 1463 809 ineundi
1496 742 1809 809 rationem
1844 744 2188 829 excogiita-
2245 741 2335 829 [p.
2372 743 2520 809 282.

432 845 718 911 verunt,
763 844 866 910 ut,
908 834 1124 917 quoad
1169 846 1380 905 certus
1423 858 1539 899 rex
1583 836 1945 902 declaratus
1990 847 2187 913 esset,
2231 859 2352 902 nec
2387 838 2521 903 sine

437 950 613 1014 rege
653 927 878 993 civitas
913 948 1034 994 nec
1069 926 1370 995 diuturno
1404 950 1558 1013 rege
1595 941 1765 997 esset
1799 952 1927 995 uno
1956 950 2077 995 nec
2104 930 2525 995 committere·-

437 1034 558 1089 tur
596 1033 674 1087 ut
707 1021 1047 1105 quisquam
1081 1021 1436 1087 inveterata
1469 1032 1786 1108 potestate
1822 1034 1935 1089 aut
1964 1024 2047 1088 ad
2077 1024 2525 1109 deponendum

437 1115 802 1203 imperium
835 1115 1074 1179 tardior
1107 1128 1277 1181 esset
1311 1126 1424 1182 aut
1457 1116 1542 1180 ad
1571 1116 1991 1183 obtinendum
2018 1118 2340 1183 munitior.
2394 1138 2522 1203 quo
2566 1144 2620 1185 24

443 1210 727 1294 quidem
763 1221 1048 1295 tempore
1084 1231 1291 1277 novus
1325 1210 1434 1275 ille
1467 1211 1747 1296 populus
1780 1212 1940 1277 vidit
1974 1223 2191 1278 tamen
2224 1212 2313 1289 id,
2352 1212 2524 1297 quod
2608 1284 2615 1289 ,

444 1304 632 1389 fugit
676 1302 1266 1371 Lacedaemonium
1313 1302 1726 1389 Lycurgum,
1771 1306 1883 1390 qui
1926 1330 2147 1393 regem
2190 1328 2320 1371 non
2367 1305 2524 1372 deli-

444 1397 747 1483 gendum
783 1397 986 1475 duxit,
1023 1397 1078 1461 si
1113 1398 1306 1465 modo
1332 1398 1456 1466 hoc
1487 1398 1867 1486 inLycurgi
1891 1403 2233 1485 potestate!
2268 1398 2521 1489 [p.283.

447 1491 671 1577 potuit
713 1514 884 1567 esse,
939 1491 1054 1557 sed
1099 1491 1500 1569 habendum,
1553 1494 2041 1579 qualiscumque
2083 1495 2139 1561 is
2173 1495 2369 1573 foret,
2413 1494 2524 1579 qui

447 1586 653 1651 modo
698 1596 866 1651 esset
901 1586 1200 1651 Herculis
1247 1586 1443 1696 stirpe
1485 1600 1851 1671 generatus.
1951 1589 2153 1655 nostri
2192 1589 2287 1653 illi
2331 1588 2524 1655 etiam

449 1690 600 1743 tum
652 1690 936 1765 agrestes
990 1680 1287 1745 viderunt
1337 1681 1641 1748 virtutem
1686 1693 1751 1747 et
1794 1683 2175 1767 sapientiam
2218 1683 2521 1769 regalem,
2636 1732 2645 1737 -

451 1794 589 1837 non
635 1772 1010 1859 progeniem
1057 1774 1278 1857 quaeri
1323 1786 1647 1859 oportere3
1702 1777 1937 1859 quibus
1982 1799 2129 1843 cnm
2165 1800 2303 1844 esse
2337 1799 2523 1862 prae·
2562 1776 2627 1829 13

454 1878 740 1933 stantem
781 1868 1065 1933 Numam
1107 1867 1502 1952 Pompilium
1554 1870 1731 1935 fama
1786 1870 2014 1948 ferret,
2060 1871 2522 1957 praetermissis
2568 1850 2618 1889 ²⁵

455 1962 594 2026 suis
641 1961 889 2026 civibus
934 1983 1155 2046 regem
1203 1962 1629 2049 alienigenam
1674 1965 1964 2049 patribus
2000 1966 2367 2032 auctoribus
2404 1966 2525 2031 sibi

453 2057 598 2141 ipse
624 2056 902 2141 populus
929 2055 1200 2121 adscivit
1227 2076 1504 2139 eumque
1534 2057 1620 2122 ad
1635 2060 2061 2145 regnandum,
2086 2059 2095 2144 i
2118 2058 2241 2126 Sa-
2268 2058 2363 2146 [p.
2373 2060 2521 2125 284.

457 2152 688 2215 binum
738 2150 1091 2225 hominem,
1143 2150 1421 2219 Romam
1470 2149 1751 2221 Curibus
1807 2154 2064 2220 accivit:
2120 2155 2231 2238 qui
2284 2166 2356 2218 ut
2394 2155 2523 2219 huc

458 2244 666 2323 venit,
719 2266 1110 2328 quamquam
1162 2246 1439 2330 populus
1488 2246 1747 2315 curiatis
1795 2271 1945 2315 eum
1988 2248 2261 2315 comitiis
2304 2271 2523 2335 regem

461 2362 604 2405 esse
637 2339 930 2415 iusserat,
966 2348 1179 2403 tamen
1215 2339 1352 2424 ipse
1390 2339 1470 2405 de
1508 2362 1624 2407 suo
1662 2342 1933 2427 imperio
1968 2342 2279 2409 curiatam
2313 2344 2523 2430 legem

462 2433 636 2513 tulit,
671 2434 1088 2543 hominesque
1123 2433 1450 2501 Romanos
1486 2436 1779 2502 instituto
1814 2438 2075 2503 Romuli
2110 2437 2353 2504 bellicis
2390 2449 2523 2503 stu·

461 2529 586 2595 diis
635 2540 734 2593 ut
763 2528 919 2593 vidit
971 2528 1297 2607 incensos,
1352 2530 1744 2597 existimavit
1798 2554 1905 2599 eos
1958 2533 2225 2618 paulum
2278 2533 2363 2597 ab
2410 2533 2523 2597 illa

463 2622 920 2689 consuetudine
967 2646 1106 2689 esse
1149 2626 1566 2691 revocandos.
1656 2648 1732 2692 ac
1776 2628 2055 2713 primum
2092 2649 2313 2712 agros,
2360 2649 2520 2712 quos
2559 2630 2627 2683 14

461 2720 630 2785 bello
664 2719 980 2783 Romulus
1015 2731 1290 2804 ceperat,
1327 2720 1543 2786 divisit
1577 2722 1815 2786 viritim
1851 2722 2125 2804 civibus!
2148 2723 2263 2785 do·-
2299 2720 2394 2806 [p.
2414 2722 2518 2787 87.

468 2813 721 2895 cuitque
774 2813 910 2877 sine
957 2812 1454 2899 depopulatione
1499 2824 1695 2898 atque
1738 2817 1979 2899 praeda
2024 2836 2212 2900 posse
2258 2836 2369 2879 eos
2414 2837 2521 2880 co·-

468 2908 668 2973 lendis
721 2907 893 2991 agris
949 2908 1278 2972 abundare
1333 2908 1685 2973 commodis
1730 2910 2055 2987 omnibus,
2112 2931 2521 2993 amoremque

471 3003 560 3067 eis
603 3001 714 3067 otii
756 3012 822 3067 et
865 3001 1042 3086 pacis
1085 3001 1332 3078 iniecit,
1379 3002 1617 3085 quibus
1652 3002 1953 3069 facillime
1985 3005 2229 3069 iustitia
2262 3015 2329 3070 et
2362 3004 2521 3071 fides

473 3096 849 3161 convalescit
901 3103 966 3159 et
1018 3117 1288 3179 quorum
1340 3097 1695 3181 patrocinio
1748 3099 2024 3163 maxime
2078 3100 2288 3163 cultus
2336 3122 2522 3185 agro-

473 3213 610 3255 rum
653 3190 1106 3275 perceptioque
1151 3189 1416 3275 frugum
1452 3191 1837 3257 defenditur.
1925 3192 2223 3277 idemque
2256 3193 2522 3280 Pompi-

473 3287 592 3351 lius
637 3296 698 3351 et
741 3284 1044 3370 auspiciis
1089 3285 1436 3349 maioribus
1479 3287 1753 3352 inventis
1800 3288 1883 3353 ad
1926 3287 2263 3373 pristinum
2296 3312 2523 3354 nume-

475 3402 612 3445 rum
655 3380 782 3444 duo
829 3402 1106 3464 augures
1151 3380 1398 3445 addidit
1445 3392 1510 3445 et
1551 3382 1749 3447 sacris
1773 3390 1822 3447 'e
1858 3382 2217 3468 principum
2253 3404 2521 3447 numero

477 3472 796 3560 pontifices
832 3473 1132 3557 quinique
1167 3473 1476 3559 praefecit
1511 3487 1576 3541 et
1611 3477 1857 3541 animos
1893 3476 2233 3561 propositis
2282 3472 2376 3561 [p.
2415 3474 2518 3541 88.

477 3569 716 3654 legibus
774 3564 932 3653 [his]
946 3614 964 3643 ,
1027 3589 1189 3652 quas
1241 3568 1310 3633 in
1362 3572 1791 3635 monumentis
1845 3570 2157 3635 habemus
2169 3618 2189 3648 ,
2242 3570 2520 3634 ardentis

482 3662 926 3727 consuetudine
973 3673 1034 3727 et
1081 3663 1427 3747 cupiditate
1473 3664 1755 3729 bellandi
1798 3664 2181 3750 religionum
2216 3663 2524 3728 caerimo-

482 3757 610 3827 niis,
627 3758 946 3843 mitigavit
979 3757 1399 3843 adiunxitque
1435 3772 1767 3846 praeterea
1800 3760 2111 3838 flamines,
2150 3758 2359 3826 Salios
2395 3759 2523 3823 vir-

484 3852 778 3937 ginesque
813 3851 1126 3928 Vestalis,
1161 3852 1494 3937 omnisque
1528 3855 1727 3940 partis
1762 3855 2087 3941 religionis
2122 3853 2343 3919 statuit
2376 3876 2523 3917 san-

486 3944 764 4009 ctissime.
827 3969 1152 4013 sacrorum
1180 3960 1396 4014 autem
1421 3950 1711 4035 ipsorum
1744 3949 2139 4036 diligentiam
2174 3948 2521 4023 difficilem,
2564 3975 2613 4016 2⁷

487 4038 846 4124 adparatum
877 4042 1246 4127 perfacilem
1279 4066 1421 4109 esse
1453 4043 1686 4123 voluit3
1722 4066 1873 4109 nam
1907 4065 2073 4130 quae
2104 4042 2521 4129 perdiscenda
