3292 4559
1032 269 1139 325 DE
1172 267 1696 328 DIVINATIONE
1730 269 1806 324 11.
1842 269 2085 326 43-48,
2453 259 2590 332 ,183
2630 331 2632 333 ,

527 399 710 466 fieret
758 394 1065 462 indicium
1132 393 1587 460 coniurationis
1648 395 1716 460 in
1779 405 2033 472 senatu,
2105 393 2361 480 signum
2413 395 2590 462 Iovis

528 491 787 560 biennio
821 503 997 577 post,
1050 511 1249 575 quam
1281 500 1420 556 erat
1460 489 1774 568 locatum,
1826 489 1896 554 in
1933 485 2255 574 Capitolio
2273 551 2284 564 .,
2299 489 2595 556 conloca-

532 587 740 653 batur.
828 593 848 624 ‘
858 597 930 653 ιιι
973 586 1173 673 igitur
1217 584 1503 652 animum
1544 584 1844 653 induces’
1877 619 1967 632 --
2001 584 2097 650 sic
2132 585 2303 650 enim
2337 606 2594 652 mecum

536 682 771 768 agebas
805 717 893 732 --
929 685 1224 748 ‘causam
1266 679 1458 746 istam
1503 691 1569 747 et
1611 690 1835 748 contra
1883 678 2058 745 facta
2100 690 2214 746 tua
2256 690 2322 746 et
2369 691 2594 746 contra

534 777 765 861 scripta
800 774 1217 841 defendereP'
1253 775 1451 843 frater
1484 796 1575 851 es,
1613 797 1692 840 eo
1727 796 1969 841 vereor.
2023 796 2250 840 verum
2284 774 2440 859 quid
2475 773 2595 838 tibi

532 869 640 936 hic
676 870 935 936 tandem
970 869 1201 935 nocet?
1236 891 1451 946 resne,
1488 889 1656 953 quae
1691 869 1836 934 talis
1873 879 1998 945 est,
2036 892 2120 932 an
2156 890 2300 956 ego,
2337 869 2461 953 qui,
2481 891 2586 934 ve-

533 987 679 1028 rum
716 963 1019 1048 explicari
1065 963 1250 1027 volo?
1291 962 1511 1046 itaque
1554 962 1716 1028 nihil
1751 972 1975 1028 contra
2007 961 2152 1027 dico
2163 986 2182 1039 ;
2228 985 2269 1026 a
2303 973 2365 1028 te
2399 963 2594 1027 ratio·-

534 1079 686 1122 nem
720 1057 915 1122 totius
958 1054 1406 1141 haruspicinae
1450 1066 1621 1141 peto.
1710 1057 1822 1121 sed
1858 1067 1922 1121 te
1956 1054 2292 1120 mirificam
2325 1055 2395 1120 in
2435 1055 2595 1120 late-

532 1153 721 1218 bram
737 1150 1063 1217 coniecisti
1075 1174 1094 1229 3
1124 1151 1297 1234 quod
1316 1149 1487 1216 enim
1514 1150 1920 1236 intellegeres
1948 1148 2088 1215 fore
2115 1159 2190 1213 ut
2213 1170 2596 1234 premerere,

535 1269 684 1313 cum
710 1268 795 1311 ex
828 1255 893 1311 te
919 1267 1143 1310 causas
1182 1244 1370 1310 unius
1402 1244 1713 1330 cuiusque
1741 1243 2148 1310 divinationis
2173 1243 2595 1328 exquirerem,

533 1339 736 1406 multa
769 1339 968 1406 verba
993 1338 1203 1406 fecisti
1236 1349 1322 1416 te,
1358 1363 1507 1407 cum
1531 1363 1633 1406 res
1661 1340 1932 1420 videres,
1965 1341 2276 1406 rationem
2305 1361 2596 1406 causam-

535 1457 661 1520 que
704 1456 836 1499 non
878 1455 1183 1520 quaerere
1195 1458 1215 1513 3
1268 1434 1425 1519 quid
1476 1435 1688 1514 fieret,
1740 1457 1872 1501 non
1916 1457 2032 1500 cur
2073 1435 2285 1513 fieret,
2331 1435 2417 1500 ad
2457 1456 2595 1500 rem

533 1528 879 1614 pertinere:
925 1529 1112 1614 quasi
1146 1550 1269 1616 ego
1305 1540 1420 1595 aut
1452 1529 1592 1596 fieri
1627 1529 2067 1609 concederem,
2104 1540 2216 1595 aut
2251 1539 2421 1595 esset
2452 1527 2595 1614 phi-

533 1622 783 1708 losophi
826 1645 1118 1700 causam,
1174 1645 1291 1689 cur
1334 1625 1619 1708 quidque
1674 1624 1884 1702 fieret,
1927 1645 2060 1690 non
2103 1644 2431 1707 quaerere.
2530 1632 2595 1688 et
2635 1639 2690 1681 4⁷

536 1737 611 1781 eo
657 1716 919 1800 quidem
970 1719 1114 1782 loco
1161 1729 1225 1783 et
1267 1717 1696 1803 Prognostica
1745 1729 1964 1783 nostra
2015 1717 2476 1803 pronuntiabas
2529 1731 2596 1784 et

534 1832 775 1894 genera
834 1810 1181 1875 herbarum
1192 1857 1211 1887 ,
1266 1812 1726 1876 scammoniam
1779 1810 2375 1896 aristolochiamque
2427 1811 2597 1876 radi-

537 1924 699 1977 cem,
734 1923 1007 1984 quarum
1045 1924 1306 1967 causam
1340 1903 1694 1990 ignorares,
1729 1904 1862 1968 vim
1897 1915 1962 1968 et
1997 1903 2300 1970 effectum
2323 1905 2594 1970 videres.

538 1995 842 2060 dissimile
888 2006 1117 2060 totum.
1204 2018 1354 2060 nam
1400 2008 1466 2062 et
1505 1997 2064 2082 prognosticorum
2109 2019 2336 2063 causas
2380 2020 2598 2084 perse·
2629 2011 2699 2066 21

536 2089 672 2156 cuti
705 2101 858 2156 sunt
890 2100 955 2156 et
988 2088 1279 2155 Boethus
1316 2089 1604 2168 Stoicus,
1643 2092 1758 2175 qui
1793 2102 1890 2156 est
1927 2115 1966 2157 a
2000 2102 2064 2158 te
2096 2091 2488 2168 nominatus,
2533 2104 2597 2158 et

534 2197 754 2251 noster
806 2185 1000 2252 etiam
1042 2184 1465 2264 Posidonius3
1520 2198 1585 2252 et
1635 2187 1694 2252 si
1744 2209 1976 2254 causae
2025 2209 2158 2254 non
2201 2187 2600 2274 reperiantur

432 2275 454 2295 ‘
533 2281 803 2346 istarum
828 2303 1064 2358 rerum,
1100 2301 1203 2347 res
1232 2290 1448 2347 tamen
1480 2280 1661 2367 ipsae
1689 2282 2014 2347 observari
2051 2282 2598 2367 animadvertique

532 2386 908 2463 potuerunt:
962 2375 1202 2443 Nattae
1246 2398 1400 2442 vero
1446 2387 1662 2444 statua
1697 2388 1809 2443 aut
1854 2400 2004 2444 aera
2045 2379 2266 2464 legum
2301 2377 2382 2443 de
2419 2378 2597 2444 caelo

534 2482 705 2536 tacta
741 2470 896 2554 quid
932 2470 1174 2538 habent
1208 2473 1621 2540 observatum
1659 2495 1735 2537 ac
1770 2473 2132 2539 vetustum?
2164 2472 2412 2538 Pinarii
2437 2472 2503 2538 N
2504 2484 2600 2539 at-

534 2577 638 2636 tae
673 2568 951 2633 nobiles=
997 2591 1036 2633 a
1070 2567 1403 2636 nobilitate
1446 2569 1645 2654 igitur
1677 2567 2053 2654 periculum.
2141 2569 2266 2635 hoc
2301 2581 2434 2635 tam
2469 2569 2600 2635 cal-

533 2661 663 2728 lide
696 2663 990 2748 Iuppiter
1018 2663 1427 2751 excogitavit!
1465 2665 1784 2730 Romulus
1818 2664 2060 2730 lactens
2095 2663 2364 2730 fulmine
2398 2665 2593 2730 ictus:

534 2756 682 2822 urbi
726 2757 924 2842 igitur
968 2759 1325 2843 periculum
1372 2759 1731 2824 ostenditur
1765 2759 1855 2836 ei,
1909 2781 2105 2844 quam
2149 2758 2256 2824 ille
2292 2759 2596 2823 condidit.

512 2871 735 2932 ,quam
772 2851 929 2914 scite
965 2873 1082 2936 per
1113 2864 1302 2918 notas
1336 2875 1454 2918 nos
1492 2853 1795 2917 certiores
1829 2853 1986 2918 facit
2019 2852 2342 2939 Iuppiterl
2389 2863 2456 2918 at
2490 2875 2596 2920 eo-

538 2943 689 3007 dem
723 2953 1009 3026 tempore
1045 2944 1303 3030 signum
1337 2946 1512 3011 Iovis
1549 2945 2033 3024 conlocabatur,
2078 2969 2208 3032 quo
2244 2948 2597 3015 coniuratio

536 3035 963 3100 indicabatur.
1066 3047 1130 3102 et
1190 3049 1261 3102 tu
1326 3039 1568 3104 scilicet
1628 3040 1833 3104 mavis
1897 3041 2160 3108 numine
2213 3041 2480 3108 deorum
2529 3041 2612 3124 id-

537 3129 782 3198 faotum
831 3151 1026 3213 quam
1062 3153 1216 3199 casu
1262 3132 1593 3200 arbitrari?
1645 3145 1710 3199 et
1754 3134 2145 3220 redemptor,
2199 3137 2310 3220 qui
2357 3138 2599 3202 colum-

536 3247 690 3290 nam
731 3224 910 3290 illam
954 3223 1035 3289 de
1073 3221 1267 3292 Cotta
1312 3238 1376 3292 et
1420 3227 1499 3292 de
1545 3225 1874 3312 Torquato
1922 3230 2316 3295 conduxerat
2356 3230 2598 3294 facien-

540 3321 721 3398 dam,
773 3340 905 3384 non
948 3319 1181 3386 inertia
1215 3331 1327 3384 aut
1370 3321 1589 3408 inopia
1621 3321 1864 3388 tardior
1895 3322 2050 3399 fuit,
2103 3323 2218 3388 sed
2254 3346 2296 3388 a
2330 3323 2465 3387 deis
2498 3323 2597 3388 in-

540 3413 911 3480 mortalibus
946 3414 1029 3480 ad
1064 3415 1254 3482 istam
1288 3414 1511 3482 horam
1544 3429 1908 3484 reservatus
1944 3417 2078 3483 est?
2132 3438 2265 3482 non
2299 3416 2596 3499 equidem

536 3510 729 3598 plane
776 3508 1045 3596 despero
1087 3510 1212 3575 ista
1248 3533 1389 3577 esse
1424 3534 1605 3590 vera,
1652 3513 1768 3578 sed
1810 3511 2026 3577 nescio
2063 3521 2130 3575 et
2172 3510 2416 3576 discere
2451 3533 2494 3574 a
2531 3521 2596 3576 te

537 3605 705 3670 volo.
744 3615 755 3623 '
793 3627 944 3669 nam
978 3625 1129 3670 cum
1162 3604 1321 3670 mihi
1366 3606 1684 3690 quaedam
1720 3629 1876 3672 casu
1909 3604 2279 3672 viderentur
2322 3603 2416 3668 sic
2451 3625 2600 3670 eve-

538 3699 696 3776 nire,
731 3709 806 3763 ut
837 3699 1167 3785 praedicta
1200 3711 1416 3766 essent
1450 3723 1490 3765 a
1524 3699 1960 3766 divinantibus
1969 3745 1990 3776 ,
2027 3697 2244 3764 dixisti
2278 3698 2481 3764 multa
2517 3698 2598 3764 de

534 3815 723 3872 casu,
768 3803 846 3858 ut
878 3793 1232 3862 Venerium
1274 3793 1401 3860 iaci
1446 3816 1637 3881 posse
1675 3816 1831 3859 casu
1865 3788 2169 3879 quattuor
2211 3793 2356 3858 talis
2389 3791 2595 3870 iactis,

541 3887 657 3954 sed
690 3888 1173 3977 quadringentis
1210 3902 1469 3957 centum
1504 3889 1820 3958 Venerios
1864 3911 1996 3954 non
2029 3909 2218 3974 posse
2254 3909 2410 3954 casu
2445 3909 2597 3954 con-

540 3980 783 4049 sistere.
844 3984 1122 4071 primum
1157 3987 1374 4052 nescio
1412 4008 1529 4054 cur
1560 4007 1694 4051 non
1727 3983 1996 4072 possint,
2033 3985 2146 4050 sed
2179 4005 2308 4050 non
2343 4005 2593 4070 pugn03

538 4076 833 4145 abundas
866 4080 1037 4146 enim
1073 4081 1416 4148 similibus:
1462 4082 1666 4148 habes
1701 4091 1768 4148 et
1800 4081 2260 4168 respersionem
2302 4079 2598 4167 pigmen-

2637 3437 2693 3478 48
