3292 4559
749 273 874 342 178
1364 279 1444 334 ιι
1480 260 1757 334 TULLII
1792 272 2195 331 monnoms

742 421 926 478 tanta
956 419 1217 490 tamque
1251 400 1635 490 praeclara
1614 423 1685 465 m
1719 399 1927 465 omnis
1961 397 2160 485 partis
2194 406 2537 481 motusque
2572 393 2814 463 diffusa

746 506 904 593 quid
953 503 1192 569 habere
1241 508 1456 587 potest
1507 517 1877 574 commune,
1929 515 2061 560 non
2113 492 2326 559 dicam
2376 492 2810 578 gallinaceum

733 601 837 668 fel
883 634 976 648 —-
1014 607 1168 662 sunt
1218 593 1418 671 enim,
1471 590 1586 677 qui
1637 590 1745 657 vel
1796 589 2206 676 argutissima
2254 587 2414 653 haec
2465 597 2616 653 exta
2668 610 2810 653 esse

748 693 1085 758 dinant—
994 726 1112 768 —,
1150 688 1265 755 sed
1300 685 1465 752 tauri
1513 684 1713 772 opimi
1745 683 1926 750 iecur
1959 693 2071 748 aut
2105 703 2218 748 cor
2250 691 2363 747 aut
2395 681 2616 767 pulmo
2651 682 2812 766 quid

748 790 945 854 hahet
974 783 1298 859 naturale,
1334 780 1510 865 quod
1545 779 1871 845 declarare
1903 775 2136 864 possit,
2172 776 2330 861 quid
2363 775 2657 841 futurum
2689 776 2810 841 sit?

647 882 712 969 13
876 877 1288 948 Democritus
1322 887 1540 941 tamen
1573 896 1709 940 non
1741 873 1970 941 inscite
2000 882 2311 960 nugatur,
2364 881 2438 935 ut
2480 871 2805 957 physicus,

652 954 704 990 ’Ἣ
747 998 876 1062 quo
908 996 1145 1062 genere
1179 971 1339 1038 nihil
1374 969 1791 1056 adrogantius
1824 1004 1915 1017 —

915 1112 1093 1198 quod
1127 1120 1227 1176 est
1258 1118 1406 1175 ante
1440 1105 1640 1194 pedes
1675 1127 1865 1264 nelmo
1909 1116 2184 1193 spectat,
2239 1103 2410 1170 caeli.
2444 1113 2810 1169 scrutantur

1690 1221 1734 1285 P
1760 1223 1918 1287 ⁸8⁸⁸
1952 1224 2069 1264 —2

748 1374 974 1418 rerum
1006 1350 1062 1416 is
1105 1359 1323 1414 tamen
1356 1345 1584 1412 habitu
1619 1356 1915 1411 extorum
1950 1355 2015 1410 et
2057 1346 2269 1410 colore
2304 1341 2611 1410 declarari
2654 1361 2811 1408 cen-

748 1462 848 1512 set
880 1446 1041 1510 haec
1075 1443 1231 1508 dum
1266 1451 1475 1507 taxat:
1510 1439 1736 1527 pabuli
1768 1461 1975 1525 genus
2011 1450 2073 1504 et
2109 1462 2331 1506 earum
2365 1460 2608 1515 rerum,
2643 1459 2806 1521 quas

748 1558 918 1606 terra
942 1547 1253 1625 procreet,
1279 1536 1384 1601 vel
1411 1535 1769 1601 ubertatem
1793 1535 1897 1599 vel
1924 1534 2299 1599 tenuitatem
2311 1558 2330 1611 3
2366 1532 2807 1599 salubritatem

748 1634 942 1698 etiam
986 1641 1100 1696 aut
1140 1629 1571 1716 pestilentiam
1613 1627 1777 1694 extis
1813 1627 2161 1714 significari
2202 1637 2406 1713 putat.
2494 1649 2535 1693 o
2570 1639 2810 1692 morta-

748 1730 876 1794 lem
924 1724 1216 1792 beatum1
1270 1724 1377 1790 cui
1428 1734 1601 1790 certo
1646 1723 1780 1788 scio
1830 1722 2058 1788 ludum
2100 1744 2456 1807 numquam
2501 1722 2805 1800 defuisse,

748 1820 1025 1886 huncine
1058 1819 1383 1884 hominem
1428 1828 1679 1882 tantum
1715 1817 2102 1884 delectatum
2136 1839 2277 1882 esse
2311 1817 2532 1902 nugis,
2571 1827 2645 1882 ut
2675 1838 2810 1882 non

748 1918 993 1982 videret
1025 1925 1165 1980 tum
1199 1913 1492 1979 futurum
1526 1911 1595 1977 id
1629 1911 1767 1978 veri
1801 1911 2038 1989 simile,
2073 1912 2128 1975 si
2163 1911 2451 1977 omnium
2483 1911 2810 1997 pecudum

748 2022 895 2076 exta
938 2008 1168 2075 eodem
1211 2018 1499 2094 tempore
1543 2006 1613 2071 in
1648 2006 1926 2071 eundem
1968 2004 2262 2071 habitum
2297 2028 2367 2071 se
2402 2006 2808 2090 coloremque

748 2101 1216 2170 converterent!
1273 2101 1388 2167 sed
1433 2101 1491 2165 si
1525 2100 1753 2166 eadem
1796 2099 1958 2164 hora
1993 2099 2156 2164 aliae
2199 2099 2465 2186 pecudis
2499 2099 2677 2165 iecur
2710 2100 2813 2162 ni-

748 2200 951 2263 tidum
986 2209 1179 2282 atque
1212 2197 1476 2283 plenum
1504 2206 1621 2272 est,
1659 2195 1820 2260 aliae
1853 2193 2184 2259 horridum
2212 2205 2277 2261 et
2303 2195 2488 2271 exile,
2525 2194 2682 2280 quid
2713 2206 2813 2260 est

652 2318 700 2354 ιι
748 2291 921 2374 quod
955 2290 1266 2356 declarari
1300 2290 1502 2376 possit
1536 2288 1762 2353 habitu
1797 2299 2091 2354 extorum
2136 2300 2204 2355 et
2236 2290 2485 2356 colore?
2555 2312 2640 2354 an
2685 2286 2811 2354 hoc

748 2383 1035 2450 ciusdem
1070 2384 1245 2449 modi
1281 2394 1409 2460 est,
1446 2383 1637 2468 quale
1669 2381 2162 2468 Pherecydeum
2195 2383 2385 2461 illud,
2422 2385 2598 2469 quod
2635 2395 2734 2451 est
2770 2407 2812 2448 a

748 2494 812 2542 te
856 2476 1137 2542 dictum?
1189 2477 1303 2560 qui
1347 2497 1498 2541 cum
1541 2497 1776 2560 aquam
1822 2498 1903 2543 ex
1950 2488 2144 2563 puteo
2181 2478 2443 2544 vidisset
2486 2479 2812 2556 haustam,

748 2586 955 2638 terrae
987 2581 1236 2636 motum
1274 2570 1435 2635 dixit
1464 2570 1778 2635 futurum.
1865 2592 2116 2656 parum,
2153 2572 2366 2650 credo,
2403 2572 2811 2658 inpudenter,

752 2665 951 2750 quad,
1006 2687 1154 2732 cum
1190 2662 1402 2729 factus
1439 2675 1537 2729 est
1578 2676 1824 2744 motus,
1878 2665 2090 2731 dicere
2127 2666 2367 2732 audent
2408 2688 2573 2751 quae
2607 2667 2704 2731 vis
2740 2667 2813 2731 id

750 2760 1060 2826 effecerit:
1099 2759 1377 2825 etiamne
1394 2758 1687 2824 futurum
1703 2783 1843 2826 esse
1862 2780 2070 2843 aquae
2087 2761 2258 2846 iugis
2280 2761 2490 2827 colore
2506 2783 2813 2847 praesen-

748 2856 950 2922 tiunt?
995 2855 1200 2920 multa
1232 2852 1417 2918 istius
1452 2854 1626 2919 modi
1664 2853 1965 2919 dicuntur
1996 2855 2064 2920 in
2100 2854 2363 2934 scholis,
2399 2857 2516 2921 sed
2549 2856 2811 2922 credere

652 2974 704 3014 ιι
752 2949 963 3014 amnia
979 2948 1127 3014 vide
1152 2971 1236 3014 ne
1261 2969 1391 3013 non
1416 2948 1496 3014 sit
1525 2971 1807 3015 necesse.
1854 2971 2079 3014 verum
2107 2950 2234 3015 sint
2253 2973 2407 3016 sane
2425 2950 2548 3015 ista
2563 2949 2814 3016 Demo-

752 3042 946 3109 critea
969 3064 1142 3108 vera.
1196 3043 1455 3128 quando
1485 3066 1563 3109 ea
1590 3065 1710 3108 nos
1747 3043 1910 3109 extis
1941 3045 2374 3129 exquirimus?
2409 3057 2522 3111 aut
2548 3046 2811 3130 quando

748 3134 990 3222 aliquid
1024 3135 1161 3202 eius
1188 3138 1363 3203 modi
1398 3137 1480 3202 ab
1516 3137 1854 3225 haruspice
1888 3139 2189 3224 inspectis
2219 3140 2380 3206 extis
2409 3139 2813 3205 audivimus?

752 3230 832 3294 al]
876 3251 1047 3315 aqua
1090 3240 1202 3296 aut
1246 3231 1331 3296 ab
1373 3231 1511 3317 igni
1553 3232 1841 3317 pericula
1875 3244 2167 3311 monent3
2221 3245 2358 3298 tum
2402 3235 2813 3310 hereditates,

752 3338 884 3390 tum
910 3323 1146 3390 damna
1164 3325 1570 3403 denuntiant3
1606 3326 1830 3392 fissum
1860 3326 2174 3396 familiare
2194 3340 2258 3393 et
2283 3329 2477 3395 vitale
2503 3340 2812 3409 tractant,

748 3429 943 3506 caput
992 3419 1219 3486 iecoris
1267 3443 1349 3487 ex
1391 3420 1565 3485 omni
1617 3431 1801 3508 parte
1855 3422 2337 3508 diligentissime
2382 3425 2811 3503 considerant,

748 3514 800 3574 si
844 3534 997 3580 ‘vero
1040 3512 1113 3578 id
1144 3537 1277 3581 non
1320 3525 1421 3580 est
1463 3515 1830 3593 inventum,
1881 3517 2041 3582 nihil
2085 3528 2314 3605 putant
2358 3519 2647 3585 accidere
2689 3543 2814 3606 po-

644 3602 712 3654 14
748 3606 944 3675 tuisse
987 3608 1252 3675 tristius.
1340 3607 1502 3676 haec
1546 3609 1874 3676 observari
1921 3623 2092 3678 certe
2135 3636 2268 3679 non
2309 3625 2683 3701 potuerunt,
2736 3624 2815 3679 ut

684 3713 687 3714 ’
748 3724 940 3786 supra
976 3702 1198 3781 docui3
1236 3713 1387 3769 sunt
1418 3704 1617 3789 igitur
1651 3705 1804 3770 artis
1839 3706 2130 3784 inventa,
2159 3731 2309 3774 non
2343 3710 2706 3788 vetustatis,
2755 3708 2815 3774 si

748 3810 842 3858 nst
880 3818 981 3862 ars
1015 3798 1148 3862 ulla
1181 3820 1394 3864 rerum
1428 3799 1920 3886 incognitarum
2010 3825 2158 3869 cum
2193 3826 2406 3869 rerum
2442 3815 2658 3869 autem
2691 3826 2818 3868 na-

748 3902 891 3954 tura
936 3912 1131 3975 quam
1178 3895 1627 3979 cognationem
1672 3893 1952 3962 habent?
2005 3920 2172 3983 quae
2217 3910 2291 3965 ut
2322 3921 2455 3965 uno
2492 3920 2816 3966 consensu

748 3982 963 4047 iuncta
1015 3985 1098 4050 sit
1152 3997 1216 4051 et
1270 3989 1630 4066 continens,
1685 3990 1860 4074 quod
1901 3992 2089 4059 video
2133 3993 2450 4080 placuisse
2503 3993 2812 4080 physicis,

752 4078 968 4162 eisque
994 4101 1313 4161 maxume,
1339 4083 1453 4168 qui
1470 4092 1659 4153 omne
1687 4087 1864 4170 quod
1887 4099 2057 4156 esset
2077 4113 2283 4156 unum
2319 4113 2458 4156 esse
2486 4089 2816 4167 dixerunt,
