3292 4559
702 209 784 288 88
1005 209 1032 218 ’
1307 217 1385 271 Μ.
1423 213 1695 281 TULLII
1730 211 2127 268 CICERONIS

557 380 584 398 e
701 343 870 408 enim
923 340 1174 408 serendi
1227 362 1435 423 neque
1489 336 1739 402 colendi
1788 357 1909 400 nec
1962 333 2338 420 tempestive
2391 335 2751 403 demetendi

699 435 1218 521 percipiendique
1253 433 1498 498 fructus
1533 453 1745 514 neque
1782 428 2095 495 condendi
2130 451 2205 494 ac
2239 428 2589 515 reponendi
2623 431 2751 496 ulla

699 528 1018 612 pecudum
1063 527 1328 592 scientia
1372 535 1496 602 est,
1552 545 1897 606 earumque
1948 523 2232 588 omnium
2284 545 2497 588 rerum
2518 534 2525 539 “
2548 525 2753 588 homi-

597 621 667 674 68
701 646 858 686 num
893 633 988 687 est
1024 634 1085 686 et
1121 645 1275 686 usus
1312 631 1376 686 et
1421 641 1592 684 cura.
1683 628 1755 683 ut
1788 617 1933 681 fidis
1976 617 2172 702 igitur
2207 629 2272 682 et
2306 617 2493 682 tibias
2532 641 2752 684 eorum

599 693 674 733 ¹⁵⁷
703 739 898 782 causa
939 717 1144 781 factas
1189 715 1529 780 dicendum
1564 723 1691 790 est,
1724 713 1857 796 ·qui
1890 712 2013 776 illis
2048 711 2143 776 uti
2188 722 2477 796 possent,
2529 713 2620 778 sic
2657 737 2751 792 ea,

703 833 868 894 quae
906 811 1055 888 dixi,
1092 812 1169 874 iis
1207 810 1356 876 solis
1386 808 1819 874 confitendum
1845 819 1941 872 est
1966 829 2105 872 esse
2140 817 2383 892 parata,
2420 807 2530 891 qui
2559 819 2753 874 utun-

703 916 832 980 tur,
880 928 998 970 nec
1010 953 1026 982 ,
1074 905 1128 968 si
1173 925 1337 988 quae
1380 903 1621 967 bestiae
1657 902 1951 966 furantur
1992 901 2234 984 aliquid
2270 925 2350 966 ex
2384 901 2460 966 iis
2498 913 2611 968 aut
2654 925 2755 968 ra·-

702 1000 904 1082 piunt,
941 999 1192 1064 illarum
1229 1018 1483 1082 quoque
1519 1017 1715 1060 causa
1750 1018 1827 1060 ea
1852 1006 2004 1059 nata
2031 1017 2169 1060 esse
2198 995 2512 1060 dicemus:
2545 1017 2753 1080 neque
2869 1015 2877 1026 ·

703 1093 872 1156 enim
917 1092 1205 1157 homines
1241 1113 1497 1156 murum
1531 1100 1643 1154 aut
1678 1088 2088 1156 formicarum
2125 1110 2319 1154 causa
2361 1088 2752 1156 frumentum

705 1186 1016 1263 condunt,
1071 1186 1185 1250 sed
1222 1185 1566 1269 coniugum
1603 1193 1667 1248 et
1700 1183 2045 1249 liberorum
2078 1193 2145 1248 et
2187 1182 2571 1248 familiarum
2608 1207 2754 1248 sua-

704 1303 878 1356 rum3
930 1281 1147 1364 itaque
1205 1277 1446 1342 bestiae
1499 1277 1750 1353 furtim,
1802 1287 1875 1340 ut
1921 1276 2080 1354 dixi,
2135 1276 2464 1355 fruuntur,
2517 1277 2759 1343 domini

602 1395 678 1436 158
704 1375 916 1458 palam
953 1385 1016 1438 et
1048 1373 1260 1438 libere.
1325 1371 1659 1436 hominum
1691 1371 1889 1456 igitur
1923 1392 2119 1436 causa
2152 1393 2259 1436 eas
2295 1393 2507 1435 rerum
2543 1373 2754 1456 copias

705 1478 1076 1554 conparatas
1113 1465 1446 1531 fatendum
1481 1475 1596 1542 est,
1633 1465 1703 1528 ni
1737 1465 1901 1528 fort-e
1937 1475 2115 1528 tanta
2148 1464 2407 1529 ubertas
2444 1475 2507 1531 et
2553 1466 2757 1532 varie·-

705 1574 801 1626 tas
853 1581 1192 1647 pomorum
1236 1581 1581 1642 eorumque
1633 1558 1952 1624 iucundus
1996 1580 2127 1622 non
2176 1569 2473 1644 gustatus
2526 1560 2754 1635 solum,

705 1655 818 1719 sed
854 1653 1150 1718 odoratus
1190 1653 1382 1718 etiam
1411 1663 1474 1718 et
1507 1663 1827 1739 aspectus,
1864 1652 2325 1718 dubitationem
2362 1651 2569 1718 adfert
2602 1653 2757 1736 quin

704 1748 1064 1815 hominibus
1113 1749 1262 1813 solis
1307 1771 1386 1813 ea
1437 1760 1667 1812 natura
1715 1745 2045 1814 donaverit
2054 1773 2075 1826 3
2127 1758 2502 1832 tantumque
2555 1748 2755 1826 abest,

705 1852 778 1905 ut
812 1842 969 1907 haec
1011 1841 1356 1906 bestiarum
1407 1842 1599 1906 etiam
1644 1857 1841 1907 causa
1874 1851 2099 1926 parata
2136 1841 2291 1917 sint,
2336 1851 2409 1904 ut
2440 1840 2611 1926 ipsas
2646 1841 2759 1906 be-

708 1934 860 2000 stias
925 1935 1256 2000 hominum
1317 1935 1526 2022 gratia
1586 1945 1923 2022 generatas
1977 1957 2115 2000 esse
2174 1934 2532 1999 videamus:
2604 1935 2758 2018 quid

705 2029 876 2094 enim
923 2051 1073 2096 oves
1127 2029 1302 2096 aliud
1348 2029 1644 2094 adferunt
1695 2027 1817 2092 nisi
1862 2039 1935 2092 ut
1979 2050 2196 2093 earum
2242 2027 2407 2092 villis
2452 2027 2757 2094 confectis

706 2133 897 2205 atque
917 2123 1226 2187 contextis
1255 2122 1539 2188 homines
1557 2121 1947 2188 vestiantur?
1975 2142 2140 2205 quae
2159 2120 2417 2204 quidem
2447 2144 2655 2207 neque
2675 2121 2757 2186 ali

705 2236 913 2298 neque
934 2215 1271 2279 sustentari
1287 2235 1495 2298 neque
1514 2215 1715 2278 ullum
1734 2209 2015 2282 fructum
2036 2215 2222 2280 edere
2242 2238 2321 2280 ex
2338 2238 2407 2281 se
2427 2215 2560 2280 sine
2581 2216 2758 2282 cultu

675 2305 688 2312 ”
706 2307 1034 2372 hominum
1071 2319 1134 2372 et
1177 2308 1500 2374 curatione
1544 2308 1916 2393 potuissent.
2014 2330 2245 2374 canum
2280 2331 2429 2374 vero
2464 2319 2595 2374 tam
2628 2309 2760 2375 fida

707 2401 996 2465 custodia
1041 2411 1299 2484 tamque
1343 2425 1564 2466 amans
1611 2399 2011 2466 dominorum
2056 2402 2334 2468 adulatio
2382 2413 2757 2486 tantumque

707 2493 923 2557 odium
966 2495 1034 2558 in
1078 2505 1372 2560 externos
1418 2505 1482 2560 et
1527 2506 1660 2560 tam
1694 2494 2081 2561 incredibilis
2118 2495 2201 2562 ad
2242 2497 2759 2581 investigandum

707 2588 1020 2674 sagacitas
1056 2589 1340 2665 narium,
1386 2600 1566 2654 tanta
1612 2587 1904 2654 alacritas
1939 2590 2005 2656 in
2041 2591 2334 2656 venando
2372 2590 2527 2676 quid
2554 2587 2759 2678 'signi-

704 2682 856 2747 ficat
899 2683 1072 2747 aliud
1117 2683 1238 2746 nisi
1276 2705 1343 2747 se
1381 2682 1463 2746 ad
1497 2681 1828 2747 hominum
1865 2685 2341 2750 commoditates
2380 2707 2518 2750 esse
2562 2708 2760 2772 gene·-

607 2797 682 2838 159
708 2777 918 2842 ratos?
971 2777 1127 2862 quid
1164 2777 1242 2840 de
1278 2775 1489 2841 bubus
1523 2775 1787 2858 loquar?
1836 2799 2110 2860 quorum
2146 2777 2287 2863 ipsa
2330 2789 2513 2864 terga
2546 2775 2759 2844 decla-

706 2881 851 2935 rant
885 2892 1014 2934 non
1052 2893 1190 2936 esse
1228 2893 1295 2934 se
1333 2870 1418 2933 ad
1452 2892 1612 2934 onus
1652 2868 2092 2958 accipiendum
2129 2872 2430 2958 figurata3
2480 2871 2759 2938 cervices

707 2974 922 3030 autem
957 2975 1146 3028 natae
1183 2964 1266 3028 ad
1299 2963 1556 3050 iugum,
1604 2974 1742 3029 tum
1777 2965 1943 3029 vires
1979 2987 2339 3030 umerorum
2379 2977 2444 3032 et
2476 2965 2760 3032 latitudi-

707 3080 822 3121 nes
859 3057 942 3120 ad
979 3069 1186 3122 aratra
1224 3057 1644 3123 extrahenda:
1692 3058 1924 3141 quibus
1962 3081 2108 3124 cum
2143 3069 2347 3126 terrae
2383 3059 2759 3146 subigeren-

706 3163 811 3215 tur
862 3151 1116 3217 fissione
1159 3152 1523 3238 glebarum,
1577 3151 1660 3216 ab
1706 3152 1815 3217 illo
1862 3175 2055 3218 aureo
2096 3175 2360 3238 genere,
2413 3166 2486 3220 ut
2530 3159 2757 3240 poe‘t'ae

705 3245 1070 3330 loquuntur,
1107 3247 1204 3312 vis
1240 3247 1416 3311 nulla
1450 3267 1756 3330 umquam
1794 3247 2219 3313 adserebatur.

831 3384 1042 3450 ferrea
1075 3395 1213 3447 tum
1249 3404 1399 3448 vero
1433 3382 1644 3468 proles
1681 3395 1901 3448 exorta
1934 3395 2198 3469 repente
2234 3398 2331 3451 est

837 3501 1119 3562 ausaque
1153 3478 1476 3542 funestum
1509 3477 1797 3561 prima’st
1830 3477 2201 3544 fabricarier
2234 3503 2453 3548 ensem

837 3585 900 3638 et
932 3583 1190 3658 gustare
1223 3593 1420 3636 manu
1454 3571 1739 3636 vinctum
1774 3573 2211 3656 domitumque
2243 3575 2604 3640 iuvencum.

711 3728 888 3782 tanta
920 3717 1263 3802 putabatur
1298 3715 1535 3780 utilitas
1571 3715 1813 3802 percipi
1850 3739 1885 3782 e
1920 3716 2153 3796 bubus,
2190 3729 2261 3782 ut
2295 3741 2518 3783 eorum
2551 3717 2758 3784 visce-

609 3828 678 3882 64
709 3810 884 3875 ribus
919 3810 1093 3874 vesci
1129 3810 1334 3874 scelus
1381 3807 1739 3875 haberetur.
1827 3811 2094 3896 longum
2129 3822 2225 3875 est
2258 3811 2576 3877 mulorum
2610 3835 2756 3898 per-

709 3905 892 3988 sequi
917 3903 1220 3969 utilitates
1247 3915 1309 3970 et
1338 3903 1678 3982 asinorum,
1710 3926 1873 3989 quae
1903 3915 2070 3969 certe
2098 3905 2180 3968 ad
2207 3905 2537 3971 hominum
2564 3928 2756 3971 usum

607 4019 682 4059 160
709 4008 968 4086 paratae
1015 4010 1179 4064 sunt.
1270 4022 1376 4064 sus
1425 4022 1574 4064 vero
1621 3999 1777 4082 quid
1820 3997 2013 4064 habet
2055 4012 2303 4086 praeter
2349 4001 2597 4066 escam?
2652 4000 2756 4066 cui
