3292 4559
1008 224 1116 277 DE
1150 219 1487 277 LEGIBUS
1524 221 1631 275 ΠΙ.
1670 220 1736 275 27
1750 222 1911 275 --32
2345 210 2487 277 305

396 375 526 417 »us
586 372 825 436 parere
877 345 1222 423 voluerint,
1284 344 1445 409 haec
1495 344 1770 409 habetur
1821 344 2058 409 oratio:
2130 366 2282 410 nam
2335 340 2486 412 cum

396 446 589 511 »mni
637 442 799 509 vitio
846 463 1061 509 carere
1105 441 1211 505 lex
1258 438 1507 517 iubeat,
1560 460 1643 505 ne
1691 439 1903 505 veniet
1939 440 2196 523 quidem
2229 442 2299 505 in
2336 461 2484 507 eum

396 542 711 605 ›rdinem
773 537 1112 622 quisquam
1174 534 1314 599 vitii
1373 533 1714 621 particeps,
1819 533 1888 598 id
1951 545 2161 600 autem
2225 536 2485 601 difficile

396 636 594 699 'actu
654 642 754 698 est
794 631 918 695 nisi
964 628 1338 695 educatione
1383 629 1664 711 quadam
1707 640 1770 693 et
1813 628 2174 714 disciplina,
2231 630 2333 695 de.
2355 653 2486 716 qua
2567 702 2574 705 ,

396 730 711 793 licemus
748 723 991 807 aliquid
1026 721 1315 799 fortasse,
1354 722 1407 786 si
1441 722 1597 806 quid
1632 721 1826 787 fuerit
1860 722 1984 787 loci
2021 734 2132 787 aut
2157 726 2480 809 temp-oris.

396 828 547 887 Aa.
607 820 834 883 Locus
870 827 1040 883 certe
1074 838 1204 881 non
1240 816 1469 893 deerit,
1515 817 1820 899 quoniam
1856 828 2034 881 tenes
2069 818 2360 882 ordinem
2393 820 2483 885 le·-

396 938 607 1002 gum,
656 925 911 998 tempus
958 923 1110 975 vero
1152 910 1423 996 largitur
1464 910 1798 995 longitudo
1845 911 1990 976 diei.
2081 930 2202 997 ego
2249 923 2485 989 autem,

396 1009 616 1075 etiam
662 1007 717 1071 si
737 1005 1193 1091 ‘praeterierim
1237 1016 1523 1089 repetam
1558 1028 1599 1069 a
1634 1016 1700 1071 te
1742 1006 1936 1069 istum
1981 1006 2077 1071 de·
2105 1006 2482 1073 educatione

396 1114 477 1169 et
529 1102 613 1167 de
662 1099 999 1185 disciplina
1039 1099 1272 1163 locum.
1358 1100 1452 1163 M.
1515 1099 1621 1163 Tu
1667 1121 1818 1164 vero
1866 1112 1930 1165 et
1973 1101 2196 1178 istum,
2241 1102 2481 1176 Attice,

396 1210 479 1263 at
541 1196 597 1260 si
656 1218 849 1279 quem
904 1194 1100 1261 alium
1147 1196 1536 1278 praeteriero·
1628 1194 1870 1259 ‘ceteris
1925 1196 2249 1280 specimen
2304 1196 2480 1260 esto?

396 1290 598 1375 quod
646 1290 703 1355 si
740 1302 1029 1364 tenemus,
1076 1299 1365 1353 tenemus
1412 1288 1656 1359 omnia:
1709 1300 1783 1352 ut
1818 1289 1988 1353 enim
2025 1289 2481 1375 cupiditatibus

396 1384 787 1471 principum
836 1393 902 1447 et
944 1381 1117 1445 vitiis
1158 1380 1331 1445 infici
1368 1382 1529 1447 solet
1562 1392 1698 1447 tota
1733 1382 1987 1460 civitae,
2031 1384 2125 1448 sic
2159 1384 2483 1449 emendari

396 1491 486 1545 et
523 1477 757 1563 corrigi
796 1476 1202 1541 continentia.
1264 1475 1365 1539 vir
1398 1498 1672 1561 magnus
1705 1488 1770 1541 et
1793 1477 1976 1541 nobis
2005 1476 2298 1543 omnibus
2329 1480 2486 1543 ami·—

396 1596 559 1648 cus,
596 1570 681 1635 L.
718 1570 1059 1646 Lucullus,
1094 1569 1423 1635 ferebatur
1458 1570 1642 1653 quasi
1679 1570 2190 1637 commodissime
2223 1593 2485 1657 resp-on-

396 1667 652 1740 disset,
706 1684 853 1727 cum
906 1674 1073 1728 esset
1126 1663 1377 1729 obiecta
1423 1663 1898 1749 magnificentia
1939 1666 2129 1730 villae
2173 1664 2486 1730 Tuscula-

396 1782 571 1836 nae,
598 1758 727 1823 duo
757 1780 825 1822 se
840 1758 1078 1822 habere
1098 1758 1359 1833 vicinos,
1390 1756 1786 1843 superiorem
1805 1760 2082 1844 equitem
2100 1760 2485 1839 Romanum,

396 1852 793 1921 inferiorem
842 1852 1239 1916 libertinum:
1314 1873 1587 1937 quorum
1640 1876 1790 1919 cum
1843 1867 2056 1921 essent
2106 1856 2484 1941 magnificae

397 1949 637 2025 villae,
674 1945 940 2011 concedi
976 1946 1096 2010 sibi
1134 1957 1445 2032 oportere,
1483 1948 1659 2031 quod
1691 1948 1790 2023 iis,
1827 1949 1939 2031 qui
1973 1948 2287 2014 inferioris
2316 1950 2484 2015 ordi-

398 2043 527 2109 nis
574 2052 813 2117 essent,
859 2040 1097 2105 liceret.
1186 2062 1316 2105 non
1360 2042 1569 2117 vides,
1624 2041 1930 2119 Luculle,
1977 2066 2016 2107 a
2061 2054 2124 2107 te
2168 2044 2237 2108 id
2270 2045 2484 2128 ipsum

400 2147 670 2213 natum,
708 2147 779 2199 ut
812 2135 905 2199 illi
937 2136 1281 2220 cuperent?
1315 2132 1551 2220 quibus
1578 2134 1668 2213 id,
1707 2138 1760 2201 si
1795 2148 1865 2201 tu
1901 2158 2030 2201 non
2055 2137 2320 2215 faceres,
2355 2160 2486 2202 non

402 2234 665 2299 liceret.
746 2229 891 2313 quis
928 2230 1099 2294 enim
1133 2229 1327 2295 ferret
1362 2230 1538 2306 istos,
1576 2252 1726 2294 cum
1761 2230 2007 2295 videret
2043 2252 2266 2295 eorum
2300 2231 2484 2297 villas

406 2326 631 2411 signis
659 2337 724 2389 et
751 2324 989 2389 tabulis
1014 2324 1301 2401 refertas,
1330 2325 1562 2409 partim
1580 2320 1875 2409 publicis,
1902 2326 2134 2410 partim
2163 2326 2357 2390 etiam
2385 2350 2486 2391 sa·-

409 2422 554 2488 cris
582 2432 647 2486 et
678 2418 1031 2504 religiosis?
1074 2419 1217 2502 quis
1242 2436 1373 2484 non
1400 2419 1728 2505 frangeret
1763 2440 1984 2485 eorum
2009 2420 2325 2497 libidines,
2363 2423 2486 2485 nisi

406 2515 522 2582 illi
554 2514 704 2598 ipsi,
748 2512 861 2596 qui
896 2508 1005 2577 eas
1040 2513 1339 2599 frangere
1374 2513 1683 2578 deberent
1697 2562 1714 2590 ,
1753 2514 2208 2598 cupiditatibus
2245 2515 2486 2580 eisdem

2527 833 2575 871 30

2527 2252 2579 2295 31

416 2608 835 2677 tenerentur?
868 2630 989 2672 nec
1024 2608 1195 2672 enim
1231 2618 1482 2673 tantum
1516 2608 1671 2672 mali
1707 2619 1804 2673 est
1837 2625 2106 2692 peccare
2141 2608 2482 2694 principes,
2521 2626 2590 2679 14

410 2724 821 2787 quamquam
857 2712 953 2765 est
987 2722 1296 2785 magnum
1330 2701 1455 2764 hoc
1489 2722 1605 2785 per
1640 2724 1710 2765 se
1744 2702 1956 2785 ipsum
1982 2702 2246 2777 malum,
2283 2724 2485 2785 quan-

414 2811 571 2861 tum
602 2793 757 2857 illud
770 2839 787 2867 ,
826 2794 999 2873 quod
1035 2789 1335 2878 permulti
1369 2794 1718 2858 imitatores
1754 2794 2114 2879 principum
2152 2794 2483 2860 exsistunt..

416 2910 583 2953 nam
615 2886 761 2951 licet
796 2883 1034 2961 videre,
1071 2886 1125 2949 si
1160 2884 1317 2950 velis
1353 2886 1662 2971 replicare
1695 2887 2068 2951 memoriam
2104 2898 2483 2973 temporum,

422 2981 927 3067 qualescumque
972 2978 1202 3043 summi
1247 2978 1521 3043 civitatis
1564 2974 1686 3044 viri
1722 2980 1986 3057 fuerint,
2035 2982 2228 3047 talem
2264 2977 2486 3048 civita-

419 3090 563 3141 tem
607 3073 833 3149 fuisse3
888 3093 1331 3157 quaecumque
1376 3074 1644 3138 mutatio
1692 3095 1943 3139 morum
1986 3068 2052 3140 in
2087 3076 2482 3163 principibus
2585 3102 2598 3113 ·

422 3168 759 3245 exstiterit,
798 3168 1066 3233 eandem
1102 3168 1169 3231 in
1204 3163 1445 3253 populo
1482 3179 1787 3233 secutam.
1849 3169 2044 3253 idque
2079 3170 2254 3235 haud
2289 3174 2482 3257 paulo

422 3274 531 3333 est
562 3263 769 3327 verius
806 3281 1002 3345 quam
1036 3262 1213 3345 quod
1244 3261 1505 3326 Platoni
1538 3273 1758 3327 nostro
1791 3264 2027 3349 placet,
2065 3266 2175 3349 qui
2211 3270 2486 3333 musico·-

420 3382 577 3426 rum
628 3356 919 3421 cantibus
974 3357 1063 3421 ait
1115 3355 1375 3420 mutatis
1420 3357 1655 3421 mutari
1699 3358 2029 3423 civitatum
2075 3370 2306 3423 status:
2363 3382 2484 3446 ego

426 3464 647 3520 autem
688 3450 997 3516 nobilium
1032 3451 1167 3515 vita
1205 3450 1499 3533 victuque
1534 3461 1778 3515 mutato
1814 3474 2026 3516 mores
2062 3454 2296 3541 mutari
2331 3454 2485 3519 civi-

424 3558 636 3613 tatum
684 3556 871 3631 put03
944 3566 1073 3629 quo
1127 3542 1543 3631 perniciosius
1597 3544 1678 3611 de
1729 3565 1798 3611 re
1851 3546 2112 3633 publica
2163 3559 2486 3613 merentur

426 3640 643 3709 vitiosi
686 3639 1032 3725 principes,
1088 3640 1265 3723 quod
1308 3659 1438 3703 non
1482 3640 1692 3704 solum
1735 3639 1892 3707 vitia
1935 3641 2300 3725 concipiunt
2339 3643 2484 3727 ipsi,

433 3736 551 3802 sed
584 3757 659 3799 ea
690 3733 1037 3799 infundunt
1070 3734 1139 3797 in
1165 3734 1507 3810 civitatem,
1543 3752 1754 3817 neque
1784 3735 1992 3799 solum
2019 3736 2272 3811 obsunt,
2311 3737 2484 3819 quod

434 3828 561 3913 ipsi
600 3839 1117 3913 corrumpuntur,
1159 3827 1273 3893 sed
1316 3820 1535 3893 etiam*
1553 3824 1728 3911 quod
1763 3840 2176 3913 corrumpunt
2211 3830 2484 3913 plusque

2527 3194 2590 3243 32.

439 3922 721 4005 exemplo
756 3944 950 4005 quam
986 3934 1250 4009 peccato
1285 3933 1537 3987 nocent.
1625 3933 1818 4007 atque
1855 3923 2016 3989 haec
2048 3923 2184 4000 lex,
2221 3922 2487 3987 dilatata
2567 3944 2572 3949 ·

442 4016 510 4081 in
562 4014 837 4081 ordinem
890 4028 1219 4095 cunctum,
1283 4018 1691 4103 coangustari
1745 4016 1940 4083 etiam
1992 4028 2228 4103 potest3
2293 4016 2482 4103 pauci
2586 4051 2592 4059 «

561 4114 765 4158 ciceronis
786 4116 865 4160 σοι.
886 4116 991 4161 vm.
2053 4117 2126 4172 20
