3292 4559
735 1066 807 1102 11ss

735 3046 779 3082 123

788 3045 803 3081 1

840 246 923 310 ’Τῧ
1203 303 1209 311 .
1446 251 1524 309 Μ.
1561 250 1836 310 TULLII
1869 248 2271 309 CICERONIS

835 394 947 446 aut
991 379 1336 446 admodum
1377 377 1677 465 paulum,
1729 374 1903 458 quod
1947 383 2263 439 astrorum
2308 374 2476 460 ignis
2512 383 2577 441 et
2618 373 2895 440 aetheris

835 478 1090 540 flamma
1133 471 1466 540 consumit.
1555 493 1635 536 ex
1680 490 1809 553 quo
1854 479 2233 534 eventurum
2275 468 2478 534 nostri
2532 478 2764 555 putant
2803 468 2894 547 id,

835 574 915 634 de
955 591 1078 654 quo
1110 568 1493 634 Panaetium
1528 564 1905 632 addubitare
1943 564 2270 644 dicebant,
2306 576 2380 631 ut
2416 565 2499 631 ad
2535 577 2894 633 extremum

835 666 1038 730 omnis
1074 663 1354 729 mundus
1387 663 1773 749 ignesceret,
1819 682 1967 725 cum
2012 681 2235 726 umore
2271 672 2649 748 consumpto
2683 682 2896 745 neque

839 773 1007 826 tfflra
1041 759 1126 824 ali
1159 768 1376 845 posset
1408 779 1529 823 nec
1561 764 1875 822 remearet
1911 759 2039 831 aer,
2077 755 2261 820 cuius
2296 767 2472 821 ortus
2509 777 2679 842 aqua
2714 755 2893 820 omni

839 854 1148 918 exhausta
1174 876 1314 919 esse
1341 874 1470 918 non
1496 861 1743 938 posset.
1777 849 1868 914 ita
1892 849 2166 934 relinqui
2191 849 2350 914 nihil
2375 861 2632 935 praeter
2654 849 2895 935 ignem,

839 974 876 1010 a
923 970 1048 1030 quo
1094 970 1347 1013 rursum
1400 947 1725 1012 animante
1776 965 1853 1009 ac
1906 943 2026 1010 deo
2070 945 2400 1010 renovatio
2444 945 2669 1012 mundi
2712 944 2898 1010 fieret

835 1057 1029 1126 atque
1069 1043 1249 1107 idem·
1286 1052 1548 1108 ornatus
1584 1049 1889 1105 oreretur.
1975 1039 2127 1103 nolo
2172 1039 2240 1104 in
2275 1039 2602 1104 stellarum
2648 1040 2894 1130 ratione

835 1141 1072 1202 multus
1117 1137 1300 1202 vobis
1345 1135 1548 1202 videri
1582 1134 1988 1218 maximeque
2035 1156 2286 1212 earum,
2339 1155 2507 1218 quae
2551 1157 2760 1200 errare
2796 1134 2897 1199 di·

836 1245 1096 1310 eunttu,
1166 1252 1441 1315 quarum
1492 1240 1711 1295 tantus
1766 1238 1864 1293 est
1925 1239 2269 1294 concentus
2323 1251 2405 1294 ex
2458 1229 2894 1295 dissimillimis

835 1326 1132 1402 motibus,
1167 1335 1262 1402 ut,
1299 1346 1446 1389 cum
1482 1345 1734 1388 summa
1770 1320 2033 1388 Saturni
2068 1322 2430 1408 refrigeret,
2465 1323 2680 1389 media
2712 1323 2896 1388 Mar-

835 1422 917 1482 tis
971 1418 1292 1495 incendat,
1354 1418 1433 1483 iis
1494 1416 1823 1483 interiecta
1872 1416 2047 1481 Iovis
2111 1418 2405 1483 inlustret
2457 1428 2523 1482 et
2580 1429 2895 1505 temperet

835 1518 1130 1599 iustaque
1163 1513 1444 1580 Martem
1481 1513 1645 1578 duae
1683 1510 1823 1578 Soli
1856 1512 2218 1591 oboediant,
2254 1513 2391 1598 ipse
2428 1511 2545 1579 Sol
2579 1513 2894 1578 mundum

839 1633 1090 1674 emnem
1153 1632 1272 1674 sua
1332 1609 1476 1674 luce
1528 1607 1825 1693 conpleat
1876 1607 1959 1672 ab
2014 1628 2219 1692 eoque
2270 1607 2465 1672 Luna
2514 1608 2893 1674 inluminata

835 1704 1249 1790 graviditates
1304 1714 1369 1768 et
1419 1713 1640 1790 partus
1685 1702 1933 1768 adferat
1983 1702 2512 1787 maturitatesque
2551 1703 2890 1790 gignendi:

836 1822 1003 1882 quae
1038 1799 1357 1884 copulatio
1391 1821 1606 1865 rerum
1641 1808 1708 1864 et
1752 1797 1937 1882 quasi
1972 1798 2373 1864 consentiens
2408 1799 2492 1864 ad
2535 1800 2765 1864 mundi
2793 1800 2893 1865 in·

835 1892 1268 1960 columitatem
1294 1893 1761 1980 coagmentatio
1789 1903 2055 1958 naturae
2074 1914 2266 1977 quem
2292 1916 2422 1959 non
2448 1906 2682 1973 movet,
2717 1894 2892 1960 hunc

831 1990 1061 2054 horum
1095 1987 1252 2054 nihil
1286 2010 1596 2073 umquam
1629 1986 2027 2073 reputavisse
2064 1998 2237 2053 certo
2273 1987 2426 2052 scio.

963 2086 1145 2169 Age,
1197 2094 1271 2149 ut
1312 2106 1352 2147 a
1395 2082 1778 2152 caelestibus
1822 2081 2016 2148 rebus
2052 2081 2156 2146 ad·
2181 2081 2492 2148 terrestris
2537 2082 2891 2160 veniamus,

835 2178 994 2260 quid
1034 2186 1131 2242 est
1169 2177 1238 2241 in
1281 2176 1415 2252 his,
1464 2174 1533 2241 in
1576 2197 1708 2260 quo
1751 2198 1882 2241 non
1932 2187 2200 2241 naturae
2250 2176 2414 2241 ratio
2464 2177 2889 2263 intellegentis

835 2270 1174 2354 adpareat?
1228 2269 1536 2355 principio
1570 2292 1829 2347 eorum,
1862 2290 2028 2354 quae
2062 2269 2416 2355 gignuntur
2450 2293 2487 2336 e
2522 2282 2709 2350 terra,
2747 2272 2891 2337 stir-

835 2390 947 2450 pes
995 2374 1060 2430 et
1102 2363 1510 2429 stabilitatem
1557 2365 1712 2429 dant
1760 2365 1869 2442 iis,
1922 2385 2089 2448 quae
2135 2365 2481 2443 sustinent,
2534 2376 2597 2431 et
2640 2388 2677 2431 e
2720 2377 2891 2432 terra

835 2480 1062 2522 susum
1095 2457 1372 2534 trahunt,
1410 2478 1539 2541 quo
1574 2459 1827 2522 alantur
1859 2481 1967 2536 ea,
2003 2480 2169 2544 quae
2202 2459 2525 2525 radicibus
2560 2460 2891 2527 continen-

835 2566 967 2626 ιιι]
1023 2551 1553 2634 obducunturque
1595 2551 1762 2616 libro
1797 2565 1909 2618 aut
1952 2554 2186 2619 cortice
2230 2555 2469 2632 trunci,
2522 2575 2651 2639 quo
2686 2556 2816 2621 sint
2850 2579 2891 2621 a

835 2646 955 2730 Ξ.“ι·ΞιΗ
931 2602 1176 2710 :oribus
1213 2657 1279 2711 et
1313 2645 1630 2712 caloribus
1667 2646 1950 2712 tutiores.
2013 2648 2145 2712 iam
2179 2671 2330 2714 vero
2366 2649 2527 2714 vites
2562 2650 2657 2715 sic
2693 2651 2890 2716 clavi-

835 2699 991 2805 culis
1028 2740 1414 2805 adminicula
1459 2750 1788 2824 tamquam
1829 2742 2126 2807 manibus
2162 2742 2648 2829 adprehendunt
2694 2756 2888 2829 atque

831 2838 920 2898 ita
959 2858 1023 2898 se
1070 2836 1326 2921 erigunt
1371 2846 1443 2900 ut
1488 2835 1862 2902 animantes.
1951 2837 2108 2921 quin
2153 2838 2346 2903 etiam
2381 2862 2421 2904 a
2457 2840 2778 2918 caulibus,
2832 2841 2890 2906 si

835 2942 1092 3014 propter
1136 2930 1259 2993 sati
1301 2930 1460 3007 sint,
1513 2941 1586 2995 ut
1630 2954 1670 2995 a
1711 2931 2030 3017 pestiferis
2066 2942 2131 2998 et
2173 2934 2551 3000 nocentibus
2586 2935 2887 3022 refugere

835 3026 1132 3086 [licuntur
1173 3045 1293 3088 nec
1330 3044 1436 3088 eos
1471 3025 1604 3090 ulla
1637 3049 1717 3091 ex
1762 3038 1943 3112 parte
1989 3028 2378 3115 contingere.
2469 3031 2888 3097 animantium

835 3138 987 3182 vert]
1023 3128 1261 3200 quanta
1293 3120 1565 3186 varietas
1601 3134 1727 3199 est,
1782 3133 2030 3207 quanta¹
2057 3122 2140 3187 ad
2175 3145 2319 3189 eam
2351 3147 2487 3189 rem
2534 3125 2660 3202 vis,
2714 3137 2785 3191 ut
2818 3127 2888 3192 in

835 3234 948 3278 suo
971 3234 1263 3296 quaeque
1284 3236 1517 3300 genere
1540 3217 1941 3302 permaneat!
1980 3237 2254 3300 quarum
2282 3219 2445 3285 aliae
2465 3221 2651 3285 coriis
2680 3231 2886 3288 tectae

835 3321 1007 3386 sunt,
1063 3308 1227 3375 aliae
1257 3311 1444 3390 ‚villis
1489 3313 1786 3391 vestitae,
1842 3314 2026 3379 aliae·
2050 3314 2248 3398 spinis
2300 3315 2583 3382 hirsutae
2593 3341 2611 3395 ;
2665 3317 2887 3403 pluma

831 3406 1007 3482 adias,
1045 3403 1200 3469 alias
1229 3427 1498 3489 squama
1525 3408 1819 3474 videmus
1848 3407 2178 3485 obductae,
2216 3410 2372 3475 alias
2410 3433 2548 3478 esse
2586 3413 2884 3477 cornibus

831 3510 1132 3577 armatas,
1179 3499 1335 3564 alias
1369 3501 1606 3567 habere
1641 3502 1885 3588 effugia
1928 3503 2288 3588 pinnarum.
2374 3517 2631 3592 pastum
2667 3518 2884 3573 autem

831 3592 1257 3658 animantibus
1309 3594 1488 3680 large
1547 3605 1613 3660 et
1662 3597 1916 3682 copiose
1969 3608 2202 3664 natura
2251 3622 2428 3678 eum,
2483 3601 2594 3684 qui
2650 3601 2885 3685 cuique

831 3698 1031 3770 aptus·
1051 3698 1208 3765 erat,
1245 3690 1634 3774 conparavit.
1724 3713 2097 3759 enumerare
2133 3715 2427 3779 possum,
2464 3695 2548 3759 ad
2586 3718 2734 3760 eum
2770 3718 2886 3781 pa-

831 3794 999 3846 stum
1046 3783 1515 3868 capessendum
1567 3785 2158 3871 conficiendumque
2202 3809 2368 3872 quae
2414 3788 2496 3854 sit
2546 3789 2614 3854 in
2658 3790 2883 3876 figuris

831 3874 1246 3941 animantium
1275 3892 1340 3942 et
1366 3898 1559 3960 quam
1587 3879 1807 3944 sollers
1836 3881 2211 3964 subtilisque
2242 3882 2569 3969 discriptio
2604 3885 2883 3970 partium

831 3989 1162 4051 quamque
1195 3970 1601 4038 admirabilis·
1629 3975 1875 4040 fabrica
1916 3976 2377 4054 membrorum3
2434 3979 2647 4043 omnia
2690 3979 2881 4055 enim,

831 4082 999 4138 quae
1035 4061 1304 4144 quidem
1328 4064 1497 4130 intus
1532 4068 1779 4134 inclusa
1815 4063 1983 4150 sunt,
2018 4070 2109 4136 ita
2142 4084 2305 4137 nata-
2324 4083 2515 4157 atque
2550 4072 2642 4138 ita
2675 4073 2886 4137 locata
