3292 4559
633 1465 686 1506 81

635 2270 686 2311 82

729 270 856 338 286
1341 273 1419 329 Μ.
1453 270 1731 329 TULLII
1763 268 2164 327 CICERONIS

723 428 958 495 genere
992 402 1369 490 perfectum.
1439 398 1556 467 sed
1587 395 1877 485 plerique
1909 416 2121 480 neque
2153 393 2223 461 in
2257 394 2452 461 rebus
2488 393 2793 461 humanis

725 502 1072 587 quicquam
1116 496 1360 562 bonum
1409 504 1648 561 norunt
1698 490 1825 558 nisi
1876 490 2053 575 quod
2102 488 2509 555 fructuosum
2560 490 2675 569 sit,
2730 511 2796 559 et

727 595 964 661 amicos
1008 604 1338 675 tamquam
1389 587 1671 675 pecudes
1726 608 1837 652 eos
1891 583 2296 672 potissimum
2346 583 2657 670 diligunt,
2712 609 2797 650 ex

729 689 963 775 quibus
998 696 1259 772 sperant
1293 707 1364 750 se
1399 681 1753 747 maximum
1796 678 2081 745 fructum
2114 700 2257 744 esse
2290 688 2613 763 capturos.
2700 679 2796 743 ita

727 781 1155 871 pulcherrima
1195 780 1308 845 illa
1353 788 1418 844 et
1458 775 1741 859 maxime
1783 773 2063 839 naturali
2096 783 2317 839 carent
2360 772 2638 838 amicitia
2668 795 2795 858 per

729 902 797 945 se
842 888 908 943 et
949 886 1210 964 propter
1261 895 1330 939 se
1383 871 1694 958 expetita,
1746 891 1867 935 nec
1917 868 2043 954 ipsi
2096 867 2222 933 sibi
2271 867 2563 954 exemplo
2614 879 2789 942 sunt,

727 973 889 1039 haec
922 971 1020 1036 vis
1064 967 1380 1035 amicitiae
1416 978 1482 1033 et
1524 964 1733 1049 qualis
1769 975 1835 1030 et
1878 972 2120 1048 quanta
2160 962 2271 1039 sit3
2326 962 2466 1048 ipse
2511 961 2683 1027 enim
2716 983 2789 1025 se

728 1067 1000 1152 quisque
1053 1063 1289 1149 diligit,
1351 1083 1482 1127 non
1545 1069 1617 1125 ut
1667 1058 1950 1143 aliquam
2000 1081 2043 1122 a
2094 1080 2163 1123 se
2220 1056 2363 1142 ipse
2424 1055 2793 1122 mercedem

729 1161 948 1247 exigat
1013 1156 1291 1223 caritatis
1355 1177 1539 1231 suae,
1611 1152 1729 1219 sed
1790 1150 1965 1237 quod
2025 1174 2141 1237 per
2200 1173 2271 1217 se
2340 1150 2613 1235 quisque
2668 1149 2795 1214 sibi

729 1277 913 1321 carus
948 1262 1073 1318 est:
1125 1250 1301 1336 quod
1333 1249 1457 1315 nisi
1491 1250 1665 1315 idem
1698 1248 1768 1313 in
1802 1247 2147 1313 amicitiam
2182 1246 2625 1323 transferetur,
2676 1268 2795 1310 ve-

727 1372 838 1414 rus
881 1346 1126 1413 amicus
1177 1364 1532 1427 numquam
1583 1343 1960 1429 reperietur3
2015 1352 2112 1407 est
2164 1340 2337 1409 enim
2382 1340 2467 1417 is,
2519 1340 2633 1423 qui
2686 1350 2795 1405 est

728 1454 1057 1525 tamquam
1109 1438 1269 1503 alter
1318 1438 1510 1502 idem.
1605 1436 1783 1521 quod
1833 1435 1889 1502 si
1940 1436 2065 1501 hoc
2107 1435 2374 1522 adparet
2420 1435 2489 1499 in
2537 1434 2791 1513 bestiis,

727 1534 1094 1602 volucribus
1127 1532 1430 1598 nantibus
1467 1532 1860 1617 agrestibus,
1915 1530 2235 1597 cicuribus
2270 1530 2453 1607 feris,
2505 1530 2793 1616 primum

726 1641 801 1696 ut
842 1652 913 1697 se
957 1629 1135 1715 ipsae
1180 1627 1452 1713 diligant
1483 1663 1572 1675 —-
1604 1627 1673 1691 id
1724 1626 1896 1692 enim
1948 1626 2187 1711 pariter
2232 1648 2381 1691 cum
2425 1625 2601 1690 omni
2650 1626 2793 1690 ani-

728 1736 944 1791 mante
987 1722 1272 1789 nascitur
1305 1757 1423 1800 -,
1469 1721 1701 1788 deinde
1736 1732 1810 1786 ut
1850 1720 2179 1805 requirant
2222 1730 2416 1803 atque
2458 1719 2789 1806 adpetant,

730 1823 813 1887 ad
848 1842 1010 1906 quas
1055 1842 1124 1885 se
1171 1818 1498 1905 adplicent
1541 1816 1829 1883 eiusdem
1872 1816 2125 1902 generis
2168 1814 2537 1892 animantis,
2590 1815 2791 1899 idque

729 1916 977 1981 faciunt
1011 1937 1158 1980 cum
1187 1912 1502 1979 desiderio
1529 1923 1596 1979 et
1628 1934 1779 1977 cum
1804 1911 2084 1995 quadam
2111 1910 2525 1976 similitudine
2553 1910 2795 1974 amoris

730 2010 1014 2088 humani,
1050 2021 1290 2095 quanto
1324 2008 1394 2073 id
1427 2007 1635 2095 magis
1670 2007 1737 2071 in
1772 2005 2027 2071 homine
2060 2006 2135 2070 fit
2167 2014 2429 2082 natura,
2469 2004 2581 2088 qui
2616 2016 2683 2069 et
2718 2027 2791 2069 se

728 2106 868 2190 ipse
905 2104 1115 2191 diligit
1159 2114 1222 2169 et
1265 2103 1537 2168 alterum
1581 2101 1889 2187 anquirit,
1945 2100 2125 2166 cuius
2172 2099 2459 2165 animum
2502 2098 2594 2165 ita
2638 2120 2792 2165 cum

623 2198 694 2252 22
729 2222 847 2264 suo
899 2199 1190 2275 misceat,
1242 2208 1318 2262 ut
1369 2196 1606 2262 efficiat
1658 2218 1861 2282 paene
1912 2217 2113 2259 unum
2166 2216 2249 2260 ex
2301 2194 2575 2259 duobus.
2672 2193 2795 2258 sed

729 2293 1017 2379 plerique
1060 2313 1388 2377 perverse,
1441 2314 1524 2357 ne
1577 2291 1787 2357 dicam
1838 2290 2247 2377 inpudenter,
2302 2288 2541 2355 habere
2593 2288 2795 2354 talem

731 2386 1009 2451 amicum
1051 2384 1300 2462 volunt,
1355 2384 1580 2469 quales
1624 2386 1750 2470 ipsi
1794 2408 1933 2451 esse
1966 2406 2098 2450 non
2140 2393 2435 2471 possunt,
2491 2404 2793 2467 quaeque

728 2478 852 2563 ipsi
887 2499 1015 2543 non
1051 2477 1342 2543 tribuunt
1376 2478 1621 2554 amicis,
1657 2477 1819 2545 haec
1855 2478 1938 2543 ab
1972 2479 2051 2544 iis
2088 2478 2470 2545 desiderant.
2535 2500 2655 2563 par
2686 2489 2792 2543 est

731 2582 944 2638 autem
988 2572 1266 2659 primum
1308 2572 1522 2658 ipsum
1567 2594 1709 2640 esse
1754 2574 1965 2639 virum
2007 2572 2277 2650 bonum,
2332 2583 2472 2638 tum
2516 2572 2797 2638 alterum

730 2667 1001 2733 similem
1038 2666 1138 2733 sui
1180 2687 1508 2751 quaerere.
1595 2667 1669 2733 in
1710 2668 1947 2734 talibus
1992 2692 2100 2746 ea,
2145 2690 2341 2753 quam
2375 2669 2505 2733 iam
2541 2667 2795 2733 dudum

729 2772 1097 2839 tractamus,
1133 2760 1446 2827 stabilitas
1474 2761 1795 2828 amicitiae
1822 2763 2183 2829 confirmari
2216 2773 2447 2848 potest,
2486 2784 2634 2827 cum
2667 2757 2793 2825 ho-

728 2858 932 2923 mines
978 2854 1425 2921 benevolentia
1477 2857 1802 2922 coniuncti
1852 2857 2132 2942 primum
2176 2855 2631 2943 cupiditatibus
2684 2855 2789 2933 iis,

730 2951 964 3033 quibus
1001 2950 1196 3015 ceteri
1229 2951 1513 3016 serviunt
1526 2998 1546 3030 ,
1580 2951 2017 3037 imperabunt,
2063 2950 2293 3017 deinde
2330 2951 2652 3034 aequitate
2686 2950 2792 3015 iu-

731 3045 1028 3127 stitiaque
1072 3045 1450 3130 gaudebunt
1492 3047 1835 3130 omniaque
1884 3046 2044 3111 alter
2084 3066 2202 3132 pro
2248 3046 2444 3111 altero
2483 3045 2793 3131 suscipiet

729 3159 939 3221 neque
973 3139 1320 3223 quicquam
1354 3162 1664 3225 umquam
1698 3141 1822 3205 nisi
1862 3141 2205 3207 honestum
2240 3151 2305 3206 et
2337 3150 2587 3206 rectum
2622 3140 2791 3205 alter

731 3231 813 3297 ab
850 3231 1048 3298 altero
1083 3234 1452 3319 postulabit,
1487 3256 1699 3319 neque
1734 3235 1943 3300 solum
1978 3235 2190 3301 colent
2223 3234 2390 3302 inter
2424 3256 2493 3301 se
2528 3256 2607 3301 ac
2642 3234 2790 3299 dili-

730 3335 906 3412 gent,
943 3326 1058 3393 sed
1093 3327 1284 3394 etiam
1320 3330 1739 3396 verebuntur:
1775 3353 1928 3395 nam
1954 3330 2308 3395 maximum
2337 3340 2789 3401 ornamentum

731 3421 1044 3487 amicitiae
1081 3423 1270 3501 tollit,
1323 3424 1436 3509 qui
1471 3447 1552 3490 ex
1587 3446 1665 3488 ea
1699 3424 1863 3490 tollit
1906 3424 2377 3491 verecundiam.
2463 3424 2681 3507 itaque
2712 3423 2789 3487 in

729 3514 808 3581 iis
842 3516 1236 3602 perniciosus
1270 3529 1368 3584 est
1403 3539 1595 3596 error,
1633 3517 1746 3601 qui
1780 3519 2147 3584 existimant
2180 3518 2520 3584 libidinum
2552 3536 2784 3601 pecca-

731 3622 1070 3695 torumque
1099 3612 1383 3676 omnium
1416 3622 1636 3698 patere
1670 3612 1739 3677 in
1774 3613 2053 3678 amicitia
2085 3612 2439 3678 licentiam:
2476 3611 2789 3676 virtutum

732 3705 1012 3771 amicitia
1044 3705 1321 3770 adiutrix
1356 3728 1397 3770 a
1429 3716 1661 3771 natura
1697 3706 1848 3773 data
1883 3718 2008 3785 est,
2046 3729 2178 3773 non
2212 3707 2513 3773 vitiorum
2544 3726 2789 3782 comes,

730 3810 834 3877 ut,
895 3800 1198 3883 quoniam
1259 3800 1541 3866 solitaria
1591 3823 1723 3866 non
1786 3813 2005 3888 posset
2056 3803 2257 3868 virtus
2312 3801 2397 3866 ad
2448 3824 2553 3877 ea,
2618 3820 2793 3883 quac

735 3915 984 3958 summa
1036 3904 1213 3971 sunt,
1275 3897 1638 3980 pervenire,
1702 3896 2045 3963 coniuncta
2094 3908 2161 3963 et
2210 3895 2575 3962 consociata
2634 3916 2793 3959 cum

733 3988 934 4051 altera
969 3989 1353 4071 perveniret3
1390 4010 1557 4073 quae
1593 3988 1648 4053 si
1686 4010 1847 4073 quos
1882 3991 2047 4057 inter
2088 3991 2356 4057 societ-as
2394 4001 2505 4055 aut
2540 3998 2639 4053 est
2674 4000 2791 4052 aut

735 4078 856 4141 fuit
909 4090 1020 4143 aut
1064 4080 1281 4148 futura
1332 4093 1461 4161 est,
1513 4104 1737 4148 eorum
1790 4094 1887 4151 est
1938 4084 2273 4152 habendus
2326 4084 2411 4163 ad
2436 4135 2441 4138 »
2462 4100 2793 4149 summum
