3292 4559
1133 233 1240 288 DE
1278 231 1608 288 ormons
1641 231 1720 285 11.
1758 231 1995 286 30—-35t
2504 216 2591 284 59

523 379 712 423 amor
773 356 1197 422 multitudinis
1261 365 1699 422 commovetur
1758 354 1897 440 ipsa
1948 353 2123 418 fama
2175 363 2240 418 et
2292 352 2591 445 opinione

522 451 958 528 liberalitatis,
1031 450 1521 538 beneficentiae,
1583 450 1891 526 iustitiae,
1960 449 2111 514 fidei
2178 449 2591 534 omniumque
2676 470 2683 475 ·
2737 455 2745 462 ’“

525 568 752 612 earum
798 546 1136 623 virtutum,
1183 566 1350 629 quae
1385 545 1705 630 pertinent
1741 545 1825 610 ad
1858 543 2417 610 mansuetudinem
2452 565 2591 610 mo-

520 661 672 704 rum
708 661 785 705 ac
819 638 1210 704 facilitatem.
1299 639 1534 704 etenim
1567 638 1728 703 illud
1761 637 2005 724 ipsum,
2042 637 2216 722 quod
2250 637 2591 704 honestum

523 733 960 817 decorumque
1005 732 1309 810 dicimus,
1356 733 1508 816 quia
1552 755 1668 818 per
1714 755 1783 798 se
1826 732 2013 796 nobis
2056 732 2269 817 placet
2312 732 2590 796 animos·-

523 849 655 911 que
705 827 992 896 omnium
1026 837 1256 892 natura
1291 837 1355 890 et
1389 826 1600 911 specie
1637 847 1756 890 sua
1790 835 2149 890 commovet
2182 825 2589 908 maximeque

521 919 714 1004 quasi
746 920 1035 1005 perlucet
1069 942 1150 984 ex
1183 919 1261 983 iis
1274 966 1292 994 ,
1329 939 1489 1002 quas
1523 919 2047 995 commemoravi,
2083 917 2423 982 virtutibus
2437 964 2455 993 ,
2492 917 2591 980 id·-

523 1014 697 1078 circo
741 1013 912 1090 illos,
963 1013 1030 1077 in
1079 1013 1312 1096 quibus
1356 1035 1464 1077 eas
1507 1012 1775 1078 virtutes
1820 1034 1959 1076 esse
1996 1033 2239 1088 remur,
2285 1033 2326 1075 a
2358 1021 2590 1078 natura

522 1107 669 1192 ipsa
722 1107 992 1192 diligere
1046 1107 1356 1192 cogimur.
1445 1115 1640 1189 atque
1694 1105 1817 1170 liae
1862 1104 2124 1190 quidem
2168 1125 2399 1170 causae
2446 1104 2588 1170 dili-

522 1199 723 1286 gendi
774 1200 1191 1286 gravissimae
1203 1225 1220 1277 3
1276 1211 1546 1286 possunt
1595 1200 1767 1265 enim
1819 1208 2151 1284 praeterea
2200 1220 2330 1264 non
2372 1198 2585 1266 nullae

523 1317 665 1360 esse
717 1294 1007 1360 leviores.
1103 1294 1264 1360 fides
1330 1305 1548 1360 autem
1597 1305 1672 1358 ut
1724 1293 2037 1359 habeatur
2090 1292 2341 1358 duabus
2392 1291 2583 1357 rebus
2620 1312 2672 1353 ss

523 1387 695 1453 effici
747 1397 987 1474 potest:
1051 1389 1106 1452 si
1160 1388 1669 1454 existimabimur
1720 1387 1936 1473 adepti
1978 1387 2385 1454 coniunctam
2436 1407 2586 1450 cum
2770 1377 2774 1384 ’

520 1481 762 1547 iustitia
812 1482 1239 1568 prudentiam.
1326 1506 1478 1549 nam
1531 1493 1596 1549 et
1645 1482 1725 1548 iis
1779 1483 1975 1548 fidem
2026 1481 2367 1558 habemus,
2422 1502 2583 1564 quos

521 1577 667 1662 plus
712 1577 1082 1663 intellegere
1129 1598 1326 1661 quam
1366 1599 1485 1643 nos
1521 1578 1907 1643 arbitramur
1938 1597 2230 1662 quosque
2264 1586 2331 1641 et
2364 1575 2585 1640 futura

521 1671 886 1756 prospicere
930 1672 1247 1736 credimus
1287 1683 1381 1748 et,
1425 1693 1573 1737 cum
1606 1693 1709 1736 res
1748 1671 1977 1755 agatur
2010 1671 2079 1734 in
2114 1669 2581 1752 discrimenque

526 1775 788 1828 ventum
833 1764 944 1840 sit,
998 1764 1302 1849 expedire
1345 1787 1483 1830 rem
1531 1775 1595 1830 et
1643 1764 1978 1830 consilium
2022 1786 2103 1829 ex
2145 1774 2431 1848 tempore
2476 1783 2583 1826 ca-

523 1879 676 1942 pere
710 1877 930 1941 posse3
965 1856 1131 1921 hanc
1167 1857 1337 1922 enim
1372 1857 1594 1923 utilem
1622 1857 1911 1922 homines
1939 1857 2307 1922 existimant
2332 1878 2583 1922 veram-

524 1971 650 2034 que
694 1950 1118 2034 prudentiam.
1207 1950 1390 2016 iustis
1436 1961 1652 2016 autem
1699 1949 1795 2038 [et
1840 1949 2018 2037 fidis]
2066 1951 2459 2026 hominibus,
2516 1951 2583 2014 id

526 2054 624 2108 est
657 2043 842 2107 bonis
879 2043 1060 2120 viris,
1097 2045 1188 2109 ita
1221 2044 1382 2110 fides
1418 2044 1723 2123 habetur,
1758 2056 1832 2110 ut
1864 2045 2043 2110 nulla
2078 2045 2159 2110 sit
2192 2045 2259 2109 in
2292 2044 2372 2109 iis
2407 2043 2583 2108 frau-

525 2137 621 2202 dis
655 2137 1052 2222 iniuriaeque
1089 2140 1384 2225 suspiti03
1430 2140 1648 2224 itaque
1683 2138 1783 2205 his
1818 2141 2091 2206 salutem
2124 2149 2433 2216 nostram,
2482 2137 2581 2202 his

523 2231 832 2308 fortunas,
868 2232 968 2298 his
1003 2233 1238 2298 liberos
1272 2235 1625 2301 rectissime
1660 2235 1969 2300 committi
2006 2235 2404 2300 arbitramur.
2467 2233 2580 2298 ha·
2614 2251 2665 2292 34

521 2347 665 2389 rum
723 2325 920 2410 igitur
982 2324 1255 2392 duarum
1317 2329 1402 2392 ad
1459 2327 1653 2394 fidem
1713 2328 2075 2394 faciendam
2134 2328 2376 2392 iustitia
2434 2328 2581 2413 plus

520 2419 735 2505 pollet,
774 2420 1018 2505 quippe
1055 2442 1204 2486 cum
1241 2445 1320 2488 ea
1354 2422 1490 2487 sine
1524 2422 1867 2508 prudentia
1902 2423 2055 2488 satis
2089 2423 2325 2487 habeat
2360 2432 2579 2487 aucto-

519 2513 752 2578 ritatis:
807 2513 1148 2599 prudentia
1201 2516 1337 2581 sine
1381 2517 1623 2582 iustitia
1667 2516 1825 2582 nihil
1870 2517 2042 2582 valet
2086 2516 2171 2582 ad
2216 2516 2579 2582 faciendam

520 2604 711 2674 fidem
722 2632 740 2685 3
789 2627 918 2692 quo
973 2610 1144 2675 enim
1177 2611 1322 2693 quis
1357 2611 1672 2676 versutior
1705 2622 1769 2676 et
1804 2610 2115 2689 callidior,
2160 2610 2283 2676 hoc
2317 2611 2579 2676 invisior

439 2719 442 2722 ’
522 2711 586 2766 et
619 2703 975 2786 suspectior
1010 2702 1295 2769 detracta
1331 2704 1625 2790 opinione
1662 2705 2017 2789 probitatis.
2090 2725 2286 2788 quam
2320 2705 2405 2768 ob
2440 2727 2577 2769 rem

521 2794 990 2881 intellegentiae
1041 2796 1281 2862 iustitia
1338 2799 1679 2862 coniuncta
1736 2807 2048 2881 quantum
2102 2798 2273 2864 volet
2316 2797 2579 2862 habebit

523 2887 604 2952 ad
637 2886 999 2952 faciendam
1032 2887 1226 2953 fidem
1261 2891 1492 2955 virium
1503 2915 1520 2967 3
1545 2888 1833 2977 [iustitia
1868 2891 2002 2956 sine
2036 2891 2377 2977 prudentia
2412 2890 2576 2954 mul-

521 2992 656 3046 tum
690 2978 974 3066 poterit,]
1011 2982 1147 3048 sine
1180 2983 1424 3048 iustitia
1455 2984 1615 3049 nihil
1647 2985 1887 3050 valebit
1921 2985 2278 3071 prudentia.
2346 2985 2459 3052 sed
2492 3008 2574 3052 ne
2612 2965 2683 3077 ἐξ)

523 3075 662 3161 quis
702 3076 783 3140 sit
819 3075 1166 3141 admiratus
1203 3098 1336 3154 cur,
1373 3101 1519 3144 curn
1553 3079 1721 3144 inter
1750 3080 1956 3145 omnis
1982 3081 2396 3168 philosophos
2426 3104 2576 3148 oon-

523 3179 642 3236 stet
680 3193 720 3234 a
754 3191 987 3252 meque
1022 3169 1162 3255 ipso
1198 3193 1389 3257 saepe
1425 3172 1818 3258 disputatum
1854 3176 1965 3251 sit,
2002 3177 2114 3260 qui
2148 3199 2344 3242 unam
2380 3177 2576 3247 habe-

522 3275 641 3340 ret,
697 3263 903 3330 omnis
954 3263 1193 3330 habere
1244 3265 1541 3343 virtutes,
1601 3289 1775 3332 nunc
1826 3268 1915 3334 ita
1970 3269 2331 3356 seiungam,
2393 3275 2577 3356 quasi

521 3356 720 3443 possit
763 3356 1131 3440 quisquam,
1175 3359 1288 3442 qui
1331 3381 1462 3424 non
1493 3359 1667 3426 idem
1701 3361 1981 3446 prudens
2019 3363 2127 3440 sit,
2170 3364 2377 3430 iustus
2414 3388 2573 3444 esse,

522 3450 642 3516 alia
689 3461 785 3516 est
828 3449 968 3528 illa,
1024 3474 1172 3516 cum
1229 3453 1464 3518 veritas
1515 3455 1657 3540 ipsa
1697 3454 1955 3520 limatur
2003 3457 2072 3520 in
2126 3456 2575 3542 disputatione,

523 3544 860 3622 subtilitas,
923 3546 1076 3622 alia,
1143 3569 1290 3612 cum
1351 3549 1435 3614 ad
1499 3549 1861 3633 opinionem
1914 3571 2317 3616 communem
2370 3553 2576 3618 omnis

523 3639 1034 3704 accommodatur
1069 3641 1300 3707 oratio:
1389 3663 1584 3726 quam
1621 3643 1707 3706 ob
1741 3665 1899 3720 rem,
1935 3655 2009 3708 ut
2043 3645 2294 3730 volguS,
2329 3645 2421 3710 ita
2456 3669 2572 3710 nos

523 3729 641 3796 hoc·
670 3733 813 3798 loco
847 3733 1189 3817 loquimur,
1223 3744 1297 3798 ut
1331 3735 1488 3801 alios
1523 3735 1727 3813 fortis,
1764 3737 1921 3802 alios
1956 3738 2127 3802 viros
2151 3739 2375 3815 bonos,
2415 3740 2573 3804 alios

522 3824 846 3908 prudentis
908 3849 1047 3894 esse
1111 3829 1426 3907 dicamus3
1497 3831 1935 3916 popularibus·
1981 3832 2151 3897 enim
2210 3833 2423 3898 verbis
2476 3846 2573 3898 est

525 3919 840 4001 agendum
875 3933 940 3986 et
971 3922 1243 4002 usitatis,
1281 3943 1430 3989 cum
1463 3925 1787 4009 loquimur
1823 3925 1901 3991 de
1931 3926 2230 4012 opinione
2256 3927 2570 4012 populari,

523 4010 712 4096 idque
755 4015 979 4082 eodem
1023 4018 1216 4084 modo
1259 4017 1412 4084 fecit
1445 4018 1817 4088 Panaetius.
1906 4021 2021 4088 sed
2054 4022 2138 4086 ad
2172 4022 2570 4108 propositum
