3292 4559
923 258 1032 315 DE
1077 249 1406 313 DEORUM
1438 252 1765 313 NATURA
1798 253 2123 313 1.35--41.
2477 247 2559 313 15

497 374 761 475 prorsus
797 368 1118 469 adpareat.
1174 391 1240 447 at
1270 380 1609 457 Persaeus,
1647 378 1935 445 eiusdem
1972 376 2251 447 Zeno'nis
2286 380 2556 461 auditor,
2596 380 2664 437 15

500 502 614 547 eos
659 482 804 545 dicit
848 500 988 543 esse
1033 475 1284 541 habitos
1331 474 1510 549 deos,
1567 496 1606 537 a
1641 474 1875 557 quibus
1922 497 2161 559 magna
2199 475 2441 541 utilitas
2476 458 2627 541 ad3

500 575 670 639 vitae
707 572 950 638 cult-um
988 580 1154 636 esset
1188 568 1469 661 inventa,
1503 568 1809 652 ipsasque
1835 590 1942 633 res
1965 568 2140 633 utilis
2168 579 2232 635 et
2266 570 2557 635 salutaris

501 669 769 734 deorum
814 686 954 731 esse
997 661 1326 729 vocabulis
1377 674 1779 747 nuncupatas
1791 687 1809 739 3
1864 673 1937 727 ut
1988 686 2070 727 ne
2122 662 2245 728 hoc
2296 663 2558 748 quidem

500 763 773 837 diceret,
825 758 936 823 illa
978 758 1238 823 inventa
1273 775 1414 821 esse
1448 755 1745 833 deorum,
1796 756 1915 821 'sed
1950 757 2091 842 ipsa
2127 757 2371 822 divina:
2428 780 2558 841 quo

500 855 657 939 quid
711 852 1048 918 absurdius
1102 872 1299 935 quam
1351 860 1462 915 aut
1516 873 1618 917 res
1670 851 1960 915 sordidas
2009 862 2203 934 atque
2255 852 2559 918 deformis

501 950 768 1014 deorum
815 947 1054 1011 honore
1100 946 1374 1010 adficere
1419 955 1533 1013 aut.
1575 946 1865 1010 homines
1909 947 2039 1009 iam
2073 956 2277 1010 morte
2314 947 2559 1013 deletos

498 1064 808 1127 reponere
843 1040 912 1105 in
947 1040 1131 1117 deos,
1178 1059 1450 1122 quorum
1497 1039 1702 1103 omnis
1738 1040 1945 1104 cultus
1992 1050 2157 1105 esset
2196 1039 2453 1105 futurus
2490 1042 2558 1105 in

498 1138 716 1203 luctu?
776 1136 906 1201 iam
941 1156 1094 1200 vero
1132 1131 1563 1220 ChrysippuS,
1607 1134 1719 1219 qui
1756 1132 2120 1199 Stoicorum
2164 1134 2555 1199 somniorum
2597 1152 2649 1192 39.

498 1232 904 1320 vaferrumus
949 1229 1222 1295 habetur
1259 1230 1596 1315 interpres,
1645 1230 1949 1315 magnam
1992 1231 2246 1295 turbam
2293 1252 2559 1317 congre-

500 1334 616 1412 'gat
649 1326 1017 1411 ignotorum
1064 1325 1356 1401 deorum,
1410 1335 1604 1409 atque
1644 1324 1736 1389 ita
1778 1325 2171 1410 ignotorum,
2222 1334 2297 1389 ut
2330 1347 2440 1390 eos
2476 1348 2559 1391 ne

503 1420 868 1485 coniectura
896 1419 1157 1504 quidem
1185 1418 1531 1485 informare
1567 1420 1907 1505 possimne,
1945 1442 2091 1485 cum
2126 1442 2307 1486 mens
2342 1431 2561 1486 nostra
2594 1434 2599 1441 ’

501 1514 758 1598 'quidvis
801 1513 1096 1578 videatur
1139 1513 1523 1599 cogitatione
1581 1536 1771 1599 posse
1816 1514 2191 1601 depingere:
2248 1515 2337 1579 ait
2388 1514 2559 1579 enim

501 1610 636 1675 vim
671 1608 954 1674 divinam
995 1609 1064 1673 in
1097 1608 1343 1674 ratione
1381 1631 1519 1675 esse
1553 1610 1829 1694 positam
1864 1621 1928 1675 et
1971 1610 2040 1673 in
2074 1610 2409 1675 universae
2444 1632 2560 1673 na-

500 1714 683 1769 turae
719 1704 933 1768 animo
969 1714 1160 1787 atque
1196 1714 1428 1779 mente,
1463 1703 1804 1787 ipsumque
1838 1704 2151 1769 mundum
2178 1704 2370 1770 deum
2404 1703 2561 1769 dicit

501 1820 642 1863 esse
678 1809 744 1863 et
789 1799 926 1862 eius
973 1793 1171 1860 animi
1213 1796 1530 1860 fusionem
1565 1798 1961 1874 universam,
2010 1808 2148 1861 tum
2183 1799 2321 1863 eius
2354 1798 2557 1883 ipsius

500 1890 957 1977 principatum,
1005 1889 1118 1971 qui
1158 1888 1226 1952 in
1270 1899 1482 1953 mente
1517 1899 1582 1953 et
1617 1890 1861 1953 ratione
1898 1902 2217 1965 versetur,
2272 1895 2559 1954 commu-

501 1995 779 2066 'nemque
831 1984 1046 2045 rerum
1097 1992 1392 2045 naturam
1444 1982 2053 2065 universitatemque
2096 1982 2311 2047 omnia
2358 1984 2559 2046 conti-

502 2088 793 2153 nentem,
829 2086 968 2140 tum
1003 2074 1262 2139 fatalem
1299 2096 1588 2141 normam
1625 2087 1691 2141 et
1724 2077 2170 2141 necessitatem
2204 2099 2419 2143 rerum
2455 2076 2557 2140 fu·-

501 2184 812 2248 turarum,
828 2169 1046 2255 ignem
1071 2180 1400 2255 praeterea
1417 2180 1482 2235 et
1511 2192 1681 2247 eum,
1703 2192 1895 2254 quem
1922 2181 2069 2236 ante
2096 2170 2249 2248 dixi,
2280 2170 2556 2247 aethera,

501 2277 644 2331 tum
661 2286 756 2340 ea,
792 2285 958 2347 quae
986 2274 1215 2328 natura
1239 2264 1508 2329 fluerent
1535 2275 1729 2349 atque
1754 2275 2108 2340 manarent,
2135 2274 2209 2328 ut
2236 2275 2299 2329 et
2324 2286 2559 2349 aquam

503 2372 570 2427 et
603 2370 836 2425 terram
865 2369 932 2423 et
967 2364 1143 2435 ae’ra,
1183 2358 1401 2435 solem,
1437 2357 1676 2435 lunam,
1714 2358 1924 2423 sidera
1951 2358 2559 2444 universitatemque

501 2477 748 2531 rerum,
791 2472 932 2561 ‘qua
977 2452 1192 2517 omnia
1235 2453 1740 2529 continerentur,
1794 2463 1987 2537 atque
2034 2453 2227 2519 etiam
2268 2453 2576 2535 homines¹

502 2569 645 2625 eos,
701 2547 812 2631 qui
847 2546 1366 2611 inmortalitatem
1404 2557 1617 2611 essent
1663 2547 2006 2611 consecuti.
2096 2547 2405 2630 idemque
2432 2548 2561 2611 dis-
2600 2562 2653 2603 40

503 2652 688 2735 putat
724 2640 984 2706 aethera
1019 2663 1160 2705 esse
1206 2664 1387 2717 eum,
1433 2661 1627 2725 quem
1672 2640 1962 2705 homines
2005 2640 2231 2705 Iovem
2275 2640 2559 2725 appella-

501 2736 664 2811 rent,
700 2734 938 2819 quique
965 2737 1076 2799 aer
1108 2756 1224 2819 per
1249 2734 1452 2799 maria
1479 2746 1793 2811 manaret,
1828 2757 1975 2799 eum
2004 2755 2143 2799 esse
2162 2734 2555 2818 Neptunum,

503 2841 866 2912 terramque
919 2850 1063 2893 eam
1115 2850 1254 2895 esse
1267 2874 1286 2905 ,
1350 2849 1516 2912 quae
1571 2825 1775 2893 Ceres
1830 2829 2175 2905 diceretur,
2220 2827 2558 2910 similique

503 2923 748 2987 ratione
784 2920 1190 3006 persequitur
1223 2922 1542 2987 vocabula
1583 2922 1973 3005 reliquorum
2016 2922 2310 2999 deorum3
2354 2922 2559 2987 idem·-

504 3036 636 3099 que
671 3014 865 3079 etiam
906 3014 1068 3099 legis
1116 3025 1460 3100 perpetuae
1497 3026 1564 3081 et
1607 3026 1904 3082 aeternae
1948 3018 2108 3093 vim,
2164 3038 2329 3101 quae
2373 3016 2559 3103 quasi

504 3110 640 3173 dux
689 3108 860 3173 vitae
913 3119 978 3173 et
1030 3110 1340 3194 magistra
1383 3110 1743 3175 officiorum
1788 3111 1899 3189 sit,
1950 3111 2175 3177 Iovem
2221 3111 2375 3177 dicit
2418 3134 2558 3178 esse

502 3204 906 3289 eandemque
949 3202 1211 3269 fatalem
1255 3206 1699 3270 necessitatem
1744 3204 2053 3291 appellat,
2106 3207 2559 3292 sempiternam

502 3320 717 3365 rerum
751 3298 1113 3365 futurarum
1148 3298 1512 3375 veritatem,
1561 3320 1835 3384 quorum
1868 3298 2027 3365 nihil
2063 3300 2189 3365 tale
2226 3310 2349 3375 est,
2384 3311 2459 3364 ut
2488 3300 2558 3363 in

503 3414 584 3459 eo
617 3392 715 3458 vis
753 3393 970 3459 divina
1002 3394 1212 3459 inesse
1247 3393 1560 3459 videatur.
1652 3406 1717 3461 et
1750 3394 1910 3460 haec
1946 3394 2205 3479 quidem
2246 3396 2315 3460 in
2349 3393 2556 3479 primo
2598 3410 2649 3449 41

501 3486 668 3553 iibro
705 3487 786 3553 de
819 3499 1052 3552 natura
1085 3488 1384 3566 deorum3
1427 3488 1498 3552 in
1545 3489 1827 3554 secundo
1862 3500 2079 3555 autem
2120 3490 2263 3555 volt‘
2288 3484 2557 3572 Orphei,

503 3582 786 3657 Musaei,
820 3579 1092 3647 Hesiodi
1107 3583 1508 3666 Homerique
1541 3582 1813 3649 fabellas
1842 3582 2327 3649 accommodare
2352 3580 2435 3645 ad
2460 3602 2557 3656 ea,

500 3696 672 3761 quae
697 3675 844 3760 ipse
862 3675 1070 3759 primo
1094 3676 1257 3741 libro
1277 3676 1358 3742 de
1377 3676 1514 3743 deis
1530 3676 1971 3744 inmortalibus
1990 3677 2255 3751 dixerat,
2274 3684 2347 3739 ut
2365 3674 2558 3739 etiam

499 3768 828 3834 veterrimi
850 3774 1098 3853 poetae,
1119 3770 1230 3855 qui
1254 3769 1417 3835 haec
1433 3794 1516 3837 ne
1544 3771 1849 3857 suspicati
1870 3770 2136 3855 quidem
2154 3778 2321 3844 sunt,
2353 3766 2556 3834 Stoici

501 3860 704 3927 fuisse
735 3861 1092 3927 videantur.
1163 3884 1358 3946 quem
1375 3862 1707 3949 Diogenes
1723 3862 2123 3948 Babylonius
2158 3882 2555 3945 consequens

504 3955 574 4020 in
591 3976 667 4021 eo
683 3954 868 4032 libr0‚
889 3955 1002 4039 qui
1015 3955 1382 4023 inscribitur
1402 3958 1480 4023 de
1506 3957 1827 4033 Minerva,
1851 3965 2106 4042 partum
2121 3954 2297 4021 Iovis
2315 3966 2557 4021 ortum·-

503 4049 922 4135 quevirginis
951 4049 1033 4116 ad
1060 4050 1530 4136 physiologiam
1559 4052 1899 4118 traducens
1927 4048 2219 4137 deiungit
2244 4072 2297 4123 a,
2311 4049 2552 4118 fabula.
