3292 4559
1220 294 1331 351 DE
1364 291 1574 350 FATO
1610 291 1867 348 LIBER..
2187 291 2204 310 ⁸
2435 276 2578 344 Ι’.217

1042 852 1143 918 Μ.
1178 851 1509 918 TULLII
1545 848 2050 919 CICERONIS

989 961 1157 1030 DE
1224 959 1582 1031 FATO
1657 959 2110 1028 LIBER.

1227 1213 1880 1273 ARGUMENTUM.

622 1337 751 1394 Hoc
775 1336 920 1392 libro
948 1335 1027 1390 M.
1057 1335 1280 1390 Tullius
1312 1335 1543 1408 exponit
1577 1349 1894 1392 sermonem
1921 1352 1956 1389 a
1983 1351 2043 1390 se
2079 1332 2336 1389 habitum
2361 1349 2488 1389 cum
2512 1334 2586 1388 A.

518 1415 707 1471 Hirtio
733 1414 963 1471 consule
992 1411 1293 1486 designato
1321 1431 1373 1468 a.
1392 1431 1449 1468 u.
1471 1431 1522 1469 c.
1541 1413 1660 1469 710.
1687 1419 1818 1486 post
1844 1412 1908 1468 C.
1927 1411 2187 1469 Caesaris
2213 1411 2502 1467 interitum
2525 1412 2588 1465 in

518 1493 833 1548 Puteolano
852 1491 925 1547 de
940 1491 1081 1562 fat0,
1100 1496 1167 1546 ιιι
1181 1490 1231 1544 is
1248 1491 1395 1546 liber
1414 1492 1575 1563 quasi
1594 1493 2048 1563 supplementum
2066 1493 2215 1546 esset
2229 1489 2400 1544 trium
2416 1489 2584 1545 libro-

518 1585 643 1626 rum
660 1569 731 1626 dc
756 1575 965 1624 natura
990 1569 1222 1625 deorum
1250 1574 1309 1624 et
1327 1569 1563 1624 duorum
1588 1569 1860 1625 librorum
1878 1568 1950 1624 de
1973 1565 2318 1622 divinatione
2347 1565 2444 1637 (cf.
2465 1565 2585 1624 cie.

520 1647 592 1703 de
619 1645 1051 1736 divin.11..3cap
1073 1647 1124 1701 1.
1146 1649 1194 1713 ἓ.
1210 1646 1263 1700 3.
1266 1646 1317 1735 ),·
1350 1651 1409 1702 et
1424 1645 1533 1702 hac
1569 1646 1952 1717 disputatione
1987 1648 2188 1700 contra
2220 1642 2587 1700 Posidonium

520 1729 801 1795 suscepta,
840 1723 999 1778 cuius
1029 1722 1217 1794 ipsum
1231 1721 1570 1794 principium
1589 1723 1854 1778 amissum
1873 1727 1977 1791 est,
2018 1721 2220 1776 docere
2239 1723 2504 1790 conatur,
2539 1721 2588 1774 si

503 1799 627 1876 ⁸fati
642 1800 859 1854 nullum
876 1804 1027 1855 esset
1041 1815 1265 1868 nomen,
1301 1799 1463 1854 nulla
1477 1805 1684 1854 natura
1701 1803 1760 1854 et
1775 1799 1878 1867 vis,
1917 1799 1965 1851 si
1982 1798 2149 1866 forte,
2184 1800 2413 1886 temere,
2449 1812 2587 1851 casu

520 1882 623 1932 aut
635 1877 908 1946 pleraque
926 1874 1129 1930 fierent
1146 1879 1245 1930 aut
1257 1875 1469 1944 omnia,
1504 1890 1621 1929 non
1638 1875 1804 1930 aliter
1831 1891 1899 1928 ac
1917 1891 2067 1928 nunc
2085 1873 2274 1929 omnia
2293 1877 2581 1942 eventura,

504 1951 665 2008 ‘nihil
678 1952 865 2030 igitur
893 1951 1133 2007 attinere
1158 1951 1445 2006 inculcare
1470 1951 1672 2021 fatum,
1702 1967 1814 2023 quo
1841 1949 2064 2005 sublato
2090 1949 2237 2004 ratio
2263 1965 2451 2004 rerum
2469 1965 2582 2004 om-

519 2030 679 2086 nium
704 2030 783 2086 ad
810 2033 1071 2084 naturam
1097 2029 1450 2083 fortunamve
1478 2027 1786 2084 referretur
1809 2027 1962 2100 (cap.
1993 2027 2190 2099 1-3).
2257 2025 2482 2082 Deinde
2502 2042 2586 2081 se-

520 2107 712 2179 quitur
728 2105 1035 2178 disputatio
1052 2122 1180 2162 cum
1198 2104 1515 2177 Chrysippo
1538 2105 1609 2161 de
1628 2105 1964 2178 contagione
1981 2121 2168 2160 rerum
2185 2108 2244 2159 et
2262 2103 2333 2159 de
2351 2109 2586 2158 naturae

512 2185 939 2258 coniunctione,
978 2199 1147 2255 quam
1167 2183 1529 2251 συμπάθειαν
1545 2187 1777 2252 vocant,
1815 2198 1929 2253 qua
1946 2181 2143 2238 Cicero
2162 2180 2330 2237 docet
2347 2179 2499 2238 effici
2523 2187 2590 2234 ut

520 2263 623 2318 alii
641 2262 715 2318 ad
734 2261 851 2317 alia
875 2261 1270 2332 propensiores
1297 2261 1411 2314 sint
1430 2260 1504 2316 ob
1524 2277 1724 2315 causas
1740 2260 2028 2316 naturales
2048 2265 2108 2314 et
2127 2276 2315 2315 rerum
2333 2265 2586 2315 anteces-

518 2341 723 2410 siones,
758 2356 873 2395 non
891 2355 1023 2394 vero
1040 2343 1105 2393 ut
1120 2338 1474 2394 voluntatum
1491 2343 1806 2392 nostrarum
1822 2343 1994 2409 atque
2014 2337 2424 2407 appetitionum
2439 2337 2586 2392 tales

518 2419 634 2472 sint
650 2433 855 2472 causae
880 2415 1031 2487 (cap.
1048 2415 1229 2488 4-8).
1298 2415 1425 2470 Iam
1452 2415 1527 2470 ad
1544 2414 1786 2470 Diodori
1815 2422 1943 2487 περὶ
1961 2411 2221 2468 δυνατῶν
2247 2413 2586 2470 sententiam

520 2511 583 2550 se
600 2495 771 2552 vertit
794 2493 935 2548 nihil
960 2510 1127 2566 posse
1156 2491 1281 2550 fieri
1298 2493 1579 2550 censentis
1598 2493 1708 2548 nisi
1735 2493 1888 2564 quod
1904 2509 2096 2548 verum
2113 2496 2213 2546 aut
2229 2491 2304 2548 sit
2322 2497 2422 2547 aut
2435 2490 2586 2547 futu-

518 2587 645 2628 rum
662 2573 743 2646 sit
752 2573 902 2644 (cap.
922 2571 999 2644 9).
1068 2571 1218 2626 Τιιιιι
1236 2571 1311 2626 ad
1329 2570 1704 2644 Chrysippum
1729 2569 1919 2644 pergit
1943 2570 2028 2626 ita
2042 2569 2504 2626 ratiocinantem:
2539 2569 2586 2623 si

520 2649 596 2703 sit
622 2655 809 2704 motus
846 2649 967 2704 sine
1002 2665 1201 2719 causa,
1240 2665 1355 2703 non
1392 2665 1611 2704 omnem
1647 2647 2094 2704 enuntiationem
2129 2652 2230 2702 aut
2261 2663 2453 2702 veram
2489 2653 2589 2701 aut

518 2725 723 2782 falsam
755 2727 907 2796 fore;
952 2742 1110 2795 nam,
1158 2726 1310 2796 quod
1352 2741 1469 2780 non
1502 2726 1718 2781 habeat
1761 2742 1962 2780 causas
1999 2722 2338 2792 efficientes,
2385 2722 2445 2777 id
2479 2739 2587 2778 nec

518 2798 714 2859 verum
730 2819 837 2858 nec
859 2801 1067 2856 falsum
1092 2802 1245 2871 fore3
1279 2807 1493 2856 motum
1520 2801 1696 2874 igitur
1713 2801 1833 2857 sine
1853 2819 2026 2857 causa
2051 2799 2269 2855 nullum
2287 2817 2435 2870 esse,
2475 2816 2586 2870 quo

518 2878 707 2951 posito
732 2893 919 2932 rerum
952 2877 1435 2933 antecessionibus
1466 2876 1592 2933 fieri
1628 2878 1839 2932 omnia:
1875 2877 1935 2933 id
1969 2879 2017 2932 si
2052 2879 2135 2933 ita
2169 2877 2268 2948 sit,
2305 2877 2428 2938 fato
2463 2875 2588 2932 fieri

508 2955 726 3010 omnia.
795 2953 891 3006 Ad
905 2953 1050 3008 haec
1068 2952 1267 3009 Cicero
1284 2953 1545 3010 concedit
1562 2953 1790 3024 quidem
1807 2959 2020 3008 motum
2036 2954 2256 3010 nullum
2270 2955 2394 3010 sine
2413 2970 2588 3010 causa

522 3048 649 3087 esse
664 3045 851 3101 neque
879 3046 1013 3086 vero
1039 3045 1427 3101 quaecumque
1452 3028 1599 3085 fiant
1622 3028 1750 3085 fieri
1777 3030 1966 3084 omnia
1991 3031 2176 3086 causis
2203 3031 2584 3088 antecedenti-

516 3109 658 3180 bus,
640 3127 655 3142 ·
674 3107 979 3164 voluntatis
997 3107 1146 3162 enim
1162 3111 1389 3161 nostrae
1405 3123 1522 3160 non
1540 3123 1662 3161 esse
1675 3123 1876 3162 causas
1894 3112 2151 3162 externas
2171 3114 2228 3164 et
2245 3109 2586 3166 anteceden-

520 3192 609 3242 tes
636 3187 785 3259 (cap.
806 3183 1071 3256 10-12).
1140 3183 1254 3238 Hic
1280 3183 1505 3239 disserit
1530 3183 1702 3239 etiam
1730 3183 1841 3238 de
1825 3201 2036 3256 lgnava
2049 3185 2286 3256 ratione,
2313 3186 2376 3240 id
2403 3193 2490 3242 est
2515 3186 2586 3241 de

522 3263 675 3336 ἀργῷ
695 3264 1011 3337 Myq1‚qua
1028 3261 1275 3350 admissa
1293 3276 1511 3316 omnem
1530 3278 1561 3317 e
1578 3261 1700 3317 vita
1725 3261 1850 3316 tolli
1869 3263 2147 3318 actionem
2165 3263 2403 3319 liberam
2421 3263 2590 3318 docet

523 3338 829 3410 Chrysippi
854 3343 915 3394 et
940 3338 1251 3394 Carneadis
1274 3337 1523 3394 rationes
1549 3354 1791 3409 sequens
1819 3339 1969 3412 (cap.
1989 3338 2254 3411 13—16).
2324 3337 2586 3410 Denique

520 3429 651 3468 cum
679 3415 825 3470 duae
850 3414 1091 3471 fuissent
1114 3421 1367 3472 veterum
1390 3415 1852 3487 philosophorum
1877 3416 2207 3485 sententiae,
2235 3431 2350 3469 una
2375 3431 2584 3484 eorum,

524 3491 622 3563 qui
648 3496 943 3549 censerent
972 3492 1163 3546 omnia
1186 3493 1271 3546 ita
1294 3491 1417 3546 fato
1446 3490 1588 3563 fieri,
1624 3499 1691 3547 ut
1706 3494 1767 3547 id
1790 3494 1971 3548 fatum
1986 3493 2100 3546 vim
2115 3491 2469 3547 necessitatis
2488 3492 2587 3547 ad·

520 3570 712 3640 ferret,
750 3568 931 3624 altera
964 3584 1173 3640 eorum,
1212 3569 1309 3641 qui
1342 3569 1463 3624 sine
1492 3571 1608 3625 ullo
1635 3570 1758 3625 fato
1785 3586 1908 3625 esse
1936 3569 2246 3625 animorum
2281 3575 2465 3624 motus
2491 3586 2584 3624 vo-

518 3647 795 3703 luntarios
827 3651 1121 3718 putarent,
1158 3647 1532 3720 Chrysippum
1560 3649 1641 3703 ait
1675 3649 1919 3704 medium
1952 3649 2124 3705 ferire
2163 3648 2406 3704 voluisse
2421 3687 2436 3718 ,
2485 3647 2586 3704 sed

520 3730 713 3781 tamen
730 3724 913 3798 magis
932 3725 1006 3780 ad
1024 3741 1219 3780 eorum
1238 3725 1508 3782 accedere
1525 3727 1884 3797 sententiam,
1922 3727 2020 3798 qui
2045 3725 2383 3784 necessitate
2400 3730 2585 3781 motus

524 3805 831 3858 animorum
850 3803 1059 3859 liberos
1078 3820 1201 3860 esse
1220 3803 1565 3860 arbitrentur
1582 3803 1734 3876 (cap.
1755 3803 2002 3877 17—19).
2079 3803 2398 3875 Utcumque
2417 3819 2477 3856 se
2492 3819 2587 3856 res

524 3880 758 3951 habeat,
804 3882 913 3936 hoc
948 3887 1102 3938 certe
1136 3882 1305 3937 modo
1342 3881 1415 3938 ad
1450 3880 1596 3937 hanc
1633 3898 1863 3936 causam
1901 3881 2328 3951 disceptandam
2359 3898 2475 3935 non
2520 3880 2592 3935 ab

524 3959 725 4014 atomis
743 3960 1060 4016 errantibus
1078 3966 1139 4018 et
1154 3963 1225 4018 de
1242 3961 1339 4016 via
1355 3960 1770 4017 declinantibus
1785 3960 2054 4032 Epicurio
2072 3976 2225 4016 more
2242 3959 2588 4030 praesidium

522 4037 828 4108 petendum
842 4037 1021 4094 videri
1038 4039 1189 4112 (cap.
1208 4039 1321 4110 20).
