3292 4559
670 564 721 603 14

657 3646 710 3687 16

764 210 894 278 254
1377 219 1455 272 Μ.
1471 216 1761 276 TULLII
1799 215 2202 273 CICERONIS

764 370 955 435 agere
998 344 1267 420 mavolt,
1312 342 1655 427 suscipiam
1701 350 1790 417 et,
1836 340 2140 423 quoniam
2186 341 2373 407 vacui
2417 364 2673 423 sumus,
2722 345 2818 409 (11-

766 466 924 507 03111.
1020 439 1092 520 Q.
1156 440 1303 524 Ego
1340 458 1491 503 vero
1526 436 1797 501 libenter
1833 434 2172 511 audierim3
2227 436 2382 519 quid
2418 438 2588 501 enim
2623 461 2816 525 agam

765 536 975 621 potius
1042 543 1155 598 aut
1211 532 1280 595 in
1331 552 1459 615 quo
1513 530 1741 594 melius
1794 528 1966 593 hunc
2019 550 2390 594 consumam
2442 531 2654 600 diem?
2725 534 2814 597 M.

764 628 943 709 Quin
977 627 1175 713 igitur
1208 626 1291 691 ad
1323 625 1435 691 illa
1470 624 1677 709 spatia
1707 632 1927 687 nostra
1953 622 2249 706 sedisque
2276 623 2649 709 pergimus?
2683 626 2814 703 ubi,

762 746 911 788 cum
964 724 1117 787 satis
1166 722 1284 787 erit
1330 719 1758 797 ambulatum,
1803 719 2275 802 requiescemus
2287 743 2306 795 3
2361 742 2482 785 nec
2512 721 2816 806 ‘profecto

762 818 944 883 nobis
992 816 1328 882 delectatio
1374 815 1574 881 deerit
1618 813 1794 878 aliud
1840 836 1920 877 ex
1967 813 2090 877 3110
2129 814 2602 895 quaerentibus.
2683 820 2814 881 Att.

760 912 897 975 Nos
940 933 1120 988 vero,
1167 921 1232 975 et
1276 910 1399 973 hac
1434 908 1694 992 quidem
1735 902 1969 991 [adire]
2007 906 2064 969 si
2095 906 2326 991 placet,
2360 929 2478 993 per
2508 908 2719 994 ripam
2754 920 2816 974 et

761 1005 1073 1070 umbram.
1165 1003 1277 1069 sed
1310 1004 1439 1067 iam
1475 1001 1702 1068 ordire,
1723 1000 2072 1085 explicare,
2119 1022 2389 1083 (1113330,
2437 1002 2517 1067 (13
2551 1001 2695 1067 11113
2733 1004 2820 1067 01-

761 1099 874 1163 vili
920 1098 1074 1182 quid
1119 1096 1371 1163 sentias.
1461 1095 1551 1159 M.
1616 1094 1888 1179 Egone?
1957 1115 2240 1159 summos
2296 1094 2496 1160 fuisse
2549 1096 2622 1159 in
2665 1096 2820 1161 civi-

760 1202 891 1257 tate
936 1202 1153 1257 nostra
1196 1190 1395 1266 viros,
1442 1188 1553 1271 qui
1587 1188 1655 1251 id
1689 1187 2087 1272 interpretari
2121 1189 2360 1272 populo
2397 1200 2462 1253 et
2495 1191 2820 1275 responsi-

760 1295 896 1349 tare
940 1284 1109 1348 soliti
1152 1282 1306 1359 sint,
1356 1282 1469 1347 sed
1514 1303 1623 1347 303
1670 1304 1906 1367 magna
1949 1280 2271 1365 professos
2319 1282 2387 1346 in
2421 1284 2641 1369 parvis
2681 1308 2815 1351 esse

758 1389 1062 1441 versatos.
1152 1376 1307 1459 quid
1352 1375 1523 1441 enim
1568 1385 1667 1440 est
1712 1385 1958 1439 tantum
2005 1384 2318 1457 quantum
2365 1375 2464 1439 ius
2504 1377 2816 1441 civitatis?

758 1468 915 1552 quid
959 1480 1173 1536 autem
1216 1478 1349 1534 tam
1394 1470 1702 1556 exiguum
1746 1490 1940 1551 quam
1989 1478 2086 1532 est
2127 1490 2360 1532 munus
2403 1468 2529 1534 hoc
2576 1492 2816 1550 eorum,

758 1563 871 1645 qui
914 1563 1369 1628 consuluntur?
1435 1562 1854 1672 [quamquam
1909 1572 2006 1626 est
2046 1562 2284 1647 populo
2327 1564 2814 1651 necessarium.]

756 1680 878 1722 nec
922 1678 1074 1722 vero
1120 1679 1261 1734 eos,
1308 1657 1419 1741 qui
1464 1658 1525 1722 ei
1567 1656 1816 1721 muneri
1850 1656 2294 1741 praefuerunt,
2341 1655 2629 1721 universi
2665 1659 2817 1723 iuris

756 1751 955 1815 fuisse
1017 1752 1293 1837 expertis
1356 1751 1679 1826 existim0‚
1745 1750 1861 1815 sed
1920 1749 2042 1815 hoc
2107 1749 2288 1814 civile
2354 1751 2532 1832 quod
2584 1764 2818 1817 vocant

760 1858 1021 1910 eatenus
1076 1857 1527 1919 exercuerunt,
1583 1843 1798 1953 quoad
1848 1845 2085 1929 populo
2131 1848 2164 1924 †
2217 1855 2541 1929 praestare
2597 1848 2820 1913 volue-

756 1950 933 2015 runt3
988 1939 1056 2003 id
1092 1952 1308 2005 autem
1342 1951 1416 2004 ut
1450 1938 1813 2025 cognitione
1850 1949 2039 2003 tenue
2076 1949 2201 2014 est,
2238 1938 2329 2002 ita
2362 1962 2485 2003 usu
2518 1963 2818 2007 necessa-

756 2030 943 2097 rium.
1031 2054 1227 2117 quam
1271 2035 1353 2098 ob
1400 2056 1539 2099 rem
1571 2054 1701 2115 quo
1736 2054 1840 2096 me
1875 2032 2104 2097 vocas?
2157 2044 2269 2097 aut
2304 2033 2459 2125 quid
2499 2033 2817 2101 hortaris?

758 2136 831 2188 ut
888 2124 1137 2191 libellos
1202 2126 1534 2192 conficiam
1586 2124 1667 2190 de
1721 2124 2182 2190 stillicidiorum
2234 2148 2309 2191 30
2362 2127 2441 2191 (13
2493 2130 2815 2211 parietum

756 2218 934 2283 iure?
982 2243 1065 2283 an
1100 2231 1173 2284 ut
1208 2221 1685 2330 stipulationum
1721 2231 1787 2284 et
1819 2220 2200 2285 iudiciorum
2233 2218 2538 2293 formulas
2579 2245 2816 2311 conpo-

754 2314 942 2376 nam?
986 2334 1151 2396 quae
1188 2326 1252 2379 et
1288 2316 1645 2398 conscripta
1681 2338 1722 2378 a
1754 2314 1970 2377 multis
2007 2326 2153 2377 sunt
2192 2314 2528 2399 diligenter
2565 2328 2633 2381 et
2667 2330 2814 2383 sunt

755 2405 1091 2470 humiliora
1128 2429 1321 2490 quam
1356 2408 1484 2486 illa,
1532 2430 1699 2491 quae
1737 2432 1777 2472 a
1809 2408 1994 2472 nobis
2031 2408 2386 2493 exspecta-ri
2417 2420 2598 2494 puto·
2678 2415 2810 2477 Att.

752 2498 987 2580 Atqui,
1042 2500 1096 2561 si
1140 2499 1423 2583 quaeris,
1479 2522 1600 2585 ego
1658 2501 1813 2585 quid
1866 2513 2257 2586 exspectem,
2311 2503 2616 2585 quoniam
2661 2505 2812 2569 scri-

752 2602 935 2676 ptum
979 2603 1076 2657 est
1110 2616 1149 2657 a
1185 2605 1247 2659 te
1295 2595 1373 2659 (13
1420 2596 1660 2679 optimo
1707 2594 1801 2660 rei
1835 2595 2130 2681 publicae
2167 2606 2366 2673 statu,
2412 2617 2808 2681 consequens

754 2706 894 2751 3333
940 2685 1189 2752 videtur
1226 2699 1299 2753 ut
1335 2688 1576 2753 scribas
1612 2700 1684 2753 tu
1719 2690 1890 2753 idem
1927 2689 2006 2754 de
2041 2689 2323 2775 legibus:
2379 2690 2469 2755 sic
2508 2692 2682 2756 enim
2715 2693 2809 2757 fe-

754 2780 914 2845 cisse
967 2781 1154 2847 video
1208 2782 1547 2847 Platonem
1592 2783 1775 2847 illum
1820 2795 2000 2847 tuum
2013 2830 2030 2859 ‚
2086 2804 2278 2867 quem
2330 2794 2402 2847 tu
2453 2784 2806 2863 admiraris,

753 2895 947 2955 quem
973 2875 1269 2940 omnib‘us
1298 2876 1651 2961 anteponis,
1687 2898 1878 2959 quem
1906 2876 2182 2941 maxime
2212 2876 2442 2961 diligis.
2495 2878 2586 2942 M.
2608 2879 2808 2944 Visne

753 2965 978 3051 igitur,
1031 2979 1105 3032 ut
1145 2970 1251 3035 ille
1300 2966 1493 3035 Crete
1540 2992 1686 3034 cum
1736 2968 1948 3035 Clinia
1992 2981 2058 3036 et
2100 2992 2247 3035 cum
2289 2970 2806 3038 Lacedaemonio

750 3060 1023 3143 Megillo
1052 3064 1312 3139 aestivo,
1350 3086 1541 3149 quem
1570 3064 1653 3128 ad
1680 3064 1942 3128 modum
1970 3064 2286 3140 describit,
2325 3064 2428 3130 die
2454 3065 2522 3129 in
2550 3088 2808 3152 cupres-

750 3154 901 3219 setis
938 3152 1332 3223 Gnosiorum
1378 3170 1441 3223 et
1490 3158 1708 3244 spatiis
1756 3158 2176 3235 silvestribus,
2229 3159 2452 3223 crebro
2487 3160 2805 3236 insistens,

751 3246 1071 3313 interdum
1108 3253 1545 3335 adquiescens,
1585 3252 1665 3317 de
1699 3252 2002 3317 institutis
2037 3275 2251 3318 rerum
2285 3252 2694 3337 publicarum
2731 3276 2804 3319 ac

753 3341 831 3405 de
868 3343 1125 3425 optimis
1159 3347 1415 3432 legibus
1452 3346 1816 3431 disputavit,
1855 3347 1947 3411 sic
1987 3369 2106 3411 nos
2142 3347 2306 3411 inter
2341 3346 2458 3411 has
2493 3347 2804 3433 proceris-

750 3435 943 3501 simas
979 3440 1247 3525 populos
1282 3440 1349 3505 in
1383 3440 1569 3504 viridi
1604 3462 1935 3528 opacaque
1969 3442 2110 3526 ripa
2135 3441 2629 3519 inambulantes,
2665 3452 2804 3505 tum

751 3540 963 3594 autem
1018 3534 1395 3609 residentes,
1463 3556 1847 3617 quaeramus
1905 3536 2112 3600 isdem
2173 3535 2253 3601 de
2317 3536 2510 3601 rebus
2561 3535 2805 3619 aliquid

749 3625 1007 3689 uberius
1051 3648 1244 3709 quam
1290 3628 1559 3693 sorensis
1612 3652 1769 3693 usus
1825 3628 2176 3695 desiderat?
2264 3634 2398 3695 Att.
2453 3629 2601 3716 Ego
2649 3651 2803 3696 vero

710 3718 871 3783 'ista
916 3719 1133 3785 audire
1180 3724 1386 3807 cupio.
1468 3724 1560 3787 M.
1610 3722 1788 3803 Quid
1834 3724 1921 3788 ait
1967 3722 2284 3805 Quintus?
2361 3724 2435 3805 Q.
2479 3724 2678 3789 Nulla
2725 3723 2803 3789 de

747 3834 817 3877 re
854 3814 1077 3898 mag-is.
1150 3817 1242 3879 M.
1288 3814 1377 3879 Et
1411 3828 1581 3881 recte
1617 3817 1905 3899 quidem:
1942 3842 2093 3883 nam
2131 3819 2222 3882 sic
2257 3817 2586 3893 habetote,
2625 3819 2801 3882 nullo

746 3906 814 3969 in
849 3930 1083 3991 genere
1119 3909 1485 3995 disputandi
1518 3910 1724 3995 magis
1761 3912 2066 3996 patefieri,
2104 3912 2258 3995 quid
2293 3912 2376 3975 sit
2410 3910 2653 3977 homini
2687 3935 2804 3976 na·-

748 4011 892 4063 tura
950 4000 1291 4080 tributum,
1356 4015 1658 4089 quantam
1720 4004 1851 4069 vim
1912 4028 2126 4071 rerum
2179 4005 2561 4091 optimarum
2613 4028 2800 4071 mens
