3292 4559
1055 251 1161 308 DE
1184 221 1719 310 ›mva'moNE
1752 251 1800 307 1.
1834 251 2111 308 932-100.
2488 235 2615 302 155

563 379 924 444 Hammone
969 385 1080 442 aut
1125 399 1164 440 a
1197 374 1478 441 Dodona
1519 375 1843 460 petebant.
1932 373 2279 460 Lycurgus
2304 372 2609 458 squidem,
2654 391 2707 432 96

561 474 674 558 qui
716 470 1375 538 Lacedaemoniorum
1418 492 1555 534 rem
1598 468 1926 555 publicam
1970 467 2381 555 temperavit,
2432 468 2609 554 leges

561 590 708 632 suas
773 565 1149 632 auctoritate
1201 563 1524 649 Apollinis
1579 562 1885 649 Delphici
1950 563 2347 627 confirmavit
2359 587 2377 639 ;
2450 582 2611 645 quas

560 681 706 726 cum
758 660 950 727 vellet
983 657 1326 744 Lysander
1371 669 1791 734 commutare,
1845 657 2070 722 eadem
2094 667 2211 723 -est
2254 656 2611 741 prohibitus

556 755 884 842 religione.
993 764 1185 836 atque
1241 751 1434 818 etiam
1487 752 1598 835 qui
1660 760 2028 837 praeerant·
2054 750 2609 828 Lacedaemoniis,

555 871 688 916 non
722 848 1006 915 contenti
1039 845 1456 932 vigilantibus
1493 846 1683 923 curiS,
1716 847 1785 910 in
1818 845 2185 930 Pasiphaae
2218 845 2400 922 sanc,
2437 844 2612 928 quod

559 955 656 1010 est
689 943 759 1007 in
793 963 949 1028 agro
984 951 1244 1027 propter
1277 941 1525 1016 urbem,
1565 939 1927 1005 somniandi
1952 961 2149 1004 causa
2182 939 2609 1015 excubabant,

550 1035 712 1120 quia
746 1058 899 1101 vera
933 1034 1164 1119 quietis
1201 1034 1415 1100 oracla
1449 1034 1789 1100 ducebant.
1862 1033 1945 1098 ad
1980 1044 2197 1098 nostra
2230 1033 2360 1097 iam
2394 1032 2607 1098 rede0.
2652 1050 2705 1091 π

559 1129 856 1214 quotiens
889 1139 1148 1194 senatus
1185 1128 1574 1194 decemviros
1611 1129 1696 1194 ad
1729 1128 1927 1193 libros
1961 1128 2053 1194 ire
2096 1127 2307 1193 iussit!
2355 1127 2609 1211 quantis

554 1225 626 1290 in
677 1225 870 1290 rebus
923 1245 1246 1308 quamque
1299 1245 1490 1308 saepe
1541 1223 1861 1308 responsis
1908 1222 2319 1309 haruspicum
2366 1221 2608 1308 paruit!

555 1341 709 1385 nam
753 1328 816 1385 et
859 1341 1007 1384 cum
1054 1319 1182 1384 duo
1227 1318 1349 1382 visi
1395 1317 1560 1382 soles
1605 1330 1817 1382 essent
1862 1329 1928 1383 et
1964 1340 2110 1384 cum
2148 1328 2276 1384 tres
2319 1317 2511 1382 lunae
2548 1326 2612 1382 et

557 1435 706 1479 cum
737 1412 914 1479 faces
953 1424 1017 1478 et
1061 1435 1210 1478 cum
1253 1413 1350 1477 sol
1392 1423 1580 1478 nocte
1624 1412 1801 1478 visus
1848 1423 2016 1480 esset
2062 1423 2127 1478 et
2173 1434 2321 1477 cum
2356 1433 2393 1478 e
2430 1411 2607 1476 caelo

555 1507 848 1574 fremitus
893 1508 1146 1574 auditus
1193 1518 1259 1573 et
1303 1529 1449 1572 cum
1495 1507 1747 1572 caelum
1783 1507 2149 1572 discessisse
2187 1507 2398 1573 visum
2444 1515 2609 1571 esset

556 1613 749 1687 atque
794 1603 862 1667 in
899 1624 975 1667 eo
1011 1601 1437 1668 animadversi
1471 1602 1680 1688 globi,
1717 1601 1928 1666 delata
1963 1602 2155 1666 etiam
2192 1601 2275 1665 ad
2321 1610 2612 1666 senatum

553 1696 702 1761 labe
737 1697 878 1782 agri
902 1695 1320 1772 Privernatis,
1358 1717 1505 1759 cum
1542 1695 1624 1758 ad
1658 1694 1973 1758 infinitam
2007 1694 2407 1759 altitudinem
2444 1705 2613 1758 terra

559 1789 894 1854 desidisset
937 1789 1308 1872 Apuliaque
1360 1787 1656 1851 maximis
1712 1796 1918 1852 terrae
1972 1787 2252 1851 motibus
2299 1809 2613 1871 conquas-

559 1891 700 1946 sata
734 1891 920 1958 esset,
958 1880 1194 1964 quibus
1227 1880 1537 1964 portentis
1572 1902 1811 1965 magna
1844 1880 2084 1964 populo
2112 1879 2407 1947 Romano
2444 1880 2615 1944 bella

557 1975 1080 2062 perniciosaeque
1115 1973 1457 2039 seditiones
1497 1972 2038 2038 denuntiabantur
2046 1997 2064 2050 3
2111 1971 2305 2056 inque
2340 1973 2439 2037 his
2476 1994 2614 2037 om-

555 2069 750 2137 nibus
792 2090 1100 2153 responsa
1142 2067 1557 2152 haruspicum
1605 2088 1753 2130 cum
1791 2063 2077 2150 Sibyllae
2124 2067 2416 2132 versibus
2462 2089 2613 2132 con-

555 2163 895 2250 gruebant.
984 2162 1178 2245 quid?
1233 2183 1380 2226 cum
1434 2156 1659 2225 Cumis
1710 2160 1950 2246 Apollo
2004 2160 2289 2238 sudavit,
2345 2159 2611 2247 Capuae
2654 2179 2708 2220 98

557 2259 889 2326 Victoria?
933 2258 1128 2342 quid?
1181 2269 1358 2322 ortus
1395 2256 1756 2342 androgyni
1797 2277 2008 2322 nonne
2053 2256 2249 2322 fatale
2286 2258 2614 2342 quoddam

555 2363 913 2420 monstrum
947 2352 1107 2417 fuit?
1151 2351 1349 2436 quid?
1385 2373 1531 2416 cum
1567 2349 1801 2416 fluvius
1836 2351 2108 2416 Atratus
2146 2352 2459 2437 sanguine
2493 2352 2615 2418 flu-

555 2447 688 2512 xit?
730 2446 924 2531 quid?
967 2467 1115 2510 cum
1149 2468 1341 2532 saepe
1374 2444 1683 2532 lapidum,
1722 2444 2051 2529 sanguinis
2077 2466 2207 2510 non
2240 2468 2613 2530 numquam,

557 2545 786 2608 terrae'
811 2539 1160 2618 interdum,
1216 2539 1539 2623 quondam
1591 2539 1786 2604 etiam
1828 2539 2009 2605 lactis
2059 2539 2269 2605 imber
2314 2539 2615 2606 defluxit?

557 2635 748 2719 quid?
801 2656 948 2700 cum
990 2635 1058 2698 in
1096 2632 1414 2719 Capitolio
1457 2633 1622 2699 ictus
1662 2630 2025 2698 Centaurus
2061 2656 2097 2698 e
2147 2635 2323 2700 caelo
2370 2646 2494 2711 est,
2546 2635 2615 2698 in

557 2727 886 2794 Aventino
929 2738 1150 2811 portae
1195 2737 1259 2792 et
1302 2726 1620 2803 homines,
1668 2725 1935 2793 Tusculi
1980 2727 2173 2793 aedes
2220 2723 2507 2792 Castoris
2550 2738 2615 2792 et

559 2815 844 2884 Pollucis
879 2818 1252 2903 Romaeque
1286 2819 1596 2884 Pietatis?
1639 2840 1852 2887 nonne
1890 2831 1953 2884 et
1986 2819 2357 2906 haruspices
2395 2841 2473 2886 ea
2512 2843 2614 2886 re-

562 2912 972 2997 sponderunt,
1009 2933 1174 2995 quae
1211 2923 1580 2990 evenerunt,
1617 2922 1683 2977 et
1715 2913 1783 2976 in
1814 2911 2101 2998 Sibyllae
2136 2914 2313 2979 libris
2350 2914 2613 2980 eaedem

560 3016 846 3092 repertae
883 3007 1346 3090 praedictiones
1384 3008 1570 3072 sunt?
1617 3005 1938 3074 Caeciliae
1977 3008 2060 3091 Q.
2096 3011 2265 3076 filiae
2302 3034 2332 3076 e
2369 3011 2613 3076 somnio
2646 2995 2735 3052 44

559 3100 752 3166 modo
785 3099 1070 3166 Marsico
1106 3100 1274 3166 bello
1311 3102 1620 3187 templum
1656 3112 1751 3167 est
1788 3126 1828 3168 a
1862 3115 2089 3168 senatu
2122 3105 2359 3171 Iunoni
2394 3069 2681 3191 Sospi-9

557 3209 661 3260 tae
696 3195 1090 3272 restitutum3
1138 3195 1311 3279 quod
1346 3196 1608 3279 quidem
1643 3198 1961 3262 somnium
1997 3197 2287 3266 Sisenna
2304 3223 2453 3266 cum
2488 3200 2616 3265 dis-

557 3290 911 3376 putavisset
961 3289 1226 3355 mirifice
1271 3291 1354 3354 ad
1397 3291 1666 3356 verbum
1712 3315 1860 3357 cum
1903 3317 1974 3360 re
2020 3293 2421 3371 convenisse,
2474 3304 2613 3358 tum

557 3384 926 3461 insolenter,
971 3383 1160 3450 credo
1205 3384 1288 3448 ab
1332 3384 1654 3471 Epicureo
1700 3386 1915 3470 aliquo
1956 3388 2286 3463 inductus,
2334 3387 2613 3473 disputat

557 3477 820 3542 somniis
873 3478 1045 3543 credi
1096 3500 1228 3544 non
1279 3491 1588 3565 oportere.
1679 3480 1850 3546 idem
1904 3491 2124 3545 contra
2166 3489 2414 3545 ostenta
2456 3479 2613 3544 nihil

558 3570 841 3658 disputat
875 3572 1262 3658 exponitque
1295 3573 1478 3637 initio
1514 3573 1667 3640 belli
1699 3573 1967 3638 Marsici
2001 3582 2065 3638 et
2118 3573 2381 3638 deorum
2417 3572 2613 3636 simu-

557 3665 730 3730 lacra
765 3667 1093 3731 sudavisse
1131 3677 1194 3730 et
1228 3667 1540 3751 sanguine
1575 3667 1835 3733 fluxisse
1872 3677 1935 3733 et
1962 3661 2327 3734 discessisse
2364 3665 2613 3732 caelum

558 3770 624 3824 et
658 3783 739 3826 ex
774 3760 1023 3824 occulto
1051 3761 1300 3826 auditas
1331 3783 1470 3826 esse
1497 3783 1708 3840 voces,
1744 3783 1910 3846 quae
1944 3761 2229 3847 pericula
2263 3760 2413 3826 belli
2447 3783 2613 3825 nun-

557 3853 806 3928 tiarent,
837 3863 900 3918 et
918 3853 1200 3920 Lanuvii
1219 3855 1476 3942 clipeos,
1495 3856 1672 3940 quod
1698 3855 2142 3942 haruspicibus
2162 3854 2613 3921 tristissumum

557 3945 766 4008 visum
804 3957 990 4024 esset,
1027 3971 1068 4013 a
1101 3948 1390 4014 muribus
1426 3971 1566 4016 esse
1603 3950 1880 4014 derosos.
1954 3948 2150 4032 quid?
2192 3947 2367 4032 quod
2398 3948 2467 4014 in
2486 3972 2613 4035 ¹an-
2639 3965 2717 4006 10⁰

556 4037 810 4104 nalibus
843 4039 1176 4120 habemus,
1200 4041 1456 4109 Veienti
1490 4043 1682 4120 bello,
1722 4064 1867 4109 cum
1900 4042 2079 4109 lacus
2096 4043 2393 4110 Albanus
2428 4065 2617 4132 prae-
