3292 4559
645 2081 698 2122 80

743 319 870 393 134'
1359 335 1438 389 M.
1474 331 1750 391 TULLII
1784 328 2185 388 CICERONIS

915 512 931 528 .
955 509 970 528 .
1005 463 1173 528 inter
1224 481 1292 526 se
1338 470 1618 542 strepere
1666 465 2009 541 aperteque
2054 463 2256 518 artem
2302 452 2595 519 obterere
2640 451 2805 519 exti-

1596 549 1874 635 spicum,

915 649 1162 715 solvere
1194 647 1468 731 imperat
1501 642 1783 709 secundo
1817 663 2073 706 rumore
2109 640 2506 724 adversaque
2540 639 2670 704 avi.

744 745 856 812 sed
889 743 1046 830 quid
1080 740 1336 807 vetera?
1367 739 1467 804 Μ.
1500 735 1739 804 Crasso
1774 736 1932 820 quid
1966 733 2269 802 acciderit
2302 734 2594 800 videmus
2632 734 2803 802 dira-

741 861 886 904 rum
937 833 1420 903 obnuntiatione
1480 833 1792 918 neglecta.
1899 830 1967 894 in
2020 850 2149 914 quo
2200 829 2483 914 Appius
2470 875 2488 905 ,
2554 829 2817 916 collega.

743 947 914 1022 tuus,
947 933 1155 998 bonus
1191 951 1418 1016 augur,
1453 939 1527 993 ut
1552 949 1633 992 ex
1669 939 1731 992 te
1760 925 1981 991 audire
2008 926 2202 1002 soleo,
2236 945 2369 990 non
2384 924 2557 990 satis
2594 925 2811 990 scien-

742 1041 840 1094 ter
882 1028 1093 1094 virum
1137 1026 1379 1090 bonum
1414 1034 1479 1088 et
1522 1022 1730 1090 civem
1773 1020 2105 1108 egregium
2150 1041 2377 1086 censor
2411 1017 2492 1084 C.
2529 1019 2815 1086 Ateium

740 1122 1015 1199 notavit,
1079 1120 1252 1205 quod
1305 1117 1678 1184 ementitum
1732 1116 2016 1201 auspicia
2078 1113 2525 1180 subscriberet.
2634 1124 2807 1190 θεῖος

741 1217 935 1304 fuerit
967 1215 1090 1280 hoc
1126 1213 1436 1287 censoris,
1487 1212 1542 1277 si
1572 1210 1904 1275 iudicabat
1939 1208 2338 1277 ementitum·
2392 1219 2460 1274 at
2492 1209 2651 1275 illud
2684 1208 2808 1272 mi-

740 1310 913 1375 nime
959 1307 1247 1393 auguris,
1302 1305 1475 1388 quod
1511 1304 1845 1389 adscripsit
1882 1303 1965 1368 ob
2002 1325 2147 1369 eam
2180 1323 2443 1368 causam
2486 1303 2803 1412 populum

741 1405 1105 1470 Romanum
1159 1399 1582 1465 calamitatem
1643 1397 1991 1463 maximam
2052 1396 2325 1484 cepisse3
2388 1396 2443 1462 si
2502 1397 2673 1462 enim
2724 1419 2807 1462 ea

743 1518 937 1562 causa
980 1491 1357 1560 calamitatis
1399 1491 1552 1568 fuit,
1604 1513 1736 1557 non
1770 1491 1839 1556 in
1874 1512 1951 1556 eo
1986 1502 2084 1556 est
2128 1491 2347 1575 culpa,
2402 1490 2514 1575 qui
2550 1489 2809 1555 obnun-

739 1591 944 1668 tiavit,
981 1589 1096 1654 sed
1129 1589 1198 1653 in
1234 1609 1344 1665 eo,
1389 1587 1501 1671 qui
1533 1608 1665 1651 non
1698 1585 1939 1672 paruitz
1987 1607 2207 1651 veram
2243 1585 2415 1651 enim
2447 1584 2650 1651 fuisse
2684 1584 2807 1650 ob-

739 1683 1229 1760 nuntiationem‚
1263 1692 1337 1746 ut
1373 1681 1462 1746 ait
1495 1680 1667 1746 idem
1704 1702 1913 1766 augur
1947 1691 2011 1745 et
2046 1701 2291 1757 censor,
2328 1679 2537 1745 exitus
2572 1679 2811 1764 adpro-

740 1779 919 1844 bavit
927 1803 948 1856 ς
1012 1797 1178 1862 quae
1241 1777 1296 1841 si
1346 1776 1514 1842 falsa
1565 1775 1823 1852 fuisset,
1890 1775 2131 1840 nullam
2184 1773 2437 1840 adferre
2489 1775 2807 1860 potuisset

742 1895 1004 1940 causam
1038 1872 1436 1938 calamitatis.
1525 1869 1762 1936 etenim
1798 1868 1973 1934 dirae
1986 1916 2004 1946 ,
2050 1869 2215 1934 sicut
2249 1877 2459 1934 cetera
2494 1867 2807 1954 auspicia,

739 1978 813 2032 ut
847 1966 1081 2044 omina,
1115 1978 1190 2032 ut
1225 1965 1430 2050 signa,
1464 1985 1594 2030 non
1625 1986 1853 2030 causas
1879 1962 2182 2029 adferunt
2208 1982 2323 2027 cur
2348 1962 2505 2046 quid
2530 1962 2808 2039 eveniat,

742 2063 857 2129 sed
901 2057 1200 2126 nuntiant
1245 2071 1581 2136 eventura,
1635 2057 1761 2122 nisi
1813 2057 2188 2143 provideris.
2275 2077 2405 2122 non
2447 2056 2646 2141 igitur
2688 2057 2810 2120 ob-

739 2149 1056 2221 nuntiatio
1104 2155 1284 2219 Ateii
1329 2175 1590 2219 causam
1633 2153 1821 2217 finxit
1866 2150 2271 2226 calamitatis,
2318 2150 2432 2216 sed
2468 2151 2653 2236 signo
2688 2150 2809 2215 ob-

739 2250 906 2316 iecto
931 2247 1182 2314 monuit
1201 2243 1509 2312 Crassum
1539 2246 1698 2330 quid
1724 2255 2102 2311 eventurum
2129 2255 2315 2321 esset,
2348 2245 2472 2310 nisi
2501 2245 2809 2312 cavisset.

738 2345 831 2408 ita
881 2351 994 2406 aut
1042 2340 1154 2405 illa
1197 2340 1597 2405 obnuntiatio
1648 2338 1807 2404 nihil
1850 2340 2080 2416 valuit,
2134 2349 2246 2405 aut
2288 2339 2373 2416 si,
2426 2350 2499 2406 ut
2545 2339 2809 2426 Appius

737 2433 1007 2509 iudicat,
1041 2432 1261 2510 valuit,
1297 2434 1367 2498 id
1403 2433 1622 2510 valuit,
1659 2443 1732 2497 ut
1764 2443 2101 2519 peccatum
2135 2432 2397 2500 haereat
2428 2447 2559 2499 non
2592 2434 2661 2498 in
2696 2455 2805 2510 eo,

637 2543 704 2596 17
743 2528 856 2612 qui
889 2525 1234 2602 monuerit,
1290 2525 1465 2591 sed
1446 2550 1516 2590 m
1558 2548 1665 2602 e0,
1716 2527 1828 2610 qui
1871 2547 2003 2590 non
2046 2526 2518 2612 obtemperarit.
2607 2526 2807 2611 quid?

643 3296 696 3338 81

737 2621 934 2687 lituus
968 2619 1090 2686 iste
1125 2631 1365 2696 vester,
1412 2621 1587 2704 quod
1623 2621 2069 2685 clarissumum
2104 2631 2202 2686 est
2235 2621 2487 2707 insigne
2523 2642 2807 2706 augura-

739 2727 864 2794 tus,
900 2715 1072 2781 unde
1107 2713 1291 2780 vobis
1326 2725 1425 2780 est
1457 2715 1769 2780 traditus?
1802 2737 2032 2801 nempe
2058 2737 2135 2781 eo
2153 2715 2471 2782 Romulus
2504 2715 2803 2800 regiones

741 2809 972 2876 direxit
1015 2821 1181 2885 tum,
1236 2829 1384 2873 cum
1426 2808 1655 2874 urbem
1710 2808 2021 2874 condidit:
2077 2808 2189 2893 qui
2210 2808 2495 2894 -quidem
2536 2807 2804 2876 Romuli

737 2905 934 2970 lituus
975 2903 1070 2990 [id
1103 2913 1202 2968 est
1239 2903 1580 2970 incurvum
1615 2915 1680 2969 et
1711 2904 1940 2970 leviter
1974 2927 2015 2968 a
2048 2925 2298 2970 summo
2342 2905 2649 2972 inflexum
2682 2903 2802 2970 ha-

613 3079 620 3086 *
661 3033 672 3042 ·
741 2999 986 3076 cillum,
1031 2996 1204 3081 quod
1239 2997 1322 3062 ab
1358 2997 1497 3064 eius
1528 2998 1700 3076 litui,
1748 3019 1877 3082 quo
1912 2999 2187 3073 canitur,
2234 2999 2645 3064 similitudine
2679 3020 2801 3066 no-

738 3114 887 3156 men
921 3087 1190 3177 invenit]
1231 3112 1380 3157 cum
1415 3093 1573 3158 situs
1609 3103 1779 3158 esset
1810 3092 1877 3156 in
1915 3091 2092 3157 curia
2110 3089 2461 3170 Saliorum,
2498 3115 2664 3177 quae
2700 3105 2799 3160 est

739 3185 805 3249 in
855 3184 1138 3262 Palatio,
1203 3208 1408 3271 eaque
1459 3185 1965 3272 deflagravisset,
2030 3187 2327 3253 inventus
2382 3198 2479 3254 est
2529 3188 2798 3273 integer.

740 3279 932 3366 quid?
967 3279 1183 3345 multis
1219 3280 1404 3345 annis
1436 3291 1584 3365 post
1615 3279 1988 3358 Romulum,
2022 3280 2251 3347 Prisco
2286 3294 2595 3368 regnante
2631 3282 2798 3348 Tar-

739 3375 986 3459 quini0,
1040 3373 1184 3458 quis
1219 3384 1510 3456 veterum
1553 3375 1937 3461 scriptorum
1970 3398 2101 3442 non
2142 3377 2455 3462 loquitur,
2510 3399 2677 3461 quae
2712 3378 2799 3444 sit

738 3468 821 3534 ab
856 3470 1017 3534 Atto
1051 3468 1261 3534 Navio
1295 3491 1412 3554 per
1445 3469 1678 3534 lituum
1710 3470 2047 3555 regionum
2081 3471 2253 3536 facta
2282 3471 2647 3559 discriptio?
2682 3473 2799 3556 qui

737 3584 886 3628 cum
918 3573 1177 3649 propter
1209 3572 1655 3648 paupertatem
1692 3585 1837 3629 sues
1874 3586 2036 3650 puer
2068 3576 2388 3651 pasceret,
2434 3589 2565 3632 una
2600 3589 2682 3632 ex
2714 3565 2803 3632 iis

735 3657 972 3722 amissa
1005 3657 1258 3722 vovisse
1297 3656 1555 3734 dicitur,
1593 3657 1648 3721 si
1682 3670 2149 3744 recuperasset,
2185 3681 2379 3725 uvam
2414 3682 2485 3726 se
2520 3661 2642 3726 deo
2679 3660 2804 3726 da·-

736 3760 979 3826 turum,
1025 3769 1192 3831 quae
1235 3749 1518 3815 maxima
1552 3761 1723 3816 esset
1756 3751 1825 3816 in
1858 3751 2075 3817 vinea:
2120 3753 2337 3838 itaque
2374 3775 2489 3820 sue
2532 3754 2804 3822 inventa

736 3842 820 3907 ad
852 3841 1185 3907 meridiem
1230 3853 1525 3928 spectans
1560 3845 1627 3908 in
1672 3845 1862 3911 vinea
1896 3847 2109 3912 media
2142 3847 2375 3913 dicitur
2410 3847 2803 3927 constitisse,

735 3957 1009 4020 cumque
1043 3936 1113 4001 in
1148 3947 1448 4021 quattuor
1491 3938 1693 4023 partis
1727 3939 1982 4006 vineam
2018 3941 2334 4010 divisisset
2368 3942 2607 4026 trisque
2642 3965 2801 4028 par-

733 4029 816 4094 tis
867 4052 1018 4096 aves
1071 4030 1493 4110 abdixissent,
1559 4042 1789 4117 quarta
1840 4045 2050 4118 parte,
2114 4057 2279 4120 quae
2331 4047 2468 4104 erat
2519 4037 2798 4122 reliqua,

731 4124 800 4188 in
851 4124 1142 4212 regiones
1197 4126 1565 4205 distributa,
1617 4127 1896 4192 mirabili
1936 4129 2375 4216 magnitudine
2434 4151 2661 4208 uvam,
2715 4144 2796 4198 ut
