3292 4559
926 232 1415 290 FRAGMENTA
1449 232 1666 287 LIBRI
1701 231 1806 286 DE
1839 229 2069 288 FATO.
2399 218 2528 285 233

345 432 347 439 .
466 362 723 455 probari
788 360 963 427 nullo
1025 358 1216 424 modo
1269 366 1505 443 potest,
1570 365 1788 421 tamen
1851 355 2304 423 declinationes
2365 355 2528 425 istae

464 471 827 544 numquam
868 453 1367 541 explicarentur3
1412 474 1565 517 nam
1609 450 1668 515 si
1701 450 1932 517 atomis
1967 448 2040 515 ut
2081 450 2396 537 gravitate
2433 451 2530 519 fe-

466 566 681 623 rantur
716 551 1033 617 tributum
1070 558 1167 614 est
1194 546 1581 614 necessitate
1612 555 1901 623 naturae,
1936 547 2112 631 quod
2145 565 2336 611 omne
2369 567 2530 632 pon-

345 714 348 719 .
466 650 583 715 dus
614 647 803 713 nulla
832 668 905 711 re
946 642 1313 729 inpediente
1346 651 1684 707 moveatur
1717 649 1782 705 et
1827 640 2071 707 feratur
2111 661 2374 707 necesse
2409 654 2527 718 est,

464 742 614 809 illud
642 761 911 827 quoque
944 759 1207 805 necesse
1236 746 1331 803 est
1359 736 1678 803 declinare
1706 734 2092 818 quibusdam
2119 734 2368 815 atomis,
2403 736 2528 813 vel,

464 840 512 903 si
546 838 801 911 volunt,
840 832 1145 899 omnibus
1178 830 1552 898 naturaliter
1584 846 1623 885 ὕ
1640 846 1680 885 ⁴⁶
1697 846 1736 886 ὓ

1201 1212 1800 1281 FRAGMENTA

1114 1316 1373 1385 LIBRI
1424 1316 1555 1383 DE
1606 1316 1885 1386 FATO.

589 1494 647 1560 1.
694 1490 967 1561 Gellius
1000 1499 1166 1556 noct.
1202 1488 1404 1555 Attic.
1438 1488 1606 1568 VII,
1640 1490 1715 1567 2,
1755 1488 1864 1555 15:
1928 1493 2149 1578 Itaque
2181 1492 2276 1559 M.
2321 1492 2525 1563 OEcero

470 1592 531 1654 in
568 1590 769 1664 uba-o,
816 1593 995 1673 quem
1030 1588 1103 1651 de
1123 1584 1269 1671 fato
1307 1586 1690 1670 consempsit,
1731 1608 1865 1649 cum
1901 1590 2310 1672 quaestionem
2343 1590 2526 1653 istam

465 1684 675 1749 diceret
720 1682 1221 1747 obscurissimam
1266 1700 1389 1744 esse
1423 1690 1479 1743 et
1512 1680 2072 1765 inplicati-ssimum,
2117 1680 2526 1767 Chrysippum

467 1800 693 1865 quoque
728 1774 1181 1865 philosophum
1224 1796 1349 1839 non
1376 1776 1695 1859 'eapedisse
1729 1796 1792 1839 se
1825 1777 1893 1837 in
1930 1796 2000 1838 ea
2035 1778 2126 1839 ait
2169 1775 2264 1839 Itis
2299 1776 2527 1840 verbis.-

466 1868 879 1959 Chrysippus
942 1874 1240 1936 aestuans
1300 1868 1756 1953 laboransque,
1821 1888 2101 1951 quonam
2160 1868 2285 1934 hoc
2335 1868 2528 1934 modo

466 1966 735 2052 explicet
753 2010 774 2041 ‚
820 1975 887 2030 et
919 1962 1052 2029 fato
1088 1961 1305 2029 omnia
1335 1960 1476 2029 fieri
1510 1971 1575 2027 et
1608 1984 1751 2028 esse
1786 1960 2028 2046 aliquid
2060 1961 2130 2026 in
2163 1961 2379 2042 nohis,
2430 1963 2532 2028 in-

466 2060 751 2126 tricatur.
2538 2092 2552 2106 ·

590 2156 653 2221 2.
702 2152 975 2223 Servius
1012 2153 1095 2217 ad
1128 2151 1376 2237 Vergil.
1413 2151 1583 2217 Aen.
1618 2150 1748 2228 111,
1785 2149 1942 2217 376:
1993 2152 2307 2238 Volvitque
2341 2148 2524 2238 vices]

345 2334 347 2337 y
468 2250 747 2335 definitio
798 2248 929 2334 fati
998 2250 1325 2313 seeundum
1396 2248 1694 2321 Tullium,
1769 2249 1877 2332 qui
1937 2249 2048 2311 ait.
2040 2272 2057 2287 ·
2131 2246 2369 2311 Fatum
2430 2258 2527 2312 est

474 2341 753 2409 conexio
784 2364 994 2407 rerum
1029 2363 1147 2427 per
1181 2340 1621 2407 aeternitatem
1658 2362 1728 2405 se
1761 2339 2034 2407 invicem
2069 2350 2294 2407 tenens
2305 2388 2324 2419 ,
2361 2362 2526 2426 quae

472 2458 583 2501 suo
617 2434 847 2503 ordine
890 2447 957 2503 et
988 2436 1135 2521 lege
1171 2434 1264 2501 sic
1306 2434 1589 2501 variatur
1633 2432 1754 2522 [ita
1787 2432 2035 2523 tamen]
2047 2482 2066 2513 ,
2119 2446 2194 2501 ut
2232 2434 2376 2521 ipsa
2416 2457 2530 2501 va-

473 2528 655 2595 rietas
690 2530 935 2595 habeat
968 2528 1427 2595 aeternitatem.

594 2624 654 2689 3.
702 2624 1119 2709 Augustinus
1165 2622 1247 2689 de
1284 2622 1453 2687 civit.
1492 2621 1597 2689 dei
1628 2621 1716 2701 V,
1753 2621 1824 2687 8.
1889 2624 1940 2688 I
1934 2624 2005 2689 222
2048 2644 2283 2709 quoque
2325 2644 2529 2687 versus

473 2716 790 2783 Homerici
822 2719 963 2783 huic
996 2720 1323 2783 sententiae
1358 2718 1807 2803 suffrayantur,
1855 2740 2006 2804 quos
2025 2717 2250 2785 ‘Cicero
2285 2718 2354 2781 in
2391 2717 2533 2781 lati-

475 2834 612 2876 num
644 2815 861 2878 vertit:

670 2949 839 3015 tales
875 2958 1025 3013 sunt
1059 2947 1390 3013 hominum
1425 2958 1703 3024 mentes,
1739 2948 1913 3032 quali
1947 2960 2132 3035 pater
2163 2948 2302 3035 ipse

670 3042 973 3129 Iuppiter
1006 3042 1347 3109 auctiferas
1381 3042 1676 3108 lustravit
1709 3041 1951 3108 lumine
1986 3054 2206 3109 terras.

477 3208 577 3251 nec
608 3190 680 3253 in
719 3187 833 3253 hac
862 3192 1209 3275 quaestione
1236 3190 1654 3253 auctoritatem
1681 3189 1924 3255 haberet
1950 3192 2190 3276 poetica
2214 3192 2528 3264 sententia,

482 3283 587 3344 sed
627 3286 914 3367 quoniam
951 3282 1186 3349 Stoicos
1222 3286 1369 3349 dicit
1401 3285 1525 3348 vim
1556 3283 1693 3370 fati
1725 3295 2050 3350 asserentes
2093 3286 2242 3348 istos
2289 3305 2363 3347 ex
2393 3282 2533 3347 Ho-

483 3395 642 3439 mero
688 3396 885 3442 versus
920 3380 1109 3443 solere
1151 3399 1475 3463 usurpare,
1530 3401 1656 3443 non
1701 3381 1774 3443 de
1814 3379 1981 3443 illius
2014 3386 2264 3462 poetae,
2312 3376 2421 3439 sed
2461 3378 2534 3439 de
2565 3378 2574 3387 '

484 3469 733 3536 istorum
771 3472 1285 3559 philosophorum
1338 3475 1621 3558 opinione
1667 3482 1991 3545 tractatur,
2047 3492 2182 3534 cum
2227 3491 2343 3555 per
2384 3470 2532 3533 istos

489 3584 709 3642 versus,
764 3589 913 3653 quos
951 3570 1358 3655 disputationi
1390 3567 1710 3643 adhibent,
1768 3588 1953 3652 quam
1997 3567 2070 3629 de
2098 3562 2244 3650 fato
2290 3562 2530 3637 habent,

494 3660 629 3739 quid
670 3664 936 3728 sentiant
982 3684 1103 3728 esse
1124 3662 1339 3748 fatum
1384 3664 1760 3747 apertissime
1807 3661 2182 3734 declaratur,
2240 3658 2532 3743 quoniam

497 3748 683 3819 Iovem
716 3758 1063 3843 appellant,
1112 3778 1286 3842 quem
1320 3779 1622 3821 summum
1660 3758 1836 3820 deum
1871 3764 2131 3840 putant,
2187 3775 2228 3817 a
2273 3773 2390 3839 quo
2436 3773 2536 3816 co-

494 3848 791 3914 nexionem
826 3852 1036 3915 dieunt
1059 3854 1327 3935 pendere
1348 3850 1656 3935 satorum.

606 3941 667 4006 4.
711 3943 1126 4029 Augustinus
1163 3944 1243 4009 de
1280 3943 1449 4009 civit.
1488 3942 1593 4007 dei
1618 3942 1705 4020 V,
1735 3942 1807 4007 2:
1869 3940 2073 4007 Cicero
2111 3943 2258 4009 dicit
2282 3938 2537 4027 Hippo-

493 4044 718 4103 cratem
750 4038 1221 4105 nobilissimum
1266 4037 1589 4105 medicum
1623 4036 1932 4123 scriptum
1977 4034 2310 4121 reliquisse
2345 4057 2539 4122 quos-
