3292 4559
1025 234 1114 299 42
1638 243 1719 298 M.
1757 241 2029 299 TULLII
2065 240 2468 299 CICERONIS

1027 370 1152 435 nisi
1188 367 1517 455 cognitum
1551 365 2189 452 conprehensumque
2234 364 2463 429 animis
2498 365 2912 444 haberemus,
2958 390 3095 435 non

1027 476 1160 529 tam
1197 462 1439 528 stabilis
1474 461 1689 548 opinio
1723 469 2126 546 permaneret
2168 480 2289 525 nec
2323 458 2805 525 confirmaretur
2840 460 3094 529 diutur-

1025 560 1224 623 nitate
1267 555 1571 641 temporis
1615 577 1735 619 nec
1777 576 1909 619 una
1955 575 2102 618 cum
2138 552 2363 619 saeclis
2402 553 2847 639 aetatibusque
2882 554 3093 620 homi-

933 685 939 686 *
1023 674 1182 716 num
1215 649 1555 715 inveterari
1588 647 1918 734 potuisset.
1972 646 2206 713 etenim
2241 646 2532 714 videmus
2567 658 2812 714 ceteras
2840 649 3093 736 opinio-

1025 769 1141 811 nes
1175 746 1356 810 fictas
1393 755 1584 827 atque
1619 765 1819 807 vanas
1854 742 2267 807 diuturnitate
2302 741 2686 808 extabuisse.
2742 742 2888 827 quis
2916 742 3092 808 enim

1027 838 1625 925 Hippocentaurum
1675 836 1877 901 fuisse
1930 852 2043 900 aut
2103 831 2514 900 Chimaeram
2563 836 2788 921 putat?
2838 857 3091 919 quaeve

1029 958 1188 999 anus
1223 945 1356 999 tam
1382 954 1606 999 excors
1639 930 1911 997 inveniri
1949 940 2179 1017 potest,
2214 952 2380 1014 quae
2406 931 2535 1006 illa,
2570 951 2738 1015 quae
2762 930 3089 1014 quondam

1028 1027 1471 1104 credebantur,
1509 1026 1685 1111 apud
1716 1025 1957 1091 inferos
1991 1036 2287 1110 portenta
2328 1025 2737 1091 extimescat?
2771 1024 3089 1110 opinionis

1030 1122 1200 1187 enim
1255 1131 1617 1189 commenta
1670 1120 1842 1184 delet
1893 1118 2061 1195 dies,
2121 1130 2389 1186 naturae
2440 1118 2682 1183 iudicia
2732 1120 3088 1185 confirmat.

1030 1217 1248 1299 itaque
1293 1227 1357 1281 et
1405 1215 1476 1280 in
1527 1226 1745 1279 nostro
1790 1214 2027 1299 populo
2073 1224 2138 1279 et
2186 1214 2253 1278 in
2300 1214 2526 1279 ceteris
2568 1212 2835 1279 deorum
2876 1214 3091 1280 cultus
3269 1263 3286 1299 9

1030 1308 1536 1395 religionumque
1573 1307 1941 1373 sanctitates
1971 1308 2283 1373 exsistunt
2314 1308 2379 1371 in
2417 1307 2553 1373 dies
2587 1308 2858 1374 maiores
2895 1317 3091 1392 atque
3269 1319 3274 1370 ξ

963 1420 988 1459 6
1033 1402 1342 1467 meliores.
1429 1403 1624 1486 idque
1672 1402 1881 1468 evenit
1926 1424 2058 1466 non
2102 1412 2340 1467 temere
2374 1424 2495 1467 nec
2530 1423 2717 1479 casu,
2764 1401 2878 1467 sed
2912 1402 3092 1485 quod

1034 1506 1098 1560 et
1129 1506 1497 1581 praesentes
1541 1519 1733 1581 saepe
1782 1496 1848 1560 di
1890 1496 2023 1560 vim
2068 1518 2250 1561 suam
2296 1495 2653 1572 declarant,
2706 1504 2780 1559 ut
2815 1506 2879 1560 et
2914 1494 3092 1582 apud

1030 1588 1357 1676 Regillum
1401 1589 1568 1655 bello
1616 1590 2027 1667 Latinorum,
2084 1611 2233 1655 cum
2276 1589 2363 1653 A.
2400 1588 2774 1654 Postumius
2820 1589 3093 1656 dictator

1033 1705 1180 1747 cum
1231 1681 1511 1749 Octavio
1559 1684 1853 1748 Mamilio
1897 1683 2262 1751 Tusculano
2315 1683 2557 1769 proelio
2611 1682 2968 1761 dimicaret,
3020 1684 3091 1750 in

1032 1788 1248 1842 nostra
1283 1778 1416 1845 acie
1454 1775 1687 1843 Castor
1722 1788 1786 1843 et
1819 1778 2055 1843 Pollux
2091 1801 2173 1843 ex
2220 1778 2402 1861 equis
2435 1800 2727 1864 pugnare
2762 1778 2883 1845 visi
2917 1790 3088 1856 sunt,

1033 1882 1097 1936 et
1137 1872 1486 1938 recentiore
1530 1872 1839 1938 memoria
1882 1871 2053 1938 idem
2107 1870 2517 1957 Tyndaridae
2559 1871 2805 1937 Persen
2848 1872 3089 1937 victum

1029 1965 1500 2054 nuntiaverunt.
1572 1965 1653 2030 P.
1676 1966 1845 2031 enim
1863 1965 2186 2041 VatiniuS,
2223 1988 2382 2030 avus
2418 1963 2607 2029 huius
2644 1964 3089 2041 adulescentis,

1032 2080 1178 2123 cum
1225 2081 1261 2123 e
1305 2059 1709 2144 praefectura
1744 2058 2019 2124 Reatina
2052 2058 2330 2123 Romam
2380 2058 2660 2124 venienti
2710 2076 2905 2125 noctu
2959 2059 3089 2124 duo

1031 2153 1294 2218 iuvenes
1333 2174 1480 2218 cum
1516 2153 1698 2235 equis
1734 2152 1895 2217 albis
1932 2152 2242 2217 dixissent
2284 2174 2503 2238 regem
2539 2152 2784 2218 Persen
2829 2153 2939 2217 illo
2985 2151 3089 2218 die

1034 2254 1323 2329 captum,
1371 2246 1733 2331 senatuique
1765 2245 2216 2323 nuntiavisset,
2261 2245 2467 2331 primo
2502 2246 2687 2330 quasi
2730 2256 2969 2313 temere
3007 2248 3089 2312 de

1033 2359 1103 2401 re
1137 2336 1396 2421 publica
1419 2339 1669 2404 locutus
1703 2340 1771 2403 in
1798 2361 2118 2405 carcerem
2144 2339 2467 2404 coniectus
2500 2350 2616 2417 est,
2650 2351 2798 2426 post
2823 2364 2863 2405 a
2879 2340 3088 2405 Paulo

1034 2430 1258 2495 litteris
1286 2431 1532 2509 adlatis,
1557 2454 1706 2496 cum
1732 2432 1903 2497 idem
1931 2433 2065 2499 dies
2094 2432 2494 2510 constitisset,
2522 2445 2586 2498 et
2613 2456 2768 2520 agro
2795 2457 2835 2498 a
2859 2445 3089 2500 senatu

1037 2535 1102 2589 et
1133 2525 1464 2591 vacatione
1513 2525 1785 2591 donatus
1829 2537 1944 2591 est.
2032 2536 2224 2611 atque
2272 2527 2464 2594 etiam
2499 2550 2646 2592 cum
2692 2529 2776 2592 ad
2817 2528 3089 2593 fluvium

1037 2617 1313 2705 Sagram
1363 2616 1772 2685 Crotoniatas
1820 2620 2017 2685 Locri
2058 2622 2338 2685 maximo
2391 2622 2632 2707 proelio
2686 2621 3088 2699 devicissent,

1034 2735 1110 2779 eo
1153 2712 1294 2799 ipso
1341 2709 1444 2778 die
1493 2711 1779 2778 auditam
1828 2736 1965 2779 esse
2010 2738 2152 2779 eam
2195 2737 2484 2801 pugnam
2523 2715 2693 2780 ludis
2738 2714 3088 2802 Olympiae

1032 2807 1378 2872 memoriae
1413 2806 1740 2891 proditum
1775 2818 1889 2872 est.
1962 2830 2153 2894 saepe
2188 2809 2561 2875 Faunorum
2596 2832 2786 2875 voces
2823 2809 3088 2875 exaudi-

1035 2913 1170 2976 tae,
1207 2922 1398 2986 saepe
1446 2900 1623 2965 visae
1661 2901 1904 2966 formae
1941 2901 2205 2966 deorum
2242 2903 2531 2986 quemvis
2577 2926 2707 2969 non
2743 2915 2856 2969 aut
2889 2904 3088 2969 hebe-

1036 3006 1166 3057 tem
1201 3004 1313 3057 aut
1347 2994 1596 3081 inpium
1631 2997 1785 3061 deos
1820 2996 2171 3082 praesentis
2208 3019 2348 3061 esse
2396 2998 2681 3063 confiteri
2716 3003 3084 3083 coegerunt.

967 3087 1003 3197 ἓ
1037 3086 1500 3172 praedictiones
1564 3112 1715 3155 vero
1780 3101 1843 3154 et
1905 3090 2386 3175 praesensiones
2448 3113 2661 3156 rerum
2721 3090 3087 3158 futurarum

1037 3178 1193 3263 quid
1220 3180 1393 3244 aliud
1419 3181 1741 3247 declarant
1766 3182 1891 3248 nisi
1924 3183 2290 3249 hominibus
2318 3206 2397 3249 ea
2422 3186 2689 3262 ostendi,
2724 3186 3087 3262 monstrari,

1035 3273 1350 3358 portendi,
1383 3277 1699 3359 praedici?
1734 3300 1815 3342 ex
1844 3299 1973 3361 quo
2001 3278 2110 3342 illa
2138 3288 2405 3355 ostenta,
2434 3290 2735 3355 monstra,
2770 3288 3086 3365 portenta,

1032 3368 1328 3455 prodigia
1379 3372 1693 3437 dicuntur.
1803 3374 1978 3457 qnod
2030 3374 2084 3437 si
2136 3396 2213 3438 ea
2262 3374 2413 3437 ficta
2465 3375 2779 3439 credimus
2829 3374 3089 3439 licentia

1032 3462 1428 3544 fabularum,
1471 3466 1810 3553 Mopsum,
1846 3466 2190 3545 Tiresiam,
2228 3468 2725 3554 Amphiaraum,
2765 3466 3089 3535 Calchan-

1031 3571 1190 3635 tem,
1243 3560 1596 3637 Helenum,
1652 3582 1814 3645 quos
1868 3572 2083 3626 tamen
2136 3585 2412 3649 augures
2461 3585 2544 3627 ne
2594 3564 2772 3649 ipsae
2825 3562 3089 3648 quidem

1033 3655 1290 3718 fabulae
1328 3656 1773 3733 adscivissent,
1812 3656 1867 3720 si
1900 3677 2001 3720 res
2037 3658 2293 3722 omnino
2328 3658 2711 3743 repudiaret,
2746 3680 2829 3723 ne
2867 3657 3091 3723 dome-

1035 3748 1208 3813 sticis
1244 3749 1504 3831 quidem
1541 3748 1851 3834 exemplis
1889 3749 2059 3815 docti
2092 3774 2331 3816 numen
2366 3752 2627 3816 deorum
2666 3752 3090 3838 conprobabi-

1035 3842 1219 3905 mus?
1253 3843 1413 3907 nihil
1447 3864 1565 3907 nos
1600 3843 1681 3908 P.
1721 3841 1979 3908 Claudii
2023 3844 2189 3910 bello
2224 3845 2474 3911 Punico
2518 3846 2723 3933 primo
2759 3845 3087 3911 temeritas

1037 3935 1349 4014 movebit,
1397 3937 1510 4021 qui
1543 3938 1733 4002 etiam
1767 3961 1883 4024 per
1918 3938 2128 4004 iocum
2164 3941 2320 4006 deos
2351 3940 2660 4018 inridens,
2706 3962 2853 4006 cum
2887 3961 3104 4011 cavea*

1039 4026 1290 4092 liberati
1322 4030 1483 4113 pulli
1514 4052 1643 4095 non
1678 4037 2111 4117 pascerentur,
2144 4034 2351 4119 mergi
2387 4056 2495 4101 eos
2529 4034 2598 4099 in
2632 4054 2866 4120 aquam
2888 4032 3090 4099 ‘iussit
