3292 4559
718 219 825 288 56
1342 226 1421 280 M.
1459 223 1734 282 TULLII
1768 187 2169 280 CICERONIS

896 373 1089 435 quem
1131 358 1425 414 metuunt
1460 346 1758 411 oderunt:
1816 367 2008 428 quem
2042 345 2312 428 quisque
2350 347 2483 410 odit
2518 349 2778 432 periisse

2091 439 2350 524 expetit.

722 540 1067 604 multorum
1119 547 1337 601 autem
1388 533 1549 599 odiis
1602 533 1817 601 nullas
1865 554 2020 618 opes
2072 554 2260 618 posse
2325 533 2667 612 obsistere,
2729 536 2784 600 si

728 648 911 697 antea
946 623 1070 696 fuit
1104 630 1417 716 ignotum,
1453 651 1659 713 nuper
1694 638 1792 692 est
1827 627 2178 712 cognitum.
2245 649 2366 698 nec
2399 650 2555 693 vero
2591 628 2782 694 huius

728 727 985 812 QTanni
1030 726 1265 802 solum,
1312 745 1507 808 quem
1540 723 1736 788 armis
1773 743 2078 808 oppressa
2112 722 2374 807 pertulit
2407 722 2636 789 civitas
2671 747 2785 810 pa-

728 840 947 904 retque
983 843 1131 889 cum
1164 818 1443 889 maxime
1477 814 1751 891 mortue,
1787 816 2079 880 interitus
2115 816 2426 893 declarat,
2464 828 2788 900 quantum

728 920 947 980 odium
980 913 1313 980 hominum
1346 912 1558 977 valeat
1591 910 1676 975 ad
1711 920 1985 994 pestem,
2033 911 2148 974 sed
2180 910 2578 993 reliquorum
2611 911 2786 975 simi-

728 1012 816 1072 las
892 1009 1096 1075 exitus
1158 1017 1603 1091 tyrannorum,
1677 1025 1948 1086 quorum
2009 1003 2186 1068 haud
2245 1003 2379 1069 fere
2440 1005 2786 1089 quisquam

732 1108 923 1168 talem
964 1102 1293 1169 interitum
1323 1099 1558 1184 effugit
1566 1123 1585 1176 ;
1639 1098 1849 1165 malus
1883 1097 2054 1162 enim
2087 1108 2186 1162 est
2221 1109 2432 1162 custos
2470 1098 2787 1165 diuturni-

732 1200 876 1260 tatis
918 1205 1127 1261 metus
1177 1204 1523 1276 contraque
1571 1190 2016 1257 benevolentia
2058 1190 2262 1256 fidelis
2301 1190 2403 1256 vel
2438 1191 2522 1256 ad
2556 1214 2790 1277 perpe-

628 1320 676 1356 El
735 1292 1038 1354 mitatem.
1128 1286 1244 1352 sed
1276 1285 1377 1362 iis,
1410 1286 1527 1368 qui
1560 1285 1628 1349 vi
1661 1306 1999 1370 oppressos
2033 1284 2302 1370 imperio
2338 1290 2665 1360 coercent,
2705 1285 2790 1350 sit

732 1407 880 1448 same
934 1379 1297 1447 adhibenda
1350 1378 1645 1456 saevitia,
1699 1388 1774 1443 ut
1826 1378 1949 1444 eris
2001 1377 2069 1442 in
2120 1379 2427 1456 famulos,
2494 1379 2550 1444 si
2603 1379 2791 1445 aliter

732 1475 931 1540 reneri
972 1496 1107 1539 non
1146 1483 1443 1560 possunt:
1491 1473 1605 1556 qui
1638 1494 1791 1538 vero
1825 1473 1895 1536 in
1927 1472 2130 1538 libera
2166 1473 2420 1539 civitate
2453 1473 2548 1538 ita
2585 1496 2656 1538 se
2691 1473 2791 1538 in·

732 1579 1008 1644 struunt,
1061 1579 1136 1632 ut
1186 1577 1582 1643 metuantur,
1633 1566 1711 1629 iis
1765 1565 1923 1630 nihil
1967 1576 2178 1650 potest
2219 1560 2358 1631 esse
2405 1567 2786 1632 dementius.

732 1662 1020 1744 quamvis
1058 1663 1229 1729 enim
1264 1661 1391 1728 sint
1423 1661 1753 1726 demersae
1778 1660 1955 1744 leges
1983 1659 2252 1725 alicuius
2281 1660 2529 1746 opibus,
2559 1682 2790 1744 quam-

732 1760 824 1820 vis
880 1756 1204 1821 timefacta
1253 1756 1545 1830 libertae,
1596 1764 1934 1839 emergunt
1977 1763 2193 1819 tamen
2237 1754 2396 1819 haec
2442 1754 2789 1838 aliquando

732 1864 838 1912 aut
900 1851 1147 1918 iudiciis
1208 1849 1415 1914 tacitis
1480 1858 1594 1913 aut
1656 1848 1919 1916 occultis
1984 1848 2064 1912 de
2125 1848 2366 1913 honore
2429 1847 2757 1934 suffragiis
2768 1873 2788 1926 ,·.

732 1948 1001 2009 seriores
1046 1955 1264 2010 autem
1309 1965 1559 2008 morsus
1606 1953 1754 2007 sunt
1797 1941 2195 2007 intermissae
2237 1942 2544 2008 libertatis
2591 1963 2788 2025 quam

732 2050 1031 2104 retentae.
1122 2039 1297 2122 quod
1338 2037 1535 2122 igitur
1576 2036 1906 2100 latissume
1951 2046 2127 2121 patet
2169 2056 2378 2119 neque
2424 2036 2506 2100 ad
2539 2036 2787 2100 incolu—

728 2136 1014 2198 mitatem
1066 2134 1303 2207 solum,
1358 2131 1473 2196 sed
1527 2129 1717 2195 etiam
1770 2129 1852 2193 ad
1905 2151 2058 2214 opes
2113 2141 2177 2194 et
2219 2129 2570 2214 potentiam
2617 2131 2785 2196 valet

728 2228 1103 2308 plurimum,
1150 2225 1218 2289 id
1262 2225 1753 2308 amplectamur,
1799 2234 1872 2287 ut
1915 2234 2122 2288 metus
2167 2223 2364 2300 absit,
2410 2223 2646 2288 caritas
2686 2245 2784 2288 re·

736 2324 1036 2384 timeatur:
1084 2319 1175 2381 ita
1218 2316 1521 2381 facillime
1565 2337 1732 2399 quae
1768 2317 2054 2380 volemus
2091 2327 2156 2381 et
2189 2316 2453 2402 privatis
2487 2317 2556 2381 in
2590 2317 2786 2381 rebus

732 2428 792 2472 1321r
852 2412 917 2474 in
977 2433 1045 2474 re
1109 2409 1369 2494 publica
1422 2429 1907 2492 consequemur.
2013 2411 2246 2476 etenim
2300 2410 2410 2494 qui
2462 2433 2530 2475 se
2585 2410 2788 2474 metui

734 2532 764 2564 ν
776 2528 808 2568 a]
816 2508 974 2579 lent,
1026 2527 1067 2569 a
1120 2504 1355 2588 quibus
1406 2513 1799 2580 metuentur,
1854 2505 2116 2584 eosdem
2164 2516 2454 2570 metuant
2502 2505 2630 2590 ipsi
2671 2528 2788 2570 ne-

732 2624 907 2664 eesse
949 2611 1063 2664 est.
1154 2599 1309 2682 quid
1353 2599 1524 2664 enim
1570 2620 1904 2664 censemus
1951 2601 2344 2685 superiorem
2394 2601 2576 2665 illum
2619 2599 2789 2665 Dio-

732 2696 983 2776 nysium
1034 2716 1161 2778 quo
1216 2694 1504 2759 cruciatu
1556 2693 1798 2758 timoris
1847 2696 2000 2780 angi
2043 2695 2329 2773 solitum,
2381 2697 2495 2780 qui
2547 2697 2788 2761 cultros

732 2800 1017 2855 metuens
1066 2789 1380 2854 tonsorios
1417 2790 1731 2854 candente
1767 2789 2043 2856 carbone
2083 2790 2207 2859 sibi
2239 2789 2552 2856 adurebat
2586 2790 2788 2876 capil-

730 2888 900 2948 lum?
968 2885 1124 2968 quid
1175 2884 1623 2950 Alexandrum
1674 2883 2041 2948 Pheraeum
2093 2904 2222 2968 quo
2275 2884 2488 2949 animo
2543 2885 2785 2951 vixisse
2976 2870 2977 2908 ³

732 2979 1150 3042 arbitramur?
1220 2979 1364 3062 qui,
1425 2989 1500 3043 ut
1561 2978 1867 3062 scriptum
1927 2977 2234 3064 legimus,
2312 3001 2462 3044 cum
2512 3001 2789 3044 uxorem

728 3072 997 3135 “Nieben
1040 3072 1387 3136 admodum
1434 3072 1763 3156 diligeret,
1808 3082 2024 3136 tamen
2059 3072 2144 3137 ad
2179 3096 2321 3138 eam
2358 3095 2439 3138 ex
2473 3073 2681 3159 epulis
2714 3072 2786 3137 in

732 3164 1096 3229 {amiculum
1148 3167 1409 3231 veniens
1463 3167 1810 3232 barbarum
1861 3178 1922 3233 et
1972 3191 2117 3245 eum
2167 3168 2455 3252 quidem,
2509 3179 2586 3234 ut
2629 3168 2785 3234 scri-

732 3279 788 3340 μτ
804 3284 909 3321 um
962 3270 1089 3335 est,
1144 3271 1577 3345 conpunctum
1630 3261 1797 3326 notis
1844 3261 2174 3327 Thraeciis
2220 3262 2519 3327 destricto
2563 3262 2782 3346 gladio

732 3352 991 3417 iul.=ebat
1033 3354 1273 3420 anteire
1316 3354 1890 3440 praemittebatque
1937 3355 2019 3421 de
2053 3355 2464 3440 stipatoribus
2501 3355 2634 3420 suis
2670 3355 2784 3439 qui

728 3458 1159 3514 scrutarentur
1203 3450 1450 3515 arculas
1497 3449 1825 3515 muliebris
1873 3459 1966 3526 et,
2010 3473 2092 3516 ne
2125 3450 2300 3533 quod
2333 3451 2403 3514 in
2437 3450 2780 3515 vestimen-

728 3544 806 3604 tis
872 3541 1068 3630 telum
1132 3544 1584 3620 occultaretur,
1648 3543 2071 3626 exquirerent.
2180 3565 2219 3607 o
2269 3544 2600 3619 miserum,
2661 3543 2778 3625 qui

728 3636 1074 3700 fideli-orem
1110 3648 1176 3701 et
1208 3637 1555 3702 barbarum
1589 3646 1655 3702 et
1688 3637 2077 3722 stigmatiam
2110 3648 2364 3722 putaret
2397 3658 2592 3720 quam
2628 3657 2783 3701 con-

730 3728 969 3812 iugem!
1022 3751 1142 3795 nec
1193 3753 1344 3796 eum
1395 3730 1623 3794 fefellit
1633 3754 1653 3806 3
1707 3731 1790 3794 ab
1845 3753 1921 3796 ea
1973 3741 2069 3795 est
2123 3730 2295 3795 enim
2337 3731 2478 3815 ipsa
2521 3741 2785 3814 propter

728 3824 1033 3904 pelicatus
1080 3823 1495 3909 suspitionem
1542 3823 1932 3889 interfectus.
2019 3845 2142 3888 nec
2176 3846 2327 3889 vero
2362 3825 2495 3888 ulla
2529 3824 2628 3888 vis
2662 3825 2784 3888 im-

728 3916 884 3996 ]mrii
919 3925 1096 3980 tanta
1130 3929 1246 3993 est,
1284 3939 1450 4000 quae
1485 3929 1814 4002 premente
1851 3929 2027 3983 metu
2055 3918 2258 4003 possit
2283 3939 2422 3983 esse
2450 3917 2782 3981 diuturna:

640 4024 688 4060 2⁴1
728 4008 904 4072 testis
955 4018 1051 4072 est
1092 4009 1421 4088 Phalaris,
1476 4011 1658 4077 cuius
1712 4022 1810 4076 est
1859 4022 2111 4097 praeter
2153 4022 2395 4078 ceteros
2441 4010 2783 4077 nobilitata
