3292 4559
610 189 617 277 j
751 196 883 263 224
1356 208 1434 263 M.
1473 206 1747 265 'runnu
1777 204 2182 266 CICERONIS
2210 260 2212 262 ,

875 332 967 396 Μ.
1014 332 1249 395 Tullius
1304 334 1377 395 de
1428 353 1495 395 re
1527 330 1706 415 publ.
1756 329 1859 393 lib.
1896 330 2066 393 IIII
2063 354 2086 392 .-
2153 328 2374 414 Atque
2427 329 2565 417 ipsa
2611 354 2790 397 mens

748 448 855 501 ea,
924 446 1091 508 quae
1160 423 1379 489 futura
1447 423 1652 500 videt,
1721 422 2062 507 praeterita
2121 422 2430 489 meminit.
2525 422 2793 508 (Nonius

747 518 977 594 VIIII,
1013 540 1076 603 p.
1112 516 1295 602 500.)

876 612 1201 676 Praeclare
1234 615 1437 696 itaque
1470 612 1562 677 M.
1608 612 1848 675 Tullius
1899 607 2161 674 Etenim
2205 610 2261 673 si
2304 632 2494 677 nemo
2537 621 2662 687 est,-
2701 616 2798 676 in-

747 708 897 792 quit,
933 704 1091 789 quin
1125 704 1324 769 emori
1359 704 1537 768 malit
1572 725 1767 788 quam
1801 704 2084 768 converti
2115 704 2186 767 in
2224 703 2506 787 aliquam
2530 705 2798 791 figuram

746 799 987 865 bestiae
999 846 1018 876 ,
1066 798 1358 884 quamvis
1392 797 1686 863 hominisx
1703 807 1982 862 mentem
2025 796 2110 862 sit
2151 798 2516 876 habiturus,
2562 812 2798 884 quanto

748 904 846 958 est
880 892 1171 958 miserius
1206 894 1274 957 in
1307 892 1580 958 hominis
1616 892 1826 977 figura
1860 891 2072 960 animo
2107 914 2247 960 esse
2282 892 2586 959 efferato?
2643 894 2796 957 mihi

747 985 1009 1070 quidem
1059 997 1236 1051 tanto
1290 985 1571 1063 videtur,
1622 997 1877 1069 quanto
1914 986 2355 1077 praestabilior
2408 999 2504 1052 est
2549 988 2796 1054 animus

748 1101 1031 1165 corpore.
1111 1080 1517 1162 (Lactantius
1563 1080 1721 1144 Inst.
1761 1082 1881 1143 div.
1917 1079 2003 1156 V,
2042 1080 2143 1143 11.
2225 1081 2305 1165 cf.
2343 1078 2483 1145 cic.
2520 1084 2595 1146 de
2638 1082 2796 1169 offic.

875 1266 1157 1351 Denique
1200 1267 1502 1351 eleyerunt
1536 1264 1788 1350 (Stoici)
1830 1268 1898 1329 in
1921 1268 2246 1352 pecoribus
2269 1272 2481 1353 potius
2516 1291 2703 1355 quam
2733 1272 2796 1332 in

748 1360 1118 1434 hominibus,
1169 1362 1335 1447 quod
1369 1371 1435 1422 tu
1453 1360 1643 1444 facis,
1691 1361 1943 1425 laudare
1979 1361 2289 1425 libidines.-
2337 1384 2544 1427 eorwm
2580 1365 2802 1449 quippe

748 1460 1024 1544 opinioni
1066 1459 1475 1529 convenienter
1520 1460 1610 1521 ait
1654 1460 1919 1543 quodam
1963 1454 2090 1521 loeo
2132 1459 2370 1523 Tullius
2415 1480 2486 1523 se
2517 1480 2651 1525 non
2681 1480 2804 1543 pu-

746 1562 883 1617 tare
922 1549 1097 1617 idem
1140 1574 1279 1617 esse
1324 1551 1537 1615 arietis
1580 1561 1646 1616 et
1686 1550 1906 1615 Publii
1939 1549 2235 1615 Africani
2277 1551 2539 1618 bonum.
2626 1550 2802 1635 (Au-

748 1644 1042 1731 gustinus
1079 1657 1289 1710 contra
1321 1646 1553 1709 Iulian.
1589 1645 1803 1729 Pelaq.
1840 1642 1962 1721 IV,
1998 1665 2054 1708 e.
2096 1644 2228 1731 12.)
2758 1646 2768 1655 ‘

878 1739 970 1803 Μ.
1025 1740 1261 1804 Tullius
1309 1742 1383 1802 de
1420 1759 1487 1802 re
1534 1738 1705 1819 publ.
1754 1738 1857 1801 lib.
1903 1738 2066 1803 IIII
2071 1763 2093 1801 .-
2145 1738 2498 1829 eademque
2548 1738 2804 1805 obiectu

750 1854 867 1899 suo
910 1832 1203 1897 umbram
1245 1843 1624 1915 noctemque
1671 1829 1938 1908 efficiat,
1985 1851 2133 1897 eum
2177 1831 2260 1897 ad
2293 1854 2634 1900 numerum
2672 1833 2806 1897 die-

748 1948 892 1990 rum
926 1937 1144 2011 aptam
1176 1937 1313 1994 tum
1348 1925 1431 1992 ad
1463 1926 1754 1993 laborum
1791 1924 2090 2010 quietem.
2180 1926 2458 2008 (Nonius
2495 1950 2554 1991 ν.
2593 1939 2804 2013 aptam

876 2114 969 2177 M.
1007 2116 1244 2177 Tullius
1280 2116 1352 2177 cle
1384 2136 1451 2177 re
1475 2114 1729 2198 publica
1765 2112 1869 2177 lib.
1907 2124 2157 2199 quarto:
2191 2134 2466 2197 eumque
2495 2125 2804 2178 autumno

748 2218 948 2272 terras
983 2210 1069 2273 ad
1102 2206 1545 2291 concipiendas
1581 2206 1801 2291 fruges
1836 2205 2238 2291 patefecerit,
2283 2206 2494 2280 hieme
2531 2204 2617 2271 ad
2652 2228 2802 2273 eon·-

747 2299 1051 2365 fioiendas
1093 2299 1423 2375 relaxarit,
1468 2302 1502 2379 †
1537 2299 1792 2364 afistula
1831 2299 2192 2365 maturitate
2237 2300 2362 2365 alia
2395 2300 2797 2387 mitigaverit,

750 2393 876 2457 alia
910 2393 1224 2457 torruerit.
1312 2391 1591 2475 (Nonius
1627 2415 1690 2459 v,
1725 2396 1892 2457 mido
1925 2414 1990 2477 p.
2025 2392 2208 2478 343.)

876 2487 970 2548 Μ.
1015 2486 1251 2551 Tullius
1288 2489 1361 2551 de
1392 2507 1459 2549 re
1481 2486 1662 2570 publ.
1703 2488 1808 2551 lib.
1843 2487 2032 2551 IIII.-
2067 2508 2218 2551 eum
2251 2486 2557 2553 adhibent
2587 2488 2659 2553 in
2688 2509 2798 2574 pe-

664 2576 915 2715 2<nida
947 2597 1255 2665 pastores.
1340 2578 1619 2659 (Nonius
1655 2602 1718 2645 v.
1743 2583 1984 2665 pecuda
2015 2603 2081 2667 p.
2120 2579 2298 2667 159.)

664 2660 699 2773 ξ
750 2695 813 2758 Ρ.
855 2669 1031 2756 111.j
1085 2672 1192 2709 *¹*
1228 2672 1265 2709 ⁴*
1312 2669 1323 2757 Ι
1369 2672 1663 2758 gratiam.
1752 2694 1948 2757 quam
2001 2674 2334 2740 commode
2383 2673 2640 2739 ordines
2691 2676 2802 2741 de·-

752 2765 998 2853 scripti,
1043 2777 1302 2843 aetates,
1348 2767 1605 2844 classes,
1648 2768 2001 2851 equitatus,
2044 2768 2116 2833 in
2147 2790 2275 2853 quo
2309 2768 2620 2854 suffragia.
2653 2780 2798 2835 sunt

750 2862 942 2928 etiam
994 2872 1282 2938 senatus,
1332 2861 1521 2925 nimis
1573 2860 1790 2925 multis
1833 2862 1966 2927 iam
2017 2862 2208 2929 stulte
2251 2862 2418 2928 hane
2460 2860 2796 2928 utilitatem

750 2956 886 3019 tolli
924 2954 1346 3040 cupientibus,
1382 2953 1495 3038 qui
1528 2974 1764 3021 novam
1797 2954 2197 3040 largitionem
2234 2954 2552 3040 quaerunt
2585 2956 2799 3041 aliquo

748 3048 960 3132 plebei
996 3048 1154 3112 scito
1188 3047 1657 3115 reddendorum
1691 3068 2022 3131 equorum.

664 3135 699 3188 3
880 3137 1297 3206 Considerate
1341 3162 1513 3207 nune
1559 3151 1770 3209 estere
1805 3163 2000 3225 quem
2033 3142 2160 3207 sint
2192 3142 2450 3227 provisa
2481 3142 2799 3227 sapienter

672 3207 698 3245 ³
749 3233 835 3299 ad
875 3233 1051 3303 illam
1088 3234 1327 3299 civium
1360 3236 1549 3301 beate
1584 3245 1648 3301 et
1681 3234 1946 3301 honeste
1979 3233 2236 3301 vivendi
2269 3235 2672 3313 societatem,
2653 3262 2670 3277 ·
2724 3261 2800 3301 ea

747 3350 811 3413 Ρ.
852 3324 1031 3413 112.]
1076 3338 1173 3393 est
1206 3328 1376 3393 enim
1413 3326 1425 3413 Ι
1460 3328 1670 3415 prima
1704 3350 1898 3395 eausa
1931 3328 2201 3396 coeundi
2233 3338 2300 3393 et
2330 3327 2402 3393 id
2433 3328 2800 3395 hominibus

749 3422 920 3487 effici
962 3444 1045 3487 ex
1085 3444 1155 3488 re
1197 3421 1458 3507 publica
1492 3421 1684 3489 debet
1717 3422 1952 3533 partim
1985 3422 2322 3499 institutis,
2363 3420 2492 3488 alis
2523 3422 2796 3509 legibus.

746 3514 1059 3601 principio
1104 3514 1504 3601 disciplinam
1548 3515 1862 3601 puerilem
1903 3515 2228 3603 ingenuis,
2273 3516 2356 3581 de
2396 3536 2530 3599 qua
2564 3515 2796 3585 Graeci

748 3612 1022 3675 multum
1056 3610 1292 3675 frustra
1322 3609 1696 3677 laborarunt
1727 3620 1792 3677 et
1823 3610 1892 3677 in
1925 3632 2055 3694 qua
2087 3632 2220 3679 una
2243 3609 2560 3695 Polybius
2585 3622 2802 3677 noster

750 3703 983 3789 hospes
1049 3712 1412 3769 nostrorum
1480 3703 1915 3772 institutorum
1982 3703 2452 3789 neglegentiam
2519 3714 2804 3780 accusat,

748 3796 991 3861 nullam
1053 3807 1290 3861 certam
1342 3808 1457 3863 aut
1508 3796 1888 3863 destinatam
1939 3796 2190 3882 legibus
2235 3814 2345 3863 aut
2385 3796 2646 3882 publice
2691 3820 2802 3864 ex-

747 3890 1021 3971 positam
1056 3902 1167 3955 aut
1198 3914 1395 3957 unam
1429 3890 1716 3965 omnium
1749 3913 1888 3957 esse
1922 3890 2278 3957 voluerunt.
2363 3910 2515 3956 nam
2549 3889 2587 3924 *¹*
2623 3890 2660 3923 *
2697 3892 2734 3929 ⁴¹³

1024 3982 1499 4069 [Desiderantwr
1531 3987 1850 4049 minimum
1886 3996 2170 4069 quattuor
2193 3985 2521 4072 popinae]
