3292 4559
975 320 1084 377 DE
1118 317 1637 378 DIVINATIONE
1671 320 1720 376 1.
1755 320 2062 377 119-124.
2421 307 2546 373 163

474 446 550 515 id
594 443 1002 531 contigisset.
1096 443 1381 510 eiusdem
1432 444 1688 529 generis
1742 445 1935 511 etiam
1986 444 2147 511 illud
2191 456 2316 524 est,
2369 445 2544 531 quod

476 541 702 609 scribit
730 538 1113 609 Herodotus
1151 534 1376 605 Croesi
1408 539 1644 616 filium,
1693 560 1842 603 cum
1877 551 2045 607 esset
2077 540 2318 619 infans,
2364 542 2543 608 locu·

476 649 647 715 tum3
681 656 817 720 quo
853 644 1105 703 ostento
1138 654 1413 721 regnum
1447 633 1645 719 patris
1675 644 1741 697 et
1775 634 2037 699 domum
2069 634 2358 702 funditus
2385 658 2543 703 con-

480 731 727 797 cidisse.
859 740 1055 815 caput
1116 728 1347 796 arsisse
1410 725 1637 794 Servio
1691 726 1904 794 Tullio
1966 728 2304 796 dormienti
2375 751 2542 816 quae

476 826 758 893 historia·
778 847 913 891 non
945 823 1265 911 prodidit?
1306 834 1381 890 ut
1413 822 1611 909 igitur
1644 823 1755 907 qui
1789 846 1862 889 se
1895 824 2090 889 tradit
2122 824 2321 909 quieti
2354 848 2540 912 prae·-

474 933 703 1008 parato
749 920 963 987 animo
1010 941 1160 985 cum
1211 917 1397 984 bonis
1444 918 1968 1005 cogitationibus,
2022 928 2160 983 tum
2209 919 2402 985 rebus
2454 920 2542 985 ad

470 1013 1005 1099 tranquillitatem
1058 1011 1561 1079 adcommodatis
1570 1060 1590 1091 ,
1658 1022 1832 1079 certa
1885 1022 1948 1079 et
2007 1034 2163 1078 vera
2213 1013 2414 1079 cernit
2470 1016 2540 1079 in

468 1111 746 1193 somnis,
780 1110 869 1175 sic
894 1118 1108 1175 castus
1135 1110 1383 1174 animus
1411 1128 1742 1194 purusque
1766 1108 2090 1195 vigilantis
2118 1118 2184 1175 et
2209 1107 2294 1173 ad
2321 1108 2538 1173 avium

468 1216 541 1273 et
575 1206 662 1271 ad
691 1216 985 1271 extorum
1021 1204 1539 1289 reliquorumque
1575 1204 1904 1289 signorum
1932 1203 2266 1270 veritatem
2293 1213 2390 1270 est
2423 1226 2538 1290 pa·-

470 1300 689 1365 ratior.
782 1299 907 1364 hoc
939 1299 1240 1363 nimirum
1278 1308 1375 1365 est
1406 1298 1597 1375 illud,
1644 1297 1820 1386 quod
1866 1298 1946 1365 de
1985 1296 2251 1366 Socrate
2285 1300 2641 1387 accepi-54

473 1416 617 1459 mus
654 1392 965 1478 quodque
1012 1394 1098 1457 ab
1139 1392 1280 1479 ipso
1316 1392 1383 1457 in
1425 1391 1604 1457 libris
1642 1384 2115 1459 Socraticorum
2151 1416 2342 1479 saepe
2377 1394 2535 1459 dici-

466 1500 597 1565 tur,
632 1510 775 1553 esse
814 1486 1101 1552 divinum
1139 1486 1466 1570 quiddam,
1502 1487 1679 1570 quod
1716 1486 2056 1569 δαιμόνιον
2093 1489 2391 1575 appellat,
2429 1489 2534 1555 cui

463 1603 726 1668 semper
768 1580 915 1666 ipse
957 1581 1267 1666 paruerit,
1312 1602 1668 1665 numquam
1711 1581 2072 1668 inpellenti,
2121 1605 2314 1669 saepe
2347 1604 2532 1648 revo-

466 1678 662 1744 canti.
738 1686 807 1742 et
842 1672 1139 1743 Socrates
1174 1674 1437 1759 quidem
1452 1708 1543 1723 -—··
1558 1696 1687 1760 quo
1722 1696 1915 1759 quem
1951 1687 2278 1742 auctorem
2311 1677 2534 1743 melio-

463 1795 603 1837 rem
651 1768 1064 1855 quaerimus?
1096 1804 1186 1816 -
1214 1768 1638 1855 Xenophonti
1683 1770 2037 1835 consulenti
2079 1781 2532 1853 sequereturne

466 1864 725 1951 Cyrum
737 1910 759 1941 ,
804 1854 1035 1950 postea
1064 1884 1259 1948 quam
1294 1864 1589 1949 exposuit
1623 1884 1791 1947 quae
1824 1863 1950 1949 ipsi
1981 1864 2392 1942 videbantur,
2438 1872 2534 1931 ‘et

462 1972 767 2025 nostrum
804 1957 1092 2041 quidem'
1126 1959 1335 2043 inquit
1370 1958 1754 2022 ‘humanum
1783 1968 1882 2023 est
1908 1956 2274 2035 consilium,
2310 1958 2424 2023 sed
2451 1958 2532 2024 de

462 2054 663 2120 rebus
701 2066 770 2118 et
815 2052 1105 2117 obscuris
1148 2062 1213 2117 et
1255 2051 1514 2119 incertis
1558 2049 1643 2115 ad
1677 2051 2050 2137 Apollinem
2095 2072 2324 2117 censeo
2367 2052 2533 2118 refe-

463 2145 807 2223 rundum,'
846 2146 931 2211 ad
964 2167 1157 2230 quem
1190 2146 1384 2213 etiam
1403 2144 1833 2211 Athenienses
1867 2145 2125 2232 publice
2161 2146 2242 2212 de
2275 2146 2533 2212 maiori-

2563 1381 2637 1419 122

462 2242 594 2306 bus
630 2240 829 2307 rebus
873 2260 1128 2326 semper
1167 2240 1566 2306 rettulerunt.
1655 2240 1964 2325 scriptum
1999 2251 2096 2305 est
2139 2240 2293 2307 item
2306 2289 2324 2318 ,
2382 2263 2530 2307 cum
2557 2259 2632 2299 123

462 2333 768 2400 Critonis
812 2333 908 2399 sui
952 2332 1282 2399 familiaris
1318 2335 1576 2401 oculum
1612 2334 1964 2421 adligatum
1999 2334 2290 2413 vidisset,
2335 2356 2532 2420 quae-

462 2426 707 2494 sivisse
759 2428 911 2511 quid
955 2438 1153 2505 esset,
1206 2450 1354 2493 cum
1398 2438 1613 2494 autem
1647 2428 1755 2493 ille
1787 2428 2216 2513 respondisset
2261 2429 2330 2493 in
2375 2452 2532 2516 agro

468 2521 830 2587 ambulanti
863 2522 1184 2587 ramulum
1218 2522 1585 2601 adductum,
1620 2534 1694 2587 ut
1726 2523 2032 2589 remissus
2059 2532 2247 2601 esset,
2280 2524 2350 2589 in
2376 2546 2530 2590 ocu-

468 2616 607 2679 lum
648 2636 847 2681 suum
886 2614 1217 2692 recidisse,
1270 2625 1408 2680 tum
1454 2614 1782 2683 Socrates:
1837 2623 1997 2681 ‘non
2041 2616 2212 2684 enim
2262 2617 2531 2703 paruisti

472 2710 627 2775 mihi
671 2710 1032 2789 revocanti,
1085 2732 1240 2776 cum.
1278 2722 1491 2777 uterer
1533 2732 1666 2796 qua
1709 2712 1882 2777 soleo
1926 2712 2396 2798 praesagitione
2434 2712 2530 2776 di-

472 2804 663 2869 vina.’
754 2804 929 2870 idem
984 2805 1177 2869 etiam
1232 2802 1562 2882 Socrates,
1616 2827 1765 2870 cum
1816 2806 1992 2891 apud
2041 2804 2310 2871 Delium
2361 2806 2529 2870 male

467 2910 834 2986 pugnatum
880 2910 1050 2965 esset
1091 2898 1381 2965 Lachete
1423 2910 1716 2985 praetore
1758 2899 2139 2986 fugeretque
2185 2922 2334 2966 cum
2389 2900 2530 2986 ipso

467 2994 792 3071 Lachete,
846 3003 920 3057 ut
970 3004 1235 3059 ventum
1287 3005 1386 3060 est
1434 2995 1503 3059 in
1554 2993 1844 3070 trivium,
1898 2993 2120 3060 eadem
2166 3016 2296 3079 qua
2338 2996 2532 3061 ceteri

464 3088 698 3176 fugere
750 3087 988 3154 noluit·
1042 3088 1277 3173 quibus
1329 3087 1784 3174 quaerentibus
1829 3109 1943 3153 cur
1985 3110 2114 3154 non
2158 3088 2384 3155 eadem
2425 3092 2548 3163 via,

464 3192 799 3271 pergeret,
854 3181 1157 3249 deterreri
1200 3206 1269 3249 se
1306 3206 1346 3247 a
1392 3182 1513 3249 deo
1557 3181 1746 3259 dixit3
1798 3203 1945 3247 cum
1989 3182 2310 3267 quidem
2291 3185 2368 3264 11,
2421 3186 2531 3269 qui

461 3278 596 3343 alia
630 3278 741 3343 via
772 3275 1096 3361 fugerant,
1130 3276 1199 3343 in
1231 3276 1513 3342 hostium
1549 3277 1904 3361 equitatum
1937 3276 2316 3344 inciderunt.
2386 3302 2532 3363 per-

462 3371 681 3435 multa
728 3371 1019 3436 conlecta
1070 3382 1221 3436 sunt
1272 3371 1357 3436 ab
1407 3371 1786 3457 Antipatro,
1849 3393 2016 3455 quae
2067 3372 2442 3437 mirabibter
2492 3396 2532 3437 a

466 3462 749 3531 Socrate
798 3465 1085 3529 divinata
1135 3476 1283 3531 sunt
1295 3489 1313 3542 ;
1378 3484 1545 3548 quae
1595 3465 2124 3550 praetermittam:
2189 3464 2308 3529 tibi
2360 3464 2531 3528 enim

462 3568 625 3624 nota
679 3569 859 3637 sunt,
920 3559 1081 3623 mihi
1143 3560 1229 3625 ad
1280 3559 1910 3625 commemorandum
1970 3580 2102 3622 non
2150 3559 2528 3623 necessaria.

466 3654 629 3719 illud
677 3666 896 3719 tamen
947 3654 1086 3720 eius
1129 3654 1493 3741 philosophi
1536 3654 1954 3744 magnificum
1999 3675 2077 3718 ac
2119 3674 2324 3739 paene
2369 3654 2530 3718 divi-

468 3771 650 3826 num,
685 3748 881 3835 quod,
920 3770 1066 3814 cum
1094 3749 1307 3836 impiis
1333 3750 1662 3816 sententiis
1693 3748 2032 3814 damnatus
2061 3758 2248 3825 esset,
2275 3747 2531 3831 aequis-

470 3842 633 3909 simo
672 3843 889 3909 animo
925 3866 994 3909 se
1031 3844 1193 3910 dixit
1234 3845 1425 3910 mori:
1470 3865 1681 3929 neque
1728 3844 1900 3909 enim
1943 3842 2132 3907 domo
2179 3841 2531 3928 egredienti

472 3958 683 4021 neque
716 3937 883 4003 illud
926 3950 1332 4025 suggestum,
1386 3938 1454 4002 in
1496 3958 1625 4022 quo
1675 3948 1934 4003 causam
1979 3936 2256 4014 dixerat,
2309 3958 2532 4002 ascen-

470 4029 647 4096 denti
707 4031 969 4119 signum
1024 4033 1147 4099 sibi
1201 4034 1405 4099 ullum
1451 4032 1626 4117 quod
1673 4042 2042 4097 consuesset
2086 4054 2127 4096 a
2173 4028 2293 4098 deo
2347 4031 2531 4117 quasi

464 4126 621 4193 mali
658 4127 929 4195 alicuius
964 4128 1367 4217 inpendentis
1405 4128 1645 4193 datum.

2085 4227 2152 4282 11
2165 4231 2188 4257 ⁸

2558 3668 2633 3707 124
