3292 4559
1166 223 1272 276 DE
1306 223 1406 277 RE
1442 221 1784 302 PUBLIGA
1817 223 1864 278 1.
2041 205 2046 214 ’
2419 207 2542 278 147

480 339 639 411 quod
666 337 777 408 ipsi
804 340 1255 406 corrumpuntur,
1294 334 1393 390 sed
1432 334 1601 390 etiam
1630 335 1780 404 quod
1803 341 2162 406 corrumpunt
2186 337 2424 408 plusque
2451 349 2542 394 ex-

476 416 675 486 emplo
702 429 874 484 quam
896 419 1133 482 peccato
1156 418 1380 466 nocent.
1454 417 1621 482 atque
1648 413 1792 467 haec
1809 411 1925 481 lex,
1956 413 2196 469 dilatata
2212 415 2272 468 in
2295 415 2544 470 ordinem

478 497 779 559 cunctum,
819 489 1178 562 coangustari
1205 489 1379 544 etiam
1402 493 1614 558 potest3
1650 489 1820 558 pauci
1855 489 2003 544 enim
2039 496 2208 561 atque
2246 492 2544 546 admodum

478 569 655 641 pauci
690 569 900 622 honore
935 574 995 621 et
1028 565 1211 638 gloria
1249 563 1576 636 amplificati
1600 566 1693 620 vel
1717 581 2069 636 corrumpere
2095 584 2276 624 mores
2305 568 2543 623 civitatis

480 648 576 704 vel
612 647 898 718 corrigere
924 650 1177 715 possunt.
1245 644 1348 699 sed
1374 643 1515 699 haec
1542 647 1601 698 et
1624 659 1776 698 nunc
1803 644 1940 698 satis
1967 651 2026 700 et
2049 645 2110 699 in
2137 646 2248 700 illis
2264 645 2422 702 libris
2447 647 2543 718 (de

476 742 543 780 re
568 723 828 794 publica)
862 727 1109 776 tractata
1134 727 1269 776 sunt
1295 720 1645 794 diligentius:
1686 737 1798 791 qua
1823 737 1884 776 re
1913 722 1988 776 ad
2003 722 2222 793 reliqua
2238 723 2542 778 veniamus.

478 803 567 874 (de
584 805 719 871 leyy.
738 799 851 868 III,
872 799 981 871 32.)
998 829 1071 840 --
1086 799 1227 854 Cum
1246 815 1281 853 a
1297 798 1476 869 primo
1502 798 1658 852 urbis
1686 803 1812 852 ortu
1827 799 1999 870 regiis
2015 799 2284 854 institutis
2296 839 2311 868 ,
2337 799 2544 869 partim

477 879 657 934 etiam
674 877 916 948 legibus,
955 877 1225 947 auspicia,
1264 875 1654 946 caerimoniae,
1693 876 1936 945 comitia,
1971 876 2414 950 provocationes,
2442 893 2542 946 ps.6

474 964 629 1010 trum
656 953 967 1023 eonsilium,
1006 954 1255 1024 equitum
1280 953 1643 1023 peditumque
1671 952 1958 1023 discriptio
1971 993 1986 1022 ,
2023 957 2145 1008 tota
2169 969 2260 1008 res
2287 952 2544 1006 militaris

478 1031 751 1088 divinitus
780 1036 927 1085 esset
954 1030 1284 1100 constituta,
1322 1035 1442 1084 tum
1466 1029 1787 1102 progressio
1815 1029 2158 1085 admirabilis
2177 1028 2542 1085 incredibilis-

480 1125 594 1180 que
632 1124 827 1162 cursus
865 1107 939 1162 ad
976 1124 1196 1162 omnem
1232 1106 1620 1162 excellentiam
1653 1107 1839 1161 factus
1867 1113 1956 1161 est
1979 1107 2269 1161 dominatu
2293 1107 2454 1178 regio
2481 1123 2542 1162 re

479 1185 719 1256 publica
742 1185 1001 1240 liberata.
1071 1201 1177 1239 nec
1203 1201 1335 1239 vero
1364 1183 1457 1238 hic
1487 1185 1643 1238 locus
1667 1190 1778 1252 est,
1813 1189 1880 1238 ut
1895 1184 1966 1240 de
1987 1184 2234 1238 moribus
2251 1183 2542 1238 institutis-

475 1279 595 1334 que
645 1263 919 1316 maiorum
964 1267 1023 1316 et
1068 1262 1367 1332 disciplina.
1402 1278 1469 1316 ac
1502 1262 1910 1332 temperatione
1945 1263 2188 1316 civitatis
2221 1262 2542 1332 loquamurz

478 1342 613 1396 aliis
639 1341 785 1395 haee
811 1339 947 1394 locis
977 1339 1115 1394 satis
1144 1344 1405 1395 accurate
1434 1356 1471 1393 a
1494 1339 1660 1393 nobis
1685 1338 1840 1394 dicta
1865 1345 1998 1394 sunt
2021 1340 2370 1410 maximeque
2397 1338 2544 1394 iniis

479 1435 584 1473 sex
618 1416 807 1486 libris,
845 1433 983 1487 quos
1021 1417 1091 1472 de
1126 1433 1188 1472 re
1221 1416 1455 1486 publica
1480 1416 1817 1486 scripsimus.
1866 1417 2044 1488 (Mc.
2081 1419 2211 1487 disp.
2239 1416 2345 1486 IV,
2373 1416 2448 1488 1.)
2475 1445 2546 1458 --

474 1495 653 1560 Quod
678 1493 829 1548 idem
854 1493 1093 1564 (animos
1120 1493 1405 1548 hominum
1434 1510 1555 1548 esse
1584 1492 1807 1547 divinos
1835 1492 2040 1564 iisque,
2077 1508 2205 1548 cum
2223 1511 2292 1549 ex
2311 1510 2542 1566 corpore

474 1571 879 1639 excessissent,
924 1571 1168 1625 reditum
1192 1571 1274 1624 .in
1310 1570 1529 1626 caelum
1562 1575 1758 1640 patere
1795 1571 2114 1640 optimoque
2151 1577 2210 1627 et
2241 1571 2543 1626 iustissimo

479 1649 691 1718 cuique
736 1646 1236 1718 expeditissimum)
1285 1645 1533 1717 Scipioni
1566 1647 1890 1724 videbatur,
1945 1648 2042 1717 qui
2085 1648 2336 1718 quidem,
2383 1647 2544 1717 quasi

476 1724 865 1797 praesagiret,
900 1724 1197 1793 perpaucis
1226 1729 1357 1778 ante
1384 1729 1619 1778 mortem
1647 1724 1874 1792 diebus,
1911 1739 2038 1778 cum
2057 1729 2114 1778 et
2131 1723 2329 1778 Philus
2347 1728 2406 1778 et
2421 1724 2542 1777 Ma·

478 1803 655 1856 nilius
674 1801 937 1856 adessent
954 1805 1013 1854 et
1030 1799 1128 1854 alii
1145 1801 1351 1871 plures,
1389 1803 1561 1869 tuque
1582 1799 1771 1868 etiam,
1809 1799 2101 1870 Scaevola,
2129 1817 2348 1855 mecum
2364 1799 2542 1854 venis-

478 1896 603 1947 ses,
640 1877 887 1932 triduum
904 1876 1166 1931 disseruit
1184 1876 1253 1930 de
1273 1893 1334 1931 re
1351 1875 1607 1947 publica,
1646 1876 1804 1930 cuius
1826 1877 2220 1948 disputationis
2235 1877 2346 1930 fuit
2364 1881 2541 1932 extre·

478 1973 637 2010 mum
662 1953 783 2009 fere
812 1954 883 2008 de
908 1953 1309 2008 inmortalitate
1340 1953 1674 2022 animorum,
1715 1968 1859 2023 quae
1887 1971 1946 2008 se
1965 1953 2024 2007 in
2043 1955 2229 2024 quiete
2247 1970 2350 2024 per
2366 1955 2544 2007 visum

476 2051 553 2088 ex
580 2031 852 2086 Africano
890 2029 1110 2084 audisse
1148 2029 1391 2085 dicebat.
1430 2029 1600 2102 (Lael.
1634 2029 1682 2101 ξ.
1716 2027 1825 2102 14.)
1843 2031 2019 2086 —De
2045 2031 2154 2086 hoc
2189 2049 2396 2102 genere
2423 2035 2542 2085 toto
2629 2081 2637 2086 ,

478 2111 582 2181 (de
628 2107 1021 2180 largItionibus
1064 2107 1457 2180 popularibus)
1500 2107 1560 2162 in
1594 2107 1664 2160 iis
1697 2108 1884 2176 libris,
1939 2123 2077 2178 quos
2114 2109 2184 2164 de
2217 2125 2280 2163 re
2312 2109 2545 2178 publica

474 2187 709 2256 scripsi,
749 2185 1049 2256 diligenter
1076 2191 1161 2240 est
1186 2185 1547 2254 disputatum.
1586 2184 1672 2256 (de
1691 2184 1832 2256 offic.
1851 2185 1928 2254 II,
1951 2186 2060 2257 60.)
2077 2215 2147 2225 ——
2166 2184 2279 2241 Sed
2302 2185 2443 2240 heus
2461 2189 2541 2254 tu,
2612 2191 2617 2194 '

482 2263 703 2336 πυροὺς
729 2261 805 2318 εἰς
834 2261 1008 2329 δῆμον
1034 2261 1309 2316 Athenis?
1344 2263 1536 2331 placet
1569 2261 1682 2316 hoc
1712 2262 1854 2316 tibi?
1890 2261 1997 2316 etsi
2029 2279 2143 2317 non
2178 2262 2545 2333 inpediebant

474 2340 599 2396 mei
625 2345 775 2394 certe
799 2337 958 2408 libri3
992 2353 1107 2393 non
1135 2339 1283 2394 enim
1308 2339 1419 2392 ista
1446 2337 1672 2410 largitio
1699 2339 1808 2392 fuit
1823 2341 1884 2393 in
1903 2339 2061 2409 civis,
2098 2337 2276 2394 sedin
2293 2340 2542 2411 hospites

474 2415 813 2472 liberalitas.
844 2415 940 2488 (ad
953 2415 1059 2470 Ait.
1078 2415 1181 2484 VI,
1202 2416 1254 2484 6,
1274 2415 1353 2488 2.)
1370 2445 1439 2456 --
1455 2415 1581 2489 Ego
1600 2428 1635 2470 a
1651 2420 1708 2470 te
1725 2421 1879 2486 peto,
1899 2415 2081 2487 inquit
2091 2407 2458 2487 Pomponius,
2479 2419 2544 2472 ut

472 2493 699 2549 scribas
726 2493 967 2562 aliquid3
1002 2492 1116 2546 iam
1139 2491 1358 2562 pridem
1385 2493 1533 2548 enim
1561 2493 1950 2550 conticuerunt
1975 2499 2109 2549 tua-e
2127 2495 2374 2550 litterae:
2409 2511 2542 2550 nam

475 2579 545 2626 ut
570 2571 699 2624 illos
727 2571 799 2625 de
826 2587 888 2628 re
916 2569 1146 2639 publica
1174 2569 1347 2624 libros
1378 2568 1629 2639 edidisti,
1665 2571 1808 2624 nihil
1826 2588 1861 2625 a
1879 2576 1935 2626 te
1955 2589 2091 2626 sane
2107 2577 2306 2640 postea
2325 2572 2542 2643 accepi-

472 2665 635 2715 must,
673 2645 865 2717 >eisque
892 2652 1112 2701 nosmet
1137 2645 1246 2716 ipsi
1276 2646 1349 2700 ad
1375 2653 1625 2702 veterum
1648 2664 1835 2700 rerum
1869 2655 2184 2702 nostrarum
2219 2648 2542 2704 memoriam

472 2722 1050 2793 conprehendendam
1067 2723 1215 2793 pulsi
1235 2728 1403 2794 atque
1421 2722 1634 2777 incensi
1653 2739 1856 2776 sumus.
1892 2723 2067 2794 (Brut.
2090 2724 2137 2792 §-
2159 2724 2268 2795 19.)

586 2801 999 2871 Argumentum
1015 2800 1183 2870 primi
1199 2799 1333 2856 libri
1349 2801 1458 2854 hoc
1478 2803 1591 2854 est:

588 2875 789 2930 Cicero
814 2881 1111 2947 postquam
1140 2875 1545 2931 dubitationem
1566 2874 1640 2930 ad
1657 2891 1774 2928 rem
1789 2874 2076 2944 publicam
2095 2875 2340 2930 adeundi
2355 2875 2415 2928 in
2429 2875 2542 2946 pri·

473 2953 588 3008 mis
614 2952 812 3007 tollere
839 2958 1075 3007 conatus
1104 2959 1191 3008 est
1218 2954 1289 3025 (c.
1311 2953 1413 3006 1--
1424 2953 1507 3024 7),
1544 2950 1814 3007 memoria
1839 2951 2206 3020 repetendam
2225 2952 2362 3006 dicit
2377 2952 2542 3007 unius

478 3030 693 3085 aetatis
719 3029 1149 3084 clarissimorum
1178 3047 1245 3084 ac
1273 3028 1808 3102 sapientissimorum
1825 3027 2113 3083 Romanae
2141 3028 2381 3084 civitatis
2398 3030 2541 3086 viro-

474 3125 609 3161 rum
627 3105 1063 3176 disputationem
1076 3146 1090 3175 ,
1130 3123 1297 3178 quam
1316 3106 1424 3161 sibi
1444 3107 1607 3177 eique
1620 3147 1635 3176 ,
1673 3103 1766 3160 cui
1781 3105 1882 3160 hos
1901 3097 2074 3159 libros
2091 3102 2388 3177 inscripsit,
2427 3109 2542 3164 sive

474 3185 531 3238 is
549 3183 777 3238 Atticus
793 3180 902 3240 fuit
920 3184 1031 3239 sive
1054 3183 1293 3249 Quintus
1318 3185 1520 3254 frater,
1560 3177 1979 3239 adulescentulo
2001 3180 2270 3254 Smyrnae
2299 3182 2542 3258 (Lepido

474 3267 543 3316 et
578 3259 783 3316 Catulo
818 3261 1168 3330 consulibus,
1209 3277 1261 3315 a.
1278 3277 1332 3314 u.
1362 3261 1507 3333 676.)
1570 3260 1637 3314 P.
1673 3260 1946 3314 Rutilium
1978 3259 2188 3314 Rufum
2223 3263 2543 3332 exposuisse

471 3337 663 3392 tradit
694 3337 765 3408 (c.
786 3337 862 3408 8).
931 3337 1388 3410 Disputationem
1404 3338 1563 3396 illam
1580 3335 1748 3410 fingit
1767 3355 1802 3392 a
1815 3337 1884 3392 P.
1901 3337 2192 3406 Africam,
2219 3338 2388 3392 Pauli
2403 3337 2540 3407 filio,

473 3413 740 3470 habitam
768 3412 1054 3469 Tuditano
1092 3421 1149 3470 et
1174 3415 1404 3486 Aquilio
1434 3432 1547 3470 cos.
1584 3415 1661 3486 (a.
1682 3432 1738 3468 u.
1766 3415 1910 3487 625.)
1977 3415 2072 3468 Ad
2096 3414 2244 3468 hunc
2269 3415 2442 3484 enim,
2478 3421 2545 3470 ut

474 3490 683 3545 Cicero
702 3496 910 3560 narrat,
948 3490 1103 3546 feriis
1120 3491 1341 3546 Latinis
1361 3497 1742 3548 convenerant
1760 3493 1976 3562 aliquot
1989 3489 2312 3560 familiares,
2331 3491 2543 3562 primus

476 3567 553 3632 Q.
572 3567 773 3622 Aelius
793 3563 1037 3637 Tuben),
1074 3569 1242 3626 Pauli
1260 3587 1328 3624 ex
1342 3567 1617 3638 Aemilia,
1657 3585 1845 3624 sorore
1864 3568 2147 3638 Africani,
2183 3584 2360 3639 nepos
2397 3569 2470 3640 (c.
2490 3567 2540 3622 9.

480 3644 603 3715 10),
644 3645 849 3701 deinde
876 3645 943 3699 L.
971 3646 1176 3701 Furius
1202 3647 1401 3700 Philus
1431 3651 1487 3702 et
1512 3645 1579 3700 P.
1607 3643 1854 3701 Rutilius
1878 3643 2060 3700 Rufus
2087 3645 2157 3718 (c.
2178 3644 2296 3715 11),
2331 3651 2453 3700 tum
2479 3643 2542 3700 Ο.

480 3719 721 3776 Laelius
740 3719 995 3792 Sapiens,
1032 3721 1130 3794 Sp.
1148 3723 1463 3791 Mummius,
1502 3721 1565 3777 Ο.
1586 3721 1842 3778 Fannius
1862 3728 1920 3778 et
1938 3721 2006 3787 Q.
2029 3721 2318 3791 Scaevola,
2357 3721 2544 3777 Laelii

482 3799 707 3870 generi,
744 3799 985 3871 denique
1012 3800 1105 3854 Μ’.
1124 3799 1387 3856 Manilius
1417 3800 1489 3871 (c.
1510 3799 1617 3872 12).
1679 3777 1927 3864 Quorum
1955 3798 2126 3855 ceteri
2142 3814 2268 3853 cum
2287 3799 2357 3854 de
2375 3799 2544 3854 rebus

482 3875 826 3930 caelestibus
852 3877 1380 3947 sermocinarentur,
1420 3875 1654 3931 Laelius
1681 3878 1861 3948 magis
1891 3876 1964 3931 ad
1982 3892 2041 3932 se
2059 3876 2338 3946 pertinere
2358 3880 2542 3930 osten-

482 3951 571 4004 dit
597 3966 908 4008 sermonem
936 3953 1005 4008 de
1033 3971 1094 4008 re
1119 3953 1377 4025 publica:
1415 3969 1581 4024 quem
1597 3958 1663 4008 ut
1681 3953 1942 4008 instituat
1955 3952 2257 4010 Africanus
2275 3965 2542 4022 suamque

476 4027 557 4084 de
594 4042 666 4084 ea
700 4045 763 4084 re
799 4029 1133 4085 sententiam
1170 4035 1437 4100 exponat,
1475 4029 1678 4086 ceteris
1707 4028 2150 4086 adsentientibus
2177 4028 2444 4100 impetrat
2467 4037 2540 4101 (c.

2238 4111 2361 4170 10³*
