3292 4559
771 196 862 286 4'4
1308 246 1317 251 ·
1383 230 1461 291 it
1500 229 1773 287 ‘runnu
1808 190 2209 289 cicmoms

775 382 853 422 us
909 358 1070 421 ,forte
1124 353 1282 438 quid
1332 353 1687 438 discrepet,
1742 355 1846 419 vel
1896 354 2099 419 multo
2151 355 2345 422 etiam
2395 355 2635 443 magis,
2699 381 2847 444 quo

777 454 973 514 unnim*
1021 460 1082 514 et
1127 449 1351 514 melior
1395 448 1717 513 actionum
1759 468 1953 530 quam
1989 469 2289 515 sonorum
2326 462 2671 516 concentus
2712 468 2841 519 est.

672 538 745 618 41,
773 546 1017 626 itaque,
1062 554 1134 607 ut
1177 543 1246 607 in
1285 541 1521 608 fidibus
1563 542 1954 608 musicorum
1998 565 2183 608 aures
2230 544 2332 608 vel
2375 544 2639 610 minima
2682 569 2844 613 sen-

672 610 745 646 m'
777 642 969 714 fiunt,
1005 637 1096 702 sic
1129 657 1279 715 nos,
1321 635 1377 701 si
1409 657 1588 701 acres
1624 657 1701 700 ac
1737 635 2073 720 diligentes
2109 658 2249 701 esse
2282 637 2579 702 volumus
2616 640 2652 675 *
2690 643 2842 705 ani-

775 734 1337 814 nmdversoresque
1382 730 1712 806 vitiorum,
1756 751 1995 814 magna
2040 751 2230 813 saepe
2264 729 2714 814 intellegemus
2754 757 2841 799 ex

773 826 1001 906 parvis.
1091 847 1170 890 ex
1216 823 1546 888 oculorum
1590 823 1817 888 obtutu
1830 869 1849 899 ‚
1906 823 2387 907 superciliorum
2440 835 2552 889 aut
2600 827 2839 891 remis-

773 922 945 982 sis-nm
1001 929 1114 982 aut
1163 917 1645 995 contractione,
1680 939 1761 982 ex
1811 916 2156 992 maestitia,
2209 940 2289 982 ex
2341 913 2688 994 hilaritate,
2750 943 2838 986 ex

773 1014 921 1086 risu,
961 1034 1041 1078 ex
1073 1011 1412 1088 locutione,
1451 1034 1534 1075 ex
1567 1010 1917 1086 reticentia,
1954 1034 2035 1079 ex
2070 1011 2472 1077 contentione
2507 1014 2709 1090 vocis,
2750 1038 2833 1080 ex

773 1106 1245 1183 summissione,
1312 1129 1393 1170 ex
1456 1104 1681 1172 ceteris
1746 1105 2058 1170 similibus
2128 1105 2315 1171 facile
2373 1106 2831 1185 iudicabimus,

772 1202 918 1282 quid
961 1223 1179 1268 eorum
1215 1209 1363 1283 apte
1389 1199 1521 1276 fiat,
1558 1198 1715 1282 quid
1743 1199 1825 1262 ab
1853 1198 2065 1265 officio
2091 1210 2447 1283 naturaque
2475 1200 2826 1287 discrepet:

769 1322 781 1356 ι
793 1322 897 1378 μω
945 1298 1009 1358 in
1052 1316 1290 1381 genere
1322 1315 1451 1359 non
1487 1304 1584 1358 est
1616 1293 2121 1369 incommodum,
2168 1294 2357 1377 quale
2392 1294 2677 1378 quidque
2718 1319 2830 1362 eo-

771 1414 909 1450 rum
949 1390 1046 1462 sit,
1085 1410 1166 1453 ex
1201 1387 1340 1453 aliis
1372 1387 1676 1464 iudicare,
1715 1398 1806 1464 ut,
1842 1387 1898 1453 si
1934 1387 2090 1471 quid
2126 1387 2430 1455 dedeceat
2463 1388 2625 1466 illos,
2663 1389 2830 1455 vite-

773 1506 910 1546 mus
965 1480 1114 1566 ipsi3
1167 1482 1241 1547 fit
1295 1482 1465 1548 enim
1515 1480 1731 1546 nescio
1785 1501 1913 1565 quo
1964 1481 2156 1545 modo
2201 1492 2274 1546 ut
2319 1481 2523 1566 magis
2565 1482 2636 1546 in
2680 1484 2827 1549 aliis

773 1598 1102 1642 senuimus
1157 1597 1353 1659 quam
1395 1575 1464 1640 in
1507 1575 1827 1640 nobismet
1871 1575 2054 1659 ipsis,
2109 1574 2164 1639 si
2211 1575 2368 1658 quid
2412 1573 2824 1659 delinquitur.

773 1670 981 1750 imque
1029 1669 1348 1734 facillume
1393 1669 1799 1754 corriguntur
1843 1669 1910 1734 in
1963 1669 2293 1744 discendO,
2339 1690 2612 1752 quorum
2664 1671 2827 1735 vitia

668 1794 737 1830 m
769 1766 1094 1828 imitantur
1138 1762 1519 1847 emendandi
1564 1785 1759 1828 causa
1802 1763 2109 1849 magistri.
2196 1785 2317 1828 nec
2351 1785 2503 1828 vero
2540 1763 2824 1829 alienum

769 1874 861 1920 ost
901 1858 981 1918 ad
1017 1881 1093 1922 ea
1128 1857 1446 1943 eligenda,
1480 1878 1646 1940 quae
1674 1857 2132 1922 dubitationem
2160 1857 2479 1933 adferunt,
2516 1857 2823 1924 adhibere

769 1954 985 2014 dormis
1041 1951 1326 2017 homines
1377 1952 1480 2015 vel
1534 1951 1727 2016 etiam
1779 1973 1903 2017 usu
1953 1951 2188 2036 peritos
2241 1960 2333 2027 et,
2400 1950 2557 2034 quid
2607 1951 2695 2015 iis
2743 1953 2823 2018 de

769 2070 1021 2126 qunque
1082 2046 1280 2111 officii
1340 2069 1574 2130 genere
1625 2047 1901 2131 placeat,
1964 2046 2325 2129 exquirere3
2394 2046 2597 2111 maior
2649 2048 2818 2112 enim

769 2162 913 2222 [mss
961 2162 1033 2202 se
1077 2139 1211 2204 fere
1256 2139 1490 2203 deferri
1534 2140 1726 2215 solet,
1772 2161 1901 2222 quo
1937 2162 1977 2203 a
2008 2150 2240 2203 natura
2281 2139 2424 2223 ipsa
2459 2139 2819 2205 deducitur.

769 2234 829 2294 in
881 2234 1111 2314 quibus
1157 2232 1506 2297 videndum
1549 2245 1648 2298 est
1688 2255 1819 2297 non
1860 2232 2051 2297 modo
2097 2233 2253 2316 quid
2289 2233 2559 2317 quisque
2595 2235 2819 2318 loqua-

769 2346 897 2400 tur,
949 2326 1060 2390 sed
1104 2325 1299 2390 etiam
1341 2327 1498 2408 quid
1545 2326 1815 2410 quisque
1852 2327 2081 2391 sentiat
2115 2338 2307 2411 atque
2344 2329 2535 2393 etiam
2572 2328 2653 2393 de
2690 2350 2821 2413 qua

769 2446 957 2482 ‹fausa
997 2418 1265 2502 quisque
1303 2420 1552 2484 sentiat.
1642 2431 1717 2484 ut
1753 2421 1923 2484 enim
1956 2422 2231 2506 pictores
2268 2433 2333 2486 et
2365 2421 2440 2497 ii,
2487 2422 2598 2505 qui
2633 2422 2820 2508 signa

769 2514 1185 2588 fabricantur,
1233 2523 1296 2576 et
1340 2535 1491 2577 vero
1539 2513 1734 2578 etiam
1775 2521 2002 2600 poetae
2050 2537 2237 2579 suum
2272 2515 2545 2599 quisque
2581 2538 2744 2601 opus
2782 2509 2822 2582 a

769 2607 953 2686 wiffgs}
1009 2605 1393 2670 considerari
1446 2607 1606 2683 volt,
1662 2617 1764 2684 ut,
1820 2609 1875 2672 si
1926 2609 2084 2692 quid
2132 2608 2590 2693 reprehensum
2642 2610 2726 2674 sit
2782 2635 2821 2676 a

765 2702 1094 2782 plmilffls,
1124 2699 1193 2763 id
1236 2699 1618 2785 corrigatur,
1662 2701 1835 2784 iique
1872 2714 1937 2768 et
1972 2725 2189 2767 secum
2228 2713 2292 2766 et
2328 2703 2410 2778 ab
2448 2702 2613 2781 aliis,
2659 2705 2821 2788 quid

765 2794 825 2857 in
873 2818 949 2858 es
994 2806 1327 2878 peccatum
1373 2794 1482 2871 sit,
1530 2797 1903 2879 exquirunt,
1948 2796 2040 2861 sic
2087 2795 2357 2860 aliorum
2400 2797 2636 2862 iudicio
2672 2820 2820 2882 per-

765 2890 961 2950 multa
1005 2888 1190 2954 nobis
1236 2899 1300 2954 et
1345 2889 1640 2955 facienda
1684 2901 1748 2955 et
1789 2913 1920 2955 non
1963 2891 2258 2956 facienda
2302 2902 2367 2956 et
2408 2892 2717 2956 mutanda
2756 2906 2820 2959 et

664 3006 737 3042 ms
765 2983 1138 3066 corrigenda
1182 2994 1348 3048 sunt.
1437 3007 1603 3067 quae
1651 3007 1804 3050 vero
1850 3008 2025 3051 more
2069 2996 2339 3072 agentur
2380 2986 2821 3071 institutisque

765 3078 1083 3152 civilibus,
1133 3077 1213 3142 de
1256 3078 1335 3141 iis
1379 3078 1538 3142 nihil
1582 3089 1679 3143 est
1721 3080 2270 3164 praecipiendum;
2324 3081 2439 3144 illa
2469 3081 2639 3144 enim
2674 3082 2821 3166 ipsa

761 3179 1102 3254 Jtsrascepta
1145 3180 1320 3248 sunt,
1361 3193 1482 3236 nec
1526 3194 1918 3257 quemquam
1952 3174 2075 3238 hoc
2112 3196 2321 3239 errore
2358 3173 2507 3238 duci
2543 3185 2817 3259 oportet,

765 3274 861 3338 ut,
909 3265 955 3326 siz
1005 3263 1158 3346 quid
1203 3263 1500 3330 Socrates
1547 3277 1659 3330 aut
1693 3267 2065 3352 Aristippus
2112 3279 2331 3332 contra
2375 3289 2617 3333 morem
2664 3289 2818 3332 con-

761 3358 1291 3441 suetudinemque
1335 3358 1587 3425 civilem
1628 3360 1899 3425 fecerint
1939 3361 2218 3426 locutive
2271 3362 2427 3439 sint,
2473 3361 2645 3426 idem
2691 3363 2817 3426 sibi

761 3454 1098 3516 arbitretur
1137 3453 1360 3518 liceret
1406 3455 1657 3540 magnis
1699 3455 1793 3519 illi
1828 3466 1892 3520 et
1929 3455 2159 3521 divinis
2200 3456 2379 3519 bonis
2415 3455 2583 3521 hanc
2614 3455 2816 3520 licen-

761 3546 909 3606 tiam
985 3545 1521 3630 adsequebantur.
1629 3545 2023 3632 Cynicorum
2083 3571 2239 3614 vero
2299 3550 2463 3614 ratio
2524 3559 2655 3614 tota
2712 3561 2817 3612 est

761 3642 1082 3717 eisiffldm·
1131 3651 1228 3705 est
1278 3641 1452 3706 enim
1494 3641 1755 3708 inimica
1798 3643 2250 3721 verecundiae,
2298 3645 2434 3709 sine
2480 3664 2612 3726 qua
2652 3641 2818 3706 nihil

660 3762 733 3798 142]-
761 3749 1005 3798 rssmm
1041 3754 1181 3800 esse
1212 3746 1442 3820 potest,
1477 3736 1636 3801 nihil
1672 3737 2030 3803 honestum.
2120 3760 2228 3804 eos
2265 3748 2501 3814 autem,
2538 3757 2819 3820 quorum

761 3830 889 3890 vita
937 3839 1268 3914 perspecta
1309 3829 1379 3894 in
1411 3831 1603 3896 rebus
1639 3832 1923 3896 honestis
1957 3834 2150 3916 atque
2186 3831 2437 3918 magnis
2474 3842 2604 3907 est,
2647 3829 2821 3896 bene

761 3922 837 3986 ds
893 3950 961 3986 rs
1013 3923 1271 4010 publica
1322 3926 1651 3992 sentientis
1705 3947 1781 3990 ac
1831 3927 1997 3992 bene
2048 3927 2308 3993 meritos
2354 3937 2467 3991 aut
2509 3927 2822 3991 merentis

761 4014 877 4090 sie,
929 4030 997 4078 ut
1033 4017 1244 4100 aliquo
1279 4018 1518 4084 honore
1552 4031 1665 4084 aut
1698 4019 1966 4103 imperio
2002 4021 2323 4099 adfectos,
2366 4020 2713 4086 observare
2755 4033 2823 4086 et
