3292 4559
761 167 891 239 292
1381 182 1458 237 M.
1496 154 1772 239 'ru'LLu
1807 178 2206 237 mausolus

752 329 950 376 neve
1004 325 1267 373 aurum
1320 304 1612 383 addito,
1667 302 2192 389 quamhumane
2244 303 2560 389 excipitur
2617 305 2813 371 altera

764 400 997 490 [lege],
1048 412 1123 466 ut
1174 402 1297 467 cui
1350 422 1533 465 auro
1566 400 1858 466 dentes
1911 397 2157 463 iuncti
2202 409 2500 475 escunt,
2557 409 2679 463 ast
2719 398 2814 462 im

759 520 923 562 cum
965 496 1105 561 illo
1135 495 1503 582 ‚sepelirei
1536 495 1808 561 ureive
1843 516 1922 560 se
1957 492 2228 560 fraude
2263 503 2444 559 esto.
2525 503 2595 558 et
2629 492 2814 557 simul

626 592 630 602 '
662 604 712 646 61
756 590 917 655 illud
952 591 1253 668 videtote,
1290 589 1467 655 aliud
1503 589 1794 655 habitum
1831 609 1970 655 esse
2007 588 2272 674 sepelire
2299 600 2364 654 et
2387 610 2596 654 urere.
2649 588 2816 652 duae

756 698 906 750 sunt
940 696 1272 771 praeterea
1304 686 1481 771 leges
1520 686 1601 751 de
1638 686 1967 771 sepulcris,
2003 705 2274 769 quarum
2308 686 2508 751 altera
2535 685 2816 772 privato-

752 802 899 845 rum
952 781 1285 857 aedificiis,
1341 780 1541 845 altera
1590 780 1746 866 ipsis
1799 780 2108 865 sepulcris
2162 792 2380 845 cavet:
2433 802 2590 845 nam
2645 780 2816 864 quod

753 896 1023 961 rogum
1067 875 1473 941 bustumve
1516 896 1796 939 novum
1841 884 2018 941 vetat
2049 874 2367 961 propius
2404 874 2816 959 sexaginta

754 969 988 1054 pedes
1040 970 1242 1036 adici
1296 970 1510 1035 aedis
1565 970 1864 1035 alienas
1917 970 2164 1035 invito
2209 968 2546 1046 domino,
2600 969 2820 1034 incen-

754 1065 931 1131 dium
975 1076 1050 1129 ut
1096 1076 1388 1131 arceatur
1424 1076 1628 1143 vetat3
1676 1066 1852 1150 quod
1886 1077 2102 1131 autem
2137 1065 2174 1129 f
2177 1086 2419 1141 orum,
2466 1064 2536 1129 id
2575 1076 2675 1129 est
2709 1086 2817 1129 ve-

754 1158 1060 1224 stibulum
1114 1160 1418 1245 sepulcri,
1474 1160 1884 1225 bustumve
1937 1182 2082 1225 usu
2127 1160 2296 1245 capi
2338 1167 2548 1237 vetat,
2603 1170 2822 1224 tuetur

750 1254 851 1317 ius
898 1253 1356 1339 sepulcrorum.
1446 1254 1606 1321 haec
1653 1253 1970 1319 habemus
2001 1255 2066 1319 in
2102 1276 2220 1330 ΧΠ,
2267 1276 2420 1319 sane
2457 1252 2820 1319 secundum

749 1357 1075 1423 naturam,
1131 1369 1299 1431 quae
1352 1370 1579 1413 norma
1628 1349 1794 1433 legis
1839 1360 1964 1425 est3
2021 1349 2268 1432 reliqua
2309 1360 2458 1413 sunt
2503 1348 2576 1412 in
2621 1370 2817 1425 more,

746 1442 942 1505 funus
977 1452 1051 1505 ut
1086 1441 1423 1520 indicatur,
1461 1444 1516 1508 si
1552 1442 1709 1526 quid
1743 1444 2070 1519 ludorum,
2107 1443 2535 1527 dominusque
2572 1443 2816 1509 funeris

651 1562 702 1601 σε
748 1546 966 1617 utatur
990 1566 997 1573 ·
1018 1558 1287 1602 accenso
1343 1549 1537 1621 atque
1590 1537 1950 1602 lictoribus:
2023 1537 2475 1603 honoratorum
2529 1538 2814 1602 virorum

744 1629 969 1694 laudes
1011 1630 1081 1695 in
1126 1631 1421 1697 contione
1464 1641 1903 1697 memorentur
1947 1654 2185 1715 easque
2236 1630 2427 1697 etiam
2465 1643 2700 1697 cantus
2737 1631 2816 1696 ad

746 1722 1072 1789 tibicinem
1106 1730 1558 1811 prosequatur,
1607 1725 1713 1789 cui
1746 1746 1983 1791 nomen
2019 1726 2244 1791 neniae
2255 1772 2274 1802 ,
2320 1746 2448 1808 quo
2493 1726 2818 1790 vocabulo

746 1817 937 1883 etiam
974 1823 1146 1905 apud
1181 1818 1468 1885 Graecos
1505 1830 1730 1885 cantus
1766 1820 2073 1906 lugubres
2110 1820 2538 1884 nominantur.

636 1925 709 1980 25
878 1910 951 1990 Q.
1028 1910 1302 1979 Gaudeo
1365 1924 1585 1978 nostra
1652 1913 1794 1978 iura
1855 1913 1940 1977 ad
1992 1926 2288 1978 naturam
2341 1913 2815 1977 accommodari

740 2003 1183 2091 maiorumque
1220 2008 1533 2093 sapientia
1568 2007 1918 2073 admodum
1947 2008 2245 2074 delector.
2299 2008 2392 2073 M.
2431 2005 2569 2073 Sed
2597 2008 2812 2084 credo,

740 2107 815 2161 ut
858 2099 1051 2163 ceteri
1094 2111 1387 2188 sumptus
1401 2149 1420 2179 ,
1468 2101 1559 2167 sic
1606 2102 1800 2167 etiam
1845 2102 2280 2188 sepulcrorum
2324 2101 2595 2165 modum
2637 2112 2815 2167 recte

738 2192 1006 2275 requiri:
1062 2216 1226 2278 quos
1280 2196 1450 2261 enim
1506 2197 1589 2261 ad
1632 2208 1928 2283 sumptu·
1973 2218 2314 2283 progressa
2357 2194 2490 2260 iam
2533 2196 2662 2261 ista
2706 2218 2814 2261 res

738 2285 849 2362 sit,
904 2286 971 2350 in
1026 2285 1103 2352 C.
1159 2289 1379 2373 Figuli
1434 2291 1728 2375 sepulcro
1782 2290 2016 2355 vidisse
2071 2302 2125 2355 te
2177 2290 2387 2355 credo.
2475 2290 2807 2354 minimam

736 2376 889 2440 olim
924 2378 1107 2443 istius
1142 2380 1236 2443 rei
1271 2381 1469 2447 fuisse
1508 2384 1945 2468 cupiditatem,
1981 2385 2185 2449 multa
2221 2394 2476 2449 exstant
2512 2386 2806 2471 exempla

734 2470 1068 2536 maiorum.
1158 2485 1414 2539 nostrae
1460 2477 1724 2559 quidem
1771 2478 1934 2564 legis
1977 2479 2382 2565 interpretes,
2430 2500 2562 2563 quo
2601 2478 2806 2565 capite

732 2562 1037 2632 iubentur
1090 2578 1383 2653 sumptus
1438 2580 1503 2634 et
1556 2571 1804 2637 luctum
1855 2594 2185 2638 removere
2239 2596 2278 2637 a
2330 2573 2604 2637 deorum
2659 2572 2805 2639 Ma-

732 2657 912 2723 nium
944 2660 1104 2738 iure,
1140 2661 1263 2727 hoc
1299 2662 1676 2751 intellegant
1710 2666 1778 2730 in
1805 2667 2048 2752 primis,
2086 2667 2528 2753 sepulcrorum
2553 2666 2804 2753 magni-

638 2770 689 2811 ⁶3
733 2752 1056 2819 licentiam
1108 2778 1250 2821 esse
1308 2758 1742 2825 minuendam.
1831 2782 1952 2825 nec
2007 2760 2166 2827 haec
2219 2784 2258 2825 a
2313 2760 2803 2846 sapientissimis

733 2846 954 2931 legum
1006 2851 1423 2937 scriptoribus
1469 2855 1767 2940 neglecta
1811 2866 1988 2920 sunt:
2042 2876 2196 2920 nam
2243 2866 2307 2920 et
2351 2855 2634 2921 Athenis
2678 2856 2806 2920 iam

731 2939 839 3004 ille
882 2963 1023 3006 mos
1070 2966 1113 3007 a
1156 2942 1477 3033 Cecrope,
1532 2959 1607 3012 ut
1659 2950 1865 3026 aiunt,
1919 2952 2301 3035 permansit,
2357 2972 2591 3036 corpus
2639 2963 2806 3017 terra

730 3032 1071 3113 humandi,
1115 3041 1291 3121 quod
1338 3064 1486 3106 cum
1530 3044 1830 3128 proxumi
1865 3044 2152 3109 fecerant
2187 3045 2599 3129 obductaque
2637 3057 2806 3111 terra

730 3135 895 3203 erat,
950 3128 1249 3217 frugibus
1296 3136 1742 3215 obserebatur,
1797 3148 1869 3202 ut
1913 3138 2092 3203 sinus
2141 3148 2204 3203 et
2247 3139 2572 3224 gremium
2619 3138 2806 3223 quasi

727 3221 949 3287 matris
979 3236 1249 3291 mortuo
1287 3230 1701 3307 tribueretur,
1750 3232 1957 3296 solum
1993 3244 2209 3297 autem
2243 3234 2546 3319 frugibus
2583 3234 2806 3320 expia-

726 3324 867 3379 tum
912 3329 986 3382 ut
1028 3320 1193 3384 vivis
1242 3324 1617 3390 redderetur
1626 3350 1645 3402 3
1703 3326 2136 3411 sequebantur
2171 3327 2433 3412 epulae,
2481 3350 2650 3411 quas
2686 3328 2810 3392 ini-

725 3420 871 3473 rent
905 3414 1251 3498 propinqui
1288 3419 1592 3495 coronati,
1629 3420 1804 3503 apud
1841 3440 2002 3503 quos
2041 3420 2121 3486 de
2156 3422 2394 3486 mortui
2429 3422 2626 3489 laude
2658 3446 2806 3488 cum

725 3502 1036 3587 quicquid
1087 3509 1223 3573 veri
1278 3522 1415 3575 erat
1466 3512 1906 3597 praedicatum
1959 3547 2048 3560 --
2100 3537 2253 3579 nam
2304 3516 2567 3581 mentiri
2619 3517 2808 3582 nefas

508 3610 514 3615 ·
628 3612 682 3653 64
725 3592 1085 3663 habebatur
1136 3636 1251 3679 —-,
1314 3603 1487 3669 iusta
1546 3606 1842 3671 confecta
1887 3615 2102 3672 erant.
2211 3620 2440 3694 postea
2494 3632 2683 3688 cum,
2735 3622 2810 3676 ut

724 3687 947 3753 scribit
978 3690 1336 3763 Phalereus
1351 3747 1370 3775 ,
1409 3704 1786 3785 sumptuosa
1821 3700 1958 3766 fieri
1993 3702 2224 3768 funera
2259 3714 2324 3768 et
2359 3704 2807 3771 lamentabilia

723 3782 1115 3864 coepissent,
1162 3786 1418 3856 Solonis
1464 3793 1609 3879 lege
1657 3794 1911 3860 sublata
1956 3808 2134 3862 sunt:
2189 3819 2390 3882 quam
2422 3800 2646 3885 legem
2685 3800 2810 3864 eis-

721 3868 869 3976 den}
913 3896 1115 3961 prope
1159 3884 1373 3948 verbis
1419 3887 1619 3951 nostri
1667 3887 2014 3955 decemviri
2048 3892 2117 3957 in
2153 3892 2472 3960 decimam
2509 3893 2809 3958 tabulam

718 3977 1129 4034 comeoerunt
1138 3995 1158 4049 3
1212 3996 1365 4040 nam
1412 3978 1493 4043 de
1512 3980 1742 4046 *tribus
1789 3983 2044 4050 reciuiis
2080 3998 2145 4052 et
2178 3987 2488 4073 pleraque
2523 3986 2644 4053 illa
2681 3985 2812 4054 So-
