3292 4559
1313 236 1927 310 LAELmsffl-u.
2523 222 2652 293 283

725 361 994 429 Exsistit
1040 371 1258 425 autem
1299 359 1422 425 hoc
1462 362 1604 425 loco
1651 358 1970 443 quaedam
2024 361 2314 445 quaestio
2358 360 2655 427 subdiffi-
2688 360 2758 415 19

596 458 762 535 cilis,
807 480 964 522 num
1002 455 1260 540 quando
1297 454 1488 519 amici
1528 454 1713 531 novi,
1759 453 1939 539 digni
1975 454 2279 535 amicitia,
2326 455 2652 522 veteribus
2696 432 2749 473 ⁶⁷

595 552 724 617 sint
759 548 1216 637 anteponendi,
1253 558 1327 613 ut
1362 547 1543 632 equis
1577 547 1809 613 vetulis
1843 558 2092 615 teneros
2128 561 2514 637 anteponere
2550 571 2655 616 so-

593 646 829 713 lemus:
875 645 1142 731 indigna
1177 642 1436 709 homine
1472 640 1816 706 dubitatio!
1872 664 2002 708 non
2037 643 2206 710 enim
2241 644 2478 711 debent
2513 666 2654 711 esse

595 740 1046 817 amicitiarum,
1101 738 1268 803 sicut
1313 737 1581 803 aliarum
1625 758 1873 814 rerum,
1921 737 2268 803 satietates:
2313 739 2655 805 veterrima

594 855 908 921 quaeque,
943 843 1019 897 ut
1053 857 1131 899 ea
1163 832 1345 908 vina,
1382 853 1549 916 quae
1586 841 1973 897 vetustatem
2007 830 2251 909 ferunt,
2288 854 2425 899 esse
2462 833 2655 902 debet

595 927 1005 1003 suavissima,
1059 947 1411 1009 verumque
1464 926 1624 991 illud
1678 936 1804 1003 est,
1870 925 2045 1009 quod
2099 925 2359 1002 dicitur,
2419 928 2654 992 multos

593 1020 843 1085 modios
880 1020 1030 1085 salis
1067 1020 1258 1087 simul
1295 1019 1577 1086 edendos
1615 1042 1777 1097 esse,
1814 1030 1887 1087 ut
1922 1019 2239 1085 amicitiae
2274 1041 2509 1083 munus
2546 1040 2657 1084 ex-

595 1114 838 1201 pletum
886 1116 985 1180 sit.
1075 1114 1392 1180 novitates
1437 1126 1683 1192 autem,
1738 1115 1791 1179 si
1838 1138 2019 1200 spem
2054 1114 2351 1180 adferunt
2388 1123 2460 1179 ut
2494 1122 2657 1178 tam-
2698 1136 2752 1177 σε

593 1232 790 1294 quam
824 1210 892 1273 in
929 1209 1141 1274 herbis
1170 1231 1303 1274 non
1337 1206 1676 1275 fallacibus
1705 1209 1952 1274 fructus
1980 1208 2307 1295 adpareat,
2343 1231 2475 1275 non
2506 1218 2655 1273 sunt

591 1303 739 1369 illae
775 1302 1037 1388 quidem
1078 1302 1544 1389 repudiandae,
1589 1314 1877 1369 vetustas
1913 1313 2128 1368 tamen
2163 1326 2279 1369 suo
2320 1305 2463 1371 loco
2498 1324 2652 1369 con-

470 1399 478 1408 “
594 1397 937 1475 servanda3
982 1398 1268 1463 maxima
1303 1409 1401 1464 est
1435 1399 1606 1463 enim
1641 1399 1739 1463 vis
1776 1398 2112 1465 vetustatis
2149 1409 2213 1464 et
2248 1400 2655 1467 consuetudi-

593 1494 712 1557 nis·
821 1492 977 1578 quin
1027 1492 1169 1579 ipso
1223 1515 1421 1578 equo,
1475 1494 1657 1558 cuius
1710 1492 1903 1557 modo
1956 1492 2081 1559 feci
2132 1494 2543 1574 mentionem,
2598 1494 2655 1560 si

593 1588 770 1653 nulla
819 1610 921 1653 res
974 1587 1293 1673 inpediat,
1343 1610 1536 1654 nemo
1594 1599 1693 1655 est
1746 1587 1904 1674 quin
1958 1609 2065 1666 e0,
2120 1609 2249 1672 quo
2302 1590 2651 1667 consuevit,

593 1681 896 1746 libentius
936 1693 1156 1747 utatur
1202 1704 1399 1767 quam
1441 1683 1784 1748 intractato
1840 1694 1906 1749 et
1955 1704 2154 1761 nov03
2208 1705 2329 1749 nec
2380 1705 2533 1749 vero
2584 1683 2655 1749 in

594 1774 738 1851 hoc,
776 1776 949 1858 quod
977 1786 1072 1841 est
1099 1776 1355 1853 animal,
1392 1777 1506 1841 sed
1532 1777 1601 1841 in
1625 1777 1703 1842 iis
1732 1777 1943 1853 etiam,
1981 1798 2145 1860 quae
2172 1788 2322 1843 sunt
2347 1778 2651 1855 inanima,

596 1870 991 1935 consuetudo
1027 1870 1229 1947 valet,
1266 1892 1413 1935 cum
1447 1871 1603 1936 locis
1638 1871 1796 1957 ipsis
1833 1871 2256 1949 delectemur,
2298 1873 2651 1938 montuosis

597 1965 790 2029 etiam
816 1974 881 2029 et
915 1963 1311 2029 silvestribus
1324 2012 1343 2041 ‚
1377 1964 1445 2029 in
1473 1964 1708 2048 quibus
1739 1964 1977 2031 diutius
2006 1967 2380 2032 commorati
2408 1989 2650 2033 sumus.

727 2058 860 2125 Sed
906 2059 1258 2124 maximum
1305 2069 1403 2125 est
1445 2060 1514 2124 in
1559 2060 1841 2126 amicitia
1884 2082 2106 2147 parem
2152 2082 2290 2126 esse
2334 2060 2650 2140 inferiori3
2696 2077 2747 2118 6⁹

595 2176 788 2239 saepe
834 2154 1004 2218 enim
1049 2154 1463 2219 excellentiae
1499 2154 1820 2238 quaedam
1855 2166 2034 2233 sunt,
2081 2154 2289 2240 qualis
2337 2166 2474 2221 erat
2511 2154 2654 2223 Sci-

593 2248 800 2334 pionis
835 2248 903 2314 in
936 2259 1184 2326 nostr0‚
1239 2260 1312 2313 ut
1345 2248 1436 2314 ita
1472 2249 1714 2327 dicam,
1766 2272 1993 2336 grege:
2048 2272 2403 2336 numquam
2436 2274 2506 2318 se
2546 2252 2654 2317 ille

592 2342 803 2418 Philo,
838 2364 1191 2427 numquam
1217 2342 1499 2429 Rupilio,
1534 2365 1891 2427 numquam
1917 2343 2236 2410 Mummio
2274 2346 2653 2432 anteposuit,

592 2458 944 2521 numquam
979 2436 1296 2503 inferioris
1332 2437 1571 2503 ordinis
1608 2438 1859 2516 amicis3
1898 2436 2216 2519 Quintum
2252 2461 2404 2505 vero
2438 2439 2656 2505 Maxi-

594 2554 770 2595 mum
804 2530 1096 2609 fratrem,
1133 2532 1467 2619 egregium
1503 2532 1715 2598 virum
1752 2532 2043 2609 omnino,
2090 2532 2211 2597 sibi
2245 2555 2654 2619 nequaquam

591 2646 843 2711 parem,
897 2626 1071 2709 quod
1122 2626 1178 2690 is
1231 2627 1517 2691 anteibat
1569 2637 1810 2705 aetate,
1874 2638 2205 2712 tamquam
2258 2629 2653 2714 superiorem

594 2718 844 2783 colebat
895 2740 1172 2804 suosque
1227 2720 1433 2785 omnis
1496 2743 1612 2806 per
1665 2742 1734 2787 se
1788 2744 1929 2786 esse
1982 2720 2321 2807 ampliores
2375 2722 2649 2788 volebat.

593 2810 768 2896 quod
802 2810 1168 2878 faciendum
1203 2814 1717 2899 imitandumque
1754 2826 1851 2881 est
1878 2815 2200 2894 omnibus,
2236 2827 2329 2894 ut,
2366 2816 2421 2882 si
2454 2838 2649 2901 quam
2692 2830 2744 2872 ⁷⁰

590 2906 1046 2991 praestantiam
1101 2907 1381 2985 virtutiS,
1443 2908 1714 2994 ingenii,
1777 2910 2071 2976 fortunae
2126 2912 2450 2977 consecuti
2503 2911 2647 2988 sint,

590 3000 959 3087 impertiant
993 3024 1071 3067 ea
1106 3003 1237 3067 suis
1273 3004 1873 3088 communicentque
1908 3027 2057 3070 cum
2091 3006 2429 3091 proximis3
2463 3015 2557 3085 ut,
2594 3006 2650 3072 si

589 3094 966 3183 parentibus
1017 3096 1151 3161 nati
1205 3097 1332 3162 sint
1382 3098 1762 3177 humilibus,
1816 3100 1874 3165 si
1924 3101 2319 3187 propinquos
2371 3102 2652 3168 habeant

590 3190 1014 3258 inbecilliores
1050 3192 1154 3257 vel
1199 3192 1412 3259 animo
1447 3195 1551 3259 vel
1586 3193 1874 3273 fortuna,
1921 3216 2142 3261 eorum
2178 3207 2460 3282 augeant
2496 3218 2649 3281 opes

531 3355 536 3359 ,
593 3287 815 3371 eisque
850 3284 1076 3351 honori
1102 3286 1230 3351 sint
1256 3297 1321 3353 et
1349 3286 1645 3373 dignitati
1657 3313 1674 3366 3
1712 3300 1786 3353 ut
1811 3288 1881 3354 in
1907 3289 2165 3367 fabulis,
2201 3290 2313 3373 qui
2340 3289 2651 3373 aliquam-

593 3380 738 3446 diu..
745 3391 1006 3467 propter
1049 3381 1516 3467 ignorationem
1562 3383 1777 3469 stirpis
1824 3394 1890 3449 et
1933 3382 2187 3468 generis
2222 3384 2291 3446 in
2335 3382 2650 3448 famulatu

590 3476 872 3553 fuerunt,
909 3497 1057 3541 cum
1093 3474 1335 3562 cogniti
1381 3486 1530 3541 sunt
1565 3486 1629 3542 et
1674 3488 1789 3541 aut
1824 3476 2091 3541 deorum
2126 3486 2238 3542 aut
2272 3498 2501 3562 regum
2536 3477 2651 3541 filii

589 3569 853 3649 inventi,
888 3564 1166 3638 retinent
1191 3581 1407 3637 tamen
1433 3571 1765 3637 caritatem
1790 3569 1861 3635 in
1894 3581 2200 3657 pastoreS,
2238 3590 2401 3655 quos
2434 3581 2649 3657 patres

591 3667 826 3731 multos
879 3688 1079 3731 annos
1131 3688 1272 3732 esse
1325 3666 1674 3733 duxerunt:
1727 3665 1902 3751 quod
1956 3676 2053 3731 est
2104 3665 2307 3731 multo
2360 3664 2649 3751 profecto

593 3760 826 3871 magis·
857 3760 925 3826 in
987 3759 1156 3826 veris
1214 3761 1505 3848 patribus
1566 3762 1883 3845 certisque
1937 3760 2336 3826 faciendum·
2317 3808 2337 3839 ,
2402 3759 2648 3825 fructus

527 3910 542 3935 ,
595 3853 764 3918 enim
805 3855 1048 3941 ingenii
1093 3866 1157 3921 et
1199 3855 1452 3922 virtutis
1497 3856 1831 3941 omnisque
1875 3854 2303 3941 praestantiae
2338 3864 2476 3920 tum
2512 3875 2649 3918 ma-

593 3947 804 4013 ximus
841 3949 1108 4034 capitur,
1146 3972 1294 4016 cum
1328 3950 1396 4016 in
1429 3949 1797 4039 proximum
1824 3970 2163 4062 quemque
2177 3948 2523 4016 confertur.
2576 3957 2648 4012 ut
2682 3939 2753 4052 ξθ

591 4040 789 4127 igitur
821 4040 897 4119 ii,
947 4042 1057 4126 qui
1103 4056 1251 4109 sunt
1283 4045 1352 4110 in
1388 4045 1705 4113 amicitiae
1740 4044 2327 4130 coniunctionisque
2370 4042 2650 4111 necessi-
