3292 4559
762 309 845 375 82
1375 315 1452 369 Μ.
1491 311 1765 372 TULLII
1800 309 2200 368 CICERONIS

755 441 1166 531 pulmonibus
1232 448 1447 504 autem
1497 438 1667 504 inest
1728 435 1953 500 raritas
2006 432 2324 518 quaedam
2386 443 2453 499 et
2503 435 2807 504 adsimilis

757 537 1040 625 spongiis
1093 535 1425 600 mollitudo
1477 532 1564 598 ad
1623 529 2049 596 hauriendum
2110 526 2407 614 spiritum
2459 528 2807 615 aptissima,

755 633 869 718 qui
903 645 1041 699 tum
1085 656 1156 700 se
1199 630 1583 698 contrahunt
1625 629 2055 714 adspirantes,
2098 637 2239 692 tum
2272 627 2548 692 intrante
2584 626 2815 711 spiritu

757 731 1024 795 dilatant
1039 777 1059 808 ,
1104 740 1178 794 ut
1211 728 1580 811 frequenter
1612 724 1888 789 ducatur
1922 723 2104 788 cibus
2138 720 2460 798 animalis,
2508 743 2639 806 quo
2670 743 2811 786 ma-

655 843 730 885 m
757 825 926 889 xime
961 825 1219 889 aluntur
1260 823 1637 886 animantes.
1726 841 1809 884 ex
1852 816 2165 884 intestinis
2202 827 2415 882 autem
2452 828 2737 881 secretus
2772 837 2811 880 a

757 918 1004 1000 reliquo
1042 917 1184 982 cibo
1221 938 1413 980 sucus
1449 915 1524 991 is,
1561 934 1691 997 quo
1717 913 1967 988 alimur,
2000 921 2335 996 permanat
2366 909 2451 975 ad
2484 911 2665 974 iecur
2696 933 2815 995 per

758 1011 1070 1096 quasdam
1114 1033 1153 1074 a
1196 1008 1408 1075 medio
1459 1006 1760 1073 intestino
1810 1027 2017 1090 usque
2070 1004 2156 1070 ad
2204 1015 2421 1090 portas
2462 1003 2692 1070 iecoris
2726 1039 2813 1050 ·-—-

759 1105 852 1170 sic
898 1104 1069 1170 enim
1119 1103 1524 1190 appellantur
1565 1137 1653 1148 —-
1697 1101 1921 1166 ductas
1977 1109 2040 1164 et
2095 1099 2367 1164 directas
2422 1098 2588 1175 vias,
2644 1119 2812 1182 quae

759 1199 1079 1285 pertinent
1129 1197 1212 1262 ad
1264 1198 1440 1262 iecur
1493 1195 1683 1280 eique
1736 1194 2103 1260 adhaerent.
2200 1203 2391 1277 atque
2441 1191 2593 1258 inde
2646 1193 2809 1258 aliae

759 1295 884 1359 alio
920 1291 1310 1377 pertinentes
1345 1299 1524 1366 sunt,
1559 1311 1676 1375 per
1709 1309 1870 1372 quas
1907 1288 2079 1354 cadit
2118 1287 2299 1352 cibus
2334 1309 2375 1352 a
2404 1287 2617 1353 iecore
2654 1287 2815 1352 dila-

758 1407 933 1472 psus.
1021 1384 1106 1449 ab
1148 1405 1226 1450 eo
1273 1383 1416 1448 cibo
1461 1403 1610 1448 cum
1654 1393 1753 1448 est
1804 1397 2050 1448 secreta
2101 1381 2247 1447 bilis
2303 1383 2490 1465 eique
2532 1403 2810 1460 umores,

759 1479 872 1564 qui
905 1501 943 1543 e
969 1477 1230 1542 renibus
1264 1476 1761 1562 profunduntur,
1794 1477 2044 1560 reliqua
2074 1498 2143 1540 se
2170 1476 2237 1540 in
2265 1476 2645 1561 sanguinem
2670 1499 2813 1542 ver-

759 1583 903 1639 tunt
937 1572 1021 1638 ad
1055 1571 1442 1656 easdemque
1475 1582 1693 1656 portas
1725 1571 1953 1636 iecoris
1990 1571 2338 1648 confluunt,
2377 1570 2459 1635 ad
2488 1591 2649 1654 quas
2678 1593 2813 1636 om-

759 1690 874 1733 nes
927 1667 1064 1732 eius
1111 1667 1256 1732 viae
1307 1666 1656 1752 pertinent,
1708 1686 1825 1751 per
1874 1685 2035 1748 quas
2090 1665 2313 1751 lapsus
2356 1665 2536 1730 cibus
2578 1665 2649 1730 in
2690 1665 2811 1731 hoc

759 1763 898 1849 ipso
932 1761 1075 1825 loco
1107 1759 1178 1824 in
1213 1781 1357 1826 eam
1389 1782 1650 1836 venam,
1695 1779 1863 1842 quae
1910 1780 2071 1823 cava
2112 1760 2498 1844 appellatur,
2544 1760 2810 1824 confun-

761 1857 932 1920 ditur
965 1875 1206 1940 perque
1243 1876 1386 1918 eam
1421 1853 1506 1919 ad
1541 1873 1653 1918 cor
1686 1851 2015 1920 confectus
2060 1853 2189 1916 iam
2227 1863 2571 1936 coctusque
2604 1853 2811 1937 perla-

759 1950 962 2026 bitur,
1015 1971 1056 2014 a
1101 1947 1292 2014 corde
1343 1958 1561 2013 autem
1610 1947 1681 2012 in
1722 1956 1928 2012 totum
1972 1968 2203 2031 corpus
2250 1945 2650 2011 distribuit-ur
2701 1970 2811 2034 per

762 2065 958 2110 venas
1013 2041 1361 2106 admodum
1411 2041 1645 2107 multas
1709 2039 1777 2106 in
1830 2040 2035 2106 omnis
2056 2077 2063 2082 ·
2087 2040 2286 2126 partis
2338 2039 2619 2124 corporis
2671 2062 2813 2125 per-

662 2155 738 2196 188
765 2136 1040 2201 tinentis.
1131 2154 1322 2217 quem
1368 2133 1451 2198 ad
1497 2133 1762 2198 modum
1816 2144 2032 2199 autem
2074 2133 2380 2217 reliquiae
2424 2133 2555 2200 cibi
2598 2133 2815 2219 depel-

762 2229 975 2294 lantur
1009 2239 1147 2292 tum
1182 2227 1685 2311 astringentibus
1722 2249 1789 2290 se
1824 2225 2159 2304 intestinis,
2195 2238 2334 2292 tum
2358 2227 2812 2303 relaxantibus,

761 2324 937 2389 haud
971 2345 1126 2387 sane
1179 2321 1437 2388 difficile
1474 2322 1650 2386 dictu
1682 2331 1809 2396 est,
1860 2322 1975 2386 sed
2019 2333 2235 2388 tamen
2278 2323 2814 2408 praetereundum

761 2428 878 2491 est,
914 2437 996 2479 ne
1032 2414 1188 2497 quid
1221 2413 1458 2479 habeat
1489 2413 1967 2480 iniucunditatis
2003 2416 2223 2480 oratio.
2310 2415 2421 2482 illa
2454 2417 2667 2502 potius
2704 2439 2817 2482 ex-

761 2510 1032 2595 plicetur
1064 2507 1453 2572 incredibilis
1488 2506 1735 2572 fabrica
1768 2519 2063 2575 naturae:
2098 2532 2251 2574 nam
2286 2530 2453 2593 quae
2490 2510 2715 2596 spiritu
2744 2511 2814 2576 in

762 2604 1096 2689 pulmones
1132 2602 1344 2666 anima
1380 2601 1653 2678 ducitur,
1690 2625 1769 2667 ea
1794 2603 2053 2668 calescit
2087 2603 2364 2690 primum
2397 2603 2537 2689 ipso
2565 2604 2648 2669 ab
2684 2605 2815 2690 spi-

763 2697 919 2774 ritu,
969 2696 1198 2762 deinde
1241 2696 1618 2781 contagione
1664 2697 2071 2781 pulmonum,
2102 2720 2205 2761 .ex
2250 2718 2453 2781 eaque
2486 2721 2635 2784 pars
2669 2699 2817 2764 red-

765 2793 936 2870 ditur
976 2789 1377 2876 respirando,
1430 2812 1577 2875 pars
1625 2789 1977 2876 concipitur
2020 2791 2229 2856 cordis
2280 2801 2462 2876 parte
2514 2791 2816 2875 quadam,

767 2907 960 2968 quem
993 2884 1416 2951 ventriculum
1451 2883 1659 2949 cordis
1705 2884 2057 2970 appellant,
2103 2885 2208 2950 cui
2250 2884 2471 2950 similis
2506 2886 2668 2962 alter
2701 2884 2816 2950 ad·-

763 2979 1019 3044 iunctus
1056 2988 1181 3055 est,
1234 2977 1302 3041 in
1346 3000 1538 3063 quem
1582 2979 1844 3063 sanguis
1880 3001 1921 3042 a
1954 2978 2162 3045 iecore
2205 2999 2323 3064 per
2364 3001 2597 3044 venam
2638 2978 2817 3044 illam

761 3093 990 3138 cavam
1034 3072 1271 3151 influit3
1349 3093 1553 3156 eoque
1595 3071 1787 3136 modo
1834 3095 1917 3137 ex
1959 3072 2060 3137 his
2110 3072 2399 3158 partibus
2444 3085 2510 3138 et
2552 3072 2815 3159 sanguis

765 3188 881 3252 per
915 3187 1110 3232 venas
1145 3166 1212 3230 in
1246 3188 1436 3232 omne
1469 3188 1702 3252 corpus
1749 3165 2128 3232 diffunditur
2161 3177 2227 3232 et
2260 3165 2517 3254 spiritus
2562 3189 2679 3253 per
2712 3190 2817 3235 ar-

764 3259 976 3326 terias.
1063 3269 1370 3344 utraeque
1416 3272 1630 3326 autem
1666 3261 1927 3327 crebrae
1970 3262 2337 3346 multaeque
2380 3272 2517 3326 toto
2551 3283 2817 3347 corpore

764 3357 1046 3421 intextae
1081 3354 1213 3418 vim
1248 3355 1572 3438 quandam
1605 3354 2041 3422 incredibilem
2070 3356 2391 3422 artificiosi
2418 3357 2627 3442 operis
2655 3357 2820 3422 divi-

665 3466 744 3510 139
769 3450 963 3534 nique
1013 3459 1342 3514 testantur.
1428 3448 1583 3531 quid
1629 3449 1836 3514 dicam
1874 3449 1955 3516 de
1990 3449 2272 3527 ossibus,
2320 3470 2487 3534 quae
2530 3449 2819 3516 subiecta

771 3543 1022 3629 corpori
1064 3543 1370 3607 mirabilis
1417 3543 1864 3608 commissuras
1898 3543 2139 3610 habent
2173 3555 2239 3610 et
2280 3545 2365 3608 ad
2408 3543 2819 3610 stabilitatem

769 3650 949 3725 aptas
986 3647 1051 3704 et
1083 3637 1167 3702 ad
1209 3647 1382 3701 artus
1426 3635 1739 3701 finiendos
1783 3637 2301 3703 adcommodatas
2334 3649 2402 3703 et
2443 3638 2528 3704 ad
2569 3648 2819 3704 motum

767 3746 834 3798 et
879 3731 963 3798 ad
1016 3753 1265 3797 omnem
1321 3729 1602 3814 corporis
1654 3730 2010 3797 actionem?
2066 3731 2195 3798 huc
2246 3731 2413 3798 adde
2461 3753 2721 3810 nervos,
2772 3756 2821 3797 a

769 3826 1005 3908 quibus
1059 3835 1234 3890 artus
1280 3824 1709 3901 continentur,
1762 3845 2110 3908 eorumque
2160 3824 2633 3911 inplicationem
2676 3845 2822 3891 cor-

771 3938 926 4002 pore
961 3929 1096 3983 toto
1131 3917 1569 4005 pertinentem,
1606 3918 1717 4000 qui
1753 3918 1915 3982 sicut
1939 3941 2142 3985 venae
2168 3928 2233 3985 et
2266 3919 2533 3998 arteriae
2560 3942 2601 3984 a
2624 3919 2819 3986 corde

665 3997 738 4054 5⁶
771 4009 956 4074 tracti
1009 4023 1073 4078 et
1122 4013 1392 4099 profecti
1442 4013 1509 4079 in
1562 4033 1793 4098 corpus
1850 4033 2035 4078 omne
2089 4013 2427 4084 ducuntur.
2515 4013 2597 4078 ad
2648 4013 2821 4078 hanc

644 4071 746 4190 5¹⁴⁰
763 4103 1230 4190 ‘providentiam
1273 4120 1538 4174 naturae
1594 4119 1727 4174 tam
1774 4107 2144 4192 diligentem·
2186 4118 2443 4192 tamque
2474 4109 2822 4188 ¹sollertem

2238 4373 2261 4407 Χ

2981 5 2986 253 l

2976 341 2986 562 1
