3292 4559
691 3164 758 3219 19

699 3238 748 3278 ⁸1

797 222 926 289 160
1405 229 1486 283 Μ.
1521 228 1799 285 TULLII
1830 226 2235 284 CICERONIS

793 358 1046 446 Scipio,
1108 356 1350 430 dicere,
1409 372 1622 437 neque
1682 364 1817 416 tam
1878 362 1945 417 te
1996 362 2109 415 aut
2156 350 2425 417 Philum
2486 362 2619 417 aut
2676 350 2894 417 Mani-

789 456 952 521 lium
986 454 1023 487 ὖ
1057 454 1094 487 ⁸
1131 452 1168 485 ὖ

1307 540 1797 631 [Desidet-antur
1818 544 2097 627 poyinae
2130 538 2339 627 duae]

791 671 856 737 p.
891 640 1076 730 285]
1122 645 1159 678 ’
1195 642 1232 675 ’
1267 641 1304 674 ’
1341 638 1354 725 Ι
1389 640 1460 703 ἰ11
1491 636 1697 723 ipsius
1740 649 2009 722 paterno
2050 660 2289 723 genere
2332 636 2465 703 fuit
2508 648 2763 705 noster
2796 639 2889 703 ille

791 741 1056 815 amicus,
1090 736 1326 822 dignus
1359 732 1514 797 huic
1547 731 1634 796 ad
1666 731 2069 808 imitandum,
2584 784 2599 790 -

987 848 1279 939 [egregie
1313 846 1612 912 cordatus
1647 844 1862 921 homo,
1898 856 2081 909 catus
2114 844 2345 909 Aelius
2382 842 2709 932 Sextus‚]

791 974 904 1062 qui
939 968 1230 1058 ‘egregie
1265 964 1594 1033 cordatus’
1631 976 1695 1029 et
1730 964 1973 1029 ‘catus'
2018 964 2142 1030 fuit
2177 975 2243 1030 et
2276 964 2363 1029 ab
2396 962 2641 1029 Ennio
2680 966 2881 1030 dictus
2942 1010 2944 1017 -

792 1081 918 1146 est,
963 1088 1096 1132 11011
1139 1062 1318 1148 (111οᾶ
1359 1084 1436 1127 ea
1483 1058 1865 1146 quaerebat,
1909 1079 2077 1142 quae
2126 1080 2489 1142 numquam
2534 1060 2875 1126 inveniret.

793 1164 908 1231 sed
953 1159 1129 1246 quod
1165 1180 1244 1223 ea
1277 1153 1739 1241 respondebat,
1784 1174 1953 1237 quae
1986 1174 2127 1231 eos,
2172 1152 2287 1237 qui
2320 1155 2783 1238 quaesissent,
2822 1173 2869 1217 et

793 1280 950 1324 cura
999 1265 1066 1320 et
1116 1248 1376 1337 negotio
1437 1250 1790 1323 solverent,
1857 1247 2091 1331 cuique
2142 1258 2365 1312 contra
2420 1246 2619 1314 Galli
2678 1250 2869 1314 studia

792 1376 857 1438 p.
875 1347 1058 1434 286]
1095 1343 1448 1433 disputanti
1481 1343 1550 1408 in
1585 1364 1697 1409 ore
1722 1365 1976 1429 semper
2004 1353 2185 1407 erant
2210 1342 2321 1407 illa
2358 1340 2370 1430 Ι
2410 1343 2497 1409 de
2528 1342 2869 1430 Iphigenia

797 1441 1104 1511 Achillis:

1053 1560 1522 1647 astrologorum
1563 1557 1751 1644 signa
1790 1556 1861 1622 in
1904 1557 2083 1623 caelo
2126 1556 2407 1640 quaesit,
2454 1556 2801 1635 observat,

1998 1650 2173 1715 Iovis

1052 1775 1200 1821 cum
1253 1772 1449 1836 capra
1499 1759 1613 1813 aut
1663 1769 1835 1832 nepa
1882 1758 1994 1811 aut
2046 1746 2329 1811 exoritur
2378 1768 2635 1813 nomen
2686 1748 2805 1813 ali-

1994 1841 2169 1925 quod
2202 1840 2456 1907 beluae.

1051 1942 1228 2028 quod
1273 1952 1372 2007 est
1411 1952 1562 2005 ante
1604 1938 1805 2024 pedes
1846 1958 2037 2003 nemo
2072 1946 2351 2022 spectat,
2399 1937 2575 2002 caeli
2615 1960 2803 2003 seru-

2002 2043 2220 2097 tantur
2250 2030 2503 2117 plagas.

794 2160 972 2245 atqui
1015 2159 1188 2225 idem
1221 2194 1310 2203 —
1343 2156 1618 2219 multum
1664 2151 1834 2219 enim
1877 2151 2059 2217 illum
2104 2150 2449 2217 audiebam
2496 2164 2570 2218 et
2606 2154 2871 2221 libenter

791 2292 880 2303 --
915 2254 1194 2320 Zethum
1235 2252 1419 2316 illum
1457 2248 1734 2314 Pacuvii
1766 2246 1957 2313 nimis
1991 2247 2320 2313 inimicum
2356 2247 2711 2316 doctrinae
2748 2274 2865 2316 esse

793 2350 1076 2414 dicebat:
1131 2346 1340 2431 magis
1385 2365 1534 2408 eum
1576 2343 1941 2409 delectabat
1980 2342 2443 2428 Neoptolemus
2481 2341 2731 2424 Ennii,
2776 2346 2863 2431 qui

791 2466 855 2528 p.
897 2438 1072 2525 181.]
1139 2461 1210 2504 se
1264 2439 1354 2503 ait
1404 2437 1839 2522 philosophari
1896 2435 1907 2524 Ι
1962 2437 2156 2515 velle,
2219 2436 2331 2502 sed
2380 2439 2626 2523 paucis
2636 2466 2659 2519 3
2734 2465 2863 2506 nam

792 2533 1050 2601 omnino
1103 2532 1279 2598 haud
1330 2533 1604 2617 placere.
1696 2533 1874 2615 quod
1924 2533 1979 2597 si
2031 2532 2243 2597 studia
2289 2530 2717 2601 Graecorum
2766 2559 2861 2599 vos
2938 2524 2943 2637 a

791 2641 971 2695 tanto
1008 2650 1208 2714 opere
1253 2627 1602 2704 delectant,
1652 2638 1802 2691 sunt
1848 2626 1975 2692 alia
2006 2626 2305 2693 liberiora
2348 2638 2412 2692 et
2456 2626 2619 2694 fusa
2663 2631 2863 2707 latius
2938 2638 2940 2649 '

791 2746 958 2811 quae
999 2723 1104 2790 vel
1149 2723 1234 2788 ad
1277 2744 1468 2787 usum
1512 2721 1683 2787 vitae
1728 2722 1832 2787 vel
1876 2722 2070 2787 etiam
2115 2722 2198 2787 ad
2232 2722 2441 2808 ipsam
2476 2745 2629 2788 rem
2664 2726 2863 2811 publi-

792 2842 936 2885 cam
988 2816 1276 2884 conferre
1329 2838 1693 2903 possumus.
1780 2814 1943 2881 istae
1995 2816 2257 2900 quidem
2310 2827 2515 2894 artes,
2576 2818 2638 2883 si
2684 2821 2861 2884 modo

793 2912 1035 2997 aliquid
1080 2912 1328 2988 valent,
1372 2912 1443 2975 id
1473 2912 1705 2985 valent,
1753 2920 1825 2975 ut
1859 2910 2126 2996 paulum
2164 2921 2394 2975 acuant
2429 2922 2497 2976 et
2532 2921 2860 2998 tamquam

789 3007 1052 3073 inritent
1101 3005 1362 3092 ingenia
1411 3028 1786 3091 puerorum,
1834 3026 1963 3089 quo
2016 3004 2268 3071 facilius
2314 3004 2567 3090 possint
2628 3009 2860 3073 maiora

791 3102 1056 3165 discere.
1071 3100 1089 3128 '

793 3218 854 3281 p.
896 3190 1074 3279 182]
1136 3194 1309 3259 Tum
1353 3194 1645 3259 Tubero:
1702 3200 1861 3258 ‘non
1908 3193 2212 3259 dissentio
2259 3218 2297 3259 a
2342 3205 2427 3271 te,
2474 3192 2710 3274 Laeli,
2760 3197 2854 3263 sed

793 3308 1032 3373 quaero
1068 3307 1236 3372 quae
1272 3298 1344 3353 tu
1380 3309 1519 3354 esse
1555 3286 1799 3353 maiora
1831 3287 2207 3374 intellegas?
2297 3288 2540 3353 ‘dicam
2578 3312 2689 3356 me
2725 3292 2853 3356 her-

794 3384 937 3448 cule
972 3392 1037 3448 et
1070 3392 1441 3448 contemnar
1475 3405 1514 3447 a
1549 3393 1612 3448 te
1648 3381 1944 3461 fortasse,
1990 3404 2139 3447 cum
2175 3394 2247 3448 tu
2280 3382 2407 3447 ista
2442 3382 2749 3450 caelestia
2784 3386 2851 3449 de
2934 3430 2936 3461 .

797 3476 1098 3564 Scipione
1133 3476 1504 3561 quaesieris,
1541 3498 1665 3562 ego
1701 3489 1918 3543 autem
1954 3477 2134 3555 haec,
2174 3498 2339 3563 quae
2374 3476 2677 3543 videntur
2708 3492 2851 3543 ante

793 3573 1012 3639 oculos
1066 3594 1233 3649 esse,
1287 3572 1494 3659 magis
1537 3583 1758 3658 putem
1804 3573 2191 3656 quaerenda.
2281 3571 2437 3657 quid
2484 3574 2659 3639 enim
2698 3572 2853 3637 mihi

790 3667 874 3732 L.
911 3666 1104 3731 Pauli
1138 3688 1370 3753 nepos,
1406 3667 1530 3733 hoc
1565 3668 1912 3745 avunculo,
1950 3668 2344 3734 nobilissima
2378 3668 2446 3733 in
2481 3667 2731 3753 familia
2766 3682 2853 3735 at·

792 3776 918 3846 q'ue
951 3760 1021 3825 in
1055 3760 1178 3827 hac
1211 3773 1345 3827 tam
1381 3762 1552 3829 clara
1584 3785 1655 3829 re
1691 3763 1951 3849 publiea
1985 3775 2195 3841 natus,
2232 3762 2483 3848 quaerit
2508 3784 2640 3847 quo
2666 3766 2849 3829 modo

792 3855 921 3919 duo
973 3854 1138 3919 soles
1191 3854 1310 3920 visi
1357 3856 1511 3934 sint,
1563 3859 1692 3922 non
1746 3858 1996 3941 quaerit
2041 3880 2156 3923 eur
2197 3858 2265 3923 in
2310 3880 2441 3922 una
2480 3879 2552 3922 re
2598 3858 2851 3943 publica
2933 3934 2934 3937 Ἴ

793 3947 922 4013 duo
977 3959 1236 4017 senatus
1290 3961 1353 4014 et
1406 3949 1534 4015 duo
1585 3973 1793 4036 paene
1845 3950 1976 4015 iam
2030 3951 2252 4037 populi
2305 3950 2470 4016 sint?
2541 3974 2723 4029 nam,
2788 3966 2849 4017 ut

894 4039 1076 4124 213.]
1130 4039 1405 4124 vildetis,
1449 4066 1620 4109 mors
1658 4044 1901 4110 Tiberii
1939 4044 2219 4113 Gracchi
2264 4056 2329 4111 et
2372 4044 2501 4110 iam
2539 4056 2686 4113 ante
2724 4058 2849 4111 tota

973 4320 994 4347 2⁵

1043 4414 1061 4433 ⁶⁸·-

1051 4468 1070 4483 ἰ·
