3292 4559
1172 278 1378 337 CATO
1414 280 1666 338 MAIOR
1702 282 1941 338 53—59.
2029 336 2034 344 ,
2460 269 2592 339 253

507 406 925 495 praeclarum
948 403 1072 470 sibi
1099 403 1303 471 videri
1340 405 1524 484 dixit,
1556 406 1674 474 sed
1702 406 1814 485 eis,
1851 406 1962 492 qui
1999 406 2310 476 haberent
2338 431 2589 489 aurum,

508 504 867 589 imperare:
903 509 1238 585 poteratne
1263 510 1481 565 tantus
1512 501 1764 565 animus
1795 501 2049 569 efficere
2075 526 2208 569 non
2239 504 2590 571 iucundam
2635 519 2663 527 “

516 594 957 663 senectutem‘.·>
1010 592 1127 660 sed
1170 594 1360 659 venio
1394 594 1479 659 ad
1524 596 1869 681 agricolas,
1906 619 1988 662 ne
2023 620 2064 661 a
2097 619 2201 664 me
2236 598 2378 684 ipso
2410 620 2592 664 rece-

518 691 702 755 dam:
750 689 822 753 in
857 687 1031 775 agris
1068 699 1250 753 erant
1283 699 1423 753 tum
1456 700 1784 755 senatores
1798 738 1817 768 ,
1859 690 1930 755 id
1965 702 2062 757 est
2097 714 2312 771 senes,
2357 693 2413 758 si
2446 693 2592 777 qui-

518 788 673 853 dem
714 785 926 851 aranti
967 783 1053 849 L.
1091 783 1402 866 Quinctio
1440 784 1828 851 Cincinnato
1882 787 2246 852 nuntiatum
2291 799 2388 853 est
2439 809 2590 854 eum

516 882 901 947 dictatorem
946 901 1089 945 esse
1134 879 1381 945 factum
1393 904 1412 957 ;
1468 880 1652 946 cuius
1701 880 2026 946 dictatoris
2071 881 2252 947 iussu
2285 882 2593 968 magister

516 974 817 1057 equitum
850 970 930 1039 C.
971 970 1285 1039 Servilius
1319 973 1539 1039 Ahala
1574 972 1694 1061 Sp.
1727 974 2046 1041 Maelium
2081 997 2357 1062 regnum
2393 976 2592 1061 adpe-

516 1079 776 1133 tentem·
806 1077 1187 1152 occupatum
1231 1068 1571 1133 interemit.
1663 1092 1702 1133 a
1737 1069 1892 1134 villa
1933 1069 2002 1133 in
2037 1080 2332 1135 senatum
2381 1091 2591 1135 arces-

520 1162 791 1227 sebatur
816 1172 881 1227 et
896 1157 1136 1227 Curius
1174 1172 1241 1227 et
1272 1162 1469 1228 ceteri
1504 1185 1712 1241 senes,
1749 1186 1829 1229 ex
1857 1184 1986 1247 quo
2012 1164 2126 1247 qui
2162 1186 2272 1231 eos
2307 1185 2593 1231 arcesse-

519 1256 691 1321 bant
722 1254 997 1321 viatores
1032 1255 1345 1321 nominati
1380 1267 1557 1323 sunt:
1604 1279 1762 1323 num
1796 1257 1994 1343 igitur
2027 1258 2257 1324 horum
2294 1270 2590 1325 senectus

518 1348 906 1415 miserabilis
959 1348 1113 1426 fuit,
1168 1350 1280 1434 qui
1326 1374 1397 1417 se
1442 1352 1583 1439 agri
1626 1352 1903 1419 cultione
1947 1351 2394 1420 oblectabant?
2443 1375 2590 1420 mea

518 1442 787 1529 quidem
822 1442 1137 1510 sententia
1178 1444 1352 1511 haud
1398 1445 1531 1511 scio
1567 1469 1652 1511 an
1685 1448 1864 1513 nulla
1907 1447 2156 1515 beatior
2187 1448 2392 1535 possit
2425 1472 2588 1527 esse,

516 1559 737 1623 neque
768 1537 979 1605 solum
1016 1538 1249 1617 offici0‚
1285 1540 1460 1624 quod
1493 1539 1825 1607 hominum
1859 1542 2082 1628 generi
2115 1544 2416 1610 universo
2453 1544 2591 1609 cul-

515 1646 672 1698 tura
704 1654 1007 1718 agrorum
1034 1643 1133 1699 est
1157 1634 1473 1711 salutaris,
1509 1636 1625 1701 sed
1652 1646 1720 1701 et
1733 1635 2176 1714 delectatione,
2206 1658 2405 1720 quam
2432 1637 2588 1714 dixi,

518 1739 588 1796 et
632 1726 965 1793 saturitate
1008 1727 1320 1813 copiaque
1361 1751 1577 1794 rerum
1622 1730 1938 1807 omnium,
1999 1752 2164 1814 quae
2209 1730 2294 1795 ad
2346 1730 2588 1795 victum

516 1820 886 1897 hominum,
933 1820 1017 1885 ad
1061 1822 1303 1887 cultum
1349 1823 1543 1889 etiam
1590 1822 1858 1889 deorum
1894 1824 2244 1908 pertinent,
2289 1833 2391 1899 ut,
2429 1844 2588 1907 quo-

512 1916 703 1983 niam
740 1916 902 1981 haec
946 1916 1208 1999 quidam
1253 1917 1648 1994 desiderant,
1701 1918 1771 1983 in
1816 1917 2092 2004 gratiam
2124 1917 2255 1982 iam
2289 1938 2439 1982 cum
2475 1940 2589 1983 vo-

514 2013 769 2097 luptate
813 2010 1178 2088 redeamus3
1226 2034 1479 2098 semper
1523 2013 1696 2079 enim
1742 2011 1896 2077 boni
1932 2012 2311 2097 adsiduique
2349 2011 2592 2077 domini

512 2106 762 2173 referta
796 2105 959 2170 cella
991 2105 1268 2185 vinaria,
1326 2107 1591 2185 olearia,
1648 2108 1842 2173 etiam
1876 2108 2141 2192 penaria
2177 2117 2274 2173 est
2309 2108 2588 2190 villaque

512 2212 665 2266 tota
706 2200 989 2284 locuples
1037 2211 1161 2277 est3
1207 2201 1495 2268 abundat
1529 2207 1758 2289 porco,
1806 2201 2046 2279 haedo,
2084 2222 2282 2287 agn0,
2328 2201 2588 2287 gallina,

510 2294 717 2371 lacte,
754 2315 956 2371 case0,
992 2294 1213 2373 melle3
1260 2296 1397 2367 iam
1425 2296 1681 2363 hortum
1724 2297 1850 2383 ipsi
1885 2297 2204 2382 agricolae
2241 2296 2591 2362 succidiam

514 2387 801 2452 alteram
844 2389 1181 2475 appellant.
1281 2392 1633 2457 conditiora
1685 2392 1842 2457 facit
1893 2392 2054 2457 haec
2099 2390 2589 2477 supervacaneis

518 2482 725 2548 etiam
762 2483 965 2567 operis
1002 2485 1349 2570 aucupium
1388 2497 1583 2570 atque
1617 2487 1894 2552 venatio·
1951 2486 2108 2570 quid
2145 2485 2226 2550 de
2261 2496 2590 2571 pratorum

518 2576 847 2642 viriditate
902 2589 1016 2643 aut
1066 2579 1369 2645 arborum
1414 2580 1746 2645 ordinibus
1791 2591 1904 2645 aut
1948 2580 2282 2645 vinearum
2327 2580 2591 2645 oliveto-

2632 2503 2685 2544 5⁸1

520 2692 752 2737 rumve
787 2670 1002 2758 specie
1036 2673 1225 2759 plura
1261 2674 1509 2739 dicam?
1562 2674 1744 2741 brevi
1788 2674 2185 2762 praecidamz
2231 2694 2388 2758 agro
2423 2674 2590 2737 bene
2655 2706 2664 2713 .

522 2764 699 2831 culto
732 2766 895 2832 nihil
937 2778 1150 2852 potest
1185 2790 1325 2834 esse
1368 2791 1491 2834 nec
1525 2791 1650 2833 usu
1686 2768 1948 2833 uberius
1990 2790 2112 2835 nec
2157 2766 2596 2852 specie'ornaf

520 2859 681 2935 tius,
728 2860 811 2925 ad
847 2882 1043 2944 quem
1078 2862 1425 2927 fruendum
1460 2884 1589 2928 non
1625 2862 1819 2927 modo
1854 2883 1984 2927 non
2021 2862 2329 2936 retardat,
2365 2881 2590 2925 verum

518 2954 721 3020 etiam
762 2954 997 3020 invitat
1038 2966 1229 3041 atque
1285 2956 1562 3023 adlectat
1606 2968 1933 3021 senectus:
1989 2955 2103 3020 ubi
2157 2955 2328 3020 enim
2379 2964 2592 3039 potest

518 3049 639 3114 illa
681 3059 859 3114 aetas
904 3059 1018 3114 aut
1070 3051 1387 3118 calescere
1428 3052 1531 3116 vel
1578 3050 1966 3137 apricatione
2017 3049 2246 3115 melius
2299 3050 2403 3115 vel
2454 3049 2592 3135 igni

522 3153 643 3207 aut
693 3142 977 3209 vicissim
1028 3143 1272 3211 umbris
1316 3145 1584 3229 aquisve
1627 3145 1992 3231 refrigerari
2038 3143 2397 3210 salubrius?
2469 3143 2590 3209 sibi

519 3236 730 3323 igitur
761 3236 1043 3303 habeant
1078 3261 1283 3315 arma,
1320 3238 1443 3303 sibi
1478 3260 1708 3322 equos,
1747 3238 1870 3303 sibi
1905 3240 2148 3315 hastas,
2186 3238 2308 3303 sibi
2345 3238 2593 3302 clavam

526 3342 601 3395 et
646 3331 869 3414 pilam,
914 3332 1038 3398 sibi
1071 3332 1429 3399 natationes
1466 3344 1660 3417 atque
1695 3354 1946 3400 cursus:
1992 3332 2176 3397 nobis
2213 3331 2474 3397 senibus
2509 3352 2590 3395 ex

526 3422 888 3491 lusionibus
929 3426 1149 3491 multis
1195 3426 1357 3492 talos
1401 3427 1768 3512 relinquant
1812 3439 1878 3494 et
1919 3437 2221 3501 tesseras3
2267 3424 2336 3487 id
2378 3423 2592 3509 ipsum

526 3529 753 3585 utrum
786 3519 1063 3599 lubebit,
1099 3521 1400 3607 quoniam
1435 3522 1572 3589 sine
1606 3523 1686 3589 iis
1721 3524 1910 3588 beata
1944 3542 2085 3585 esse
2121 3528 2412 3585 senectus
2448 3528 2592 3603 pot-

532 3623 651 3680 est
706 3614 941 3680 multas
974 3615 1061 3679 ad
1094 3637 1195 3682 res
1232 3616 1535 3700 perutiles
1553 3613 2008 3701 Xenophontis
2042 3610 2188 3678 libri
2225 3622 2392 3690 sunt,
2429 3631 2660 3709 quos5

532 3707 759 3793 legite,
796 3729 1069 3793 quaes0,
1106 3709 1409 3786 studiose,
1446 3721 1520 3774 ut
1552 3710 1783 3776 facitis.
1874 3730 2069 3793 quam
2105 3705 2360 3792 copiose
2395 3706 2479 3769 ab
2514 3724 2591 3771 eo

536 3800 679 3885 agri
720 3802 973 3868 cultura
1013 3803 1375 3869 laudatur‘
1354 3826 1425 3868 m
1467 3825 1547 3869 eo
1587 3803 1784 3878 libro,
1839 3801 1951 3886 qui
1987 3812 2084 3867 est
2118 3801 2198 3866 de
2243 3798 2481 3864 tuenda
2521 3821 2594 3865 re

534 3892 855 3974 familiari,
892 3896 1006 3981 qui
1043 3894 1517 3963 Oeconomicus
1552 3895 1961 3962 inscribitur..
2013 3905 2205 3978 atque
2242 3904 2314 3957 ut
2346 3892 2595 3959 intelle-

531 3989 704 4075 gatis
747 3991 909 4055 nihil
950 3991 1011 4057 ei
1056 4002 1186 4056 tam
1232 3993 1450 4077 regale
1486 3990 1690 4057 videri
1734 4010 1930 4075 quam
1973 3988 2257 4053 studium
2301 3986 2441 4072 agri
2487 4006 2594 4051 co-

528 4084 734 4160 lendi,
760 4084 1109 4153 Socrates
1089 4110 1156 4151 ιιι
1186 4108 1262 4152 eo
1290 4086 1453 4151 libro
1481 4085 1765 4171 loquitur
1793 4106 1940 4151 cum
1963 4080 2316 4162 critobule,
2346 4078 2594 4169 Cyrum

2633 3154 2688 3196 58

2625 3595 2693 3649 17
