3292 4559
1258 273 1593 331 LAELIUS
1628 274 1866 329 23-26.
2461 258 2587 323 271

535 404 722 471 amici
756 404 825 469 in
857 401 1157 489 periculis
1195 409 1308 464 aut
1343 398 1656 463 adeundis
1692 408 1805 463 aut
1840 395 2407 474 communicandis,
2444 397 2588 481 quis

411 508 422 515 “
535 512 634 566 est
675 498 790 584 qui
831 498 900 562 id
943 517 1074 561 non
1117 494 1414 559 maximis
1457 493 1685 558 efferat
1728 492 2069 559 laudibus?
2121 492 2233 576 qui
2278 492 2588 557 clamores

535 604 668 659 tota
719 614 917 658 cavea
967 611 1174 675 nuper
1223 588 1292 653 in
1335 586 1602 673 hospitis
1663 598 1729 653 et
1780 586 1968 653 amici
2012 586 2141 653 mei
2182 586 2281 651 M.
2316 585 2592 652 Pacuvii

533 710 702 753 nova
752 684 1002 752 fabula!
1073 706 1254 760 cum,
1304 682 1641 769 ignorante
1694 704 1849 769 rege
1901 692 2046 747 uter
2098 678 2366 748 Orestes
2420 693 2587 755 esset,

534 784 798 869 Pylades
835 777 1137 847 Orestem
1179 801 1249 844 se
1294 800 1435 843 esse
1479 778 1749 854 diceret,
1802 788 1873 841 ut
1921 798 2039 863 pro
2082 776 2193 841 illo
2236 786 2590 853 necaretur,

535 874 804 941 Orestes
841 885 1080 950 autem,
1114 873 1206 937 ita
1238 882 1312 937 ut
1339 881 1495 949 erat,
1534 867 1840 939 Orestem
1866 894 1936 935 se
1964 892 2105 936 esse
2132 881 2589 956 perseveraret.

536 980 777 1035 stantes
823 967 1218 1055 plaudebant
1261 966 1332 1030 in
1374 986 1445 1029 re
1488 964 1669 1030 ficta:
1726 964 1883 1049 quid
1919 963 2303 1029 arbitramur
2336 962 2405 1027 in
2438 985 2594 1027 vera

536 1064 820 1128 facturos
858 1060 1100 1126 fuisse?
1153 1059 1344 1125 facile
1391 1058 1721 1124 indicabat
1764 1060 1905 1145 ipsa
1938 1069 2170 1123 natura
2211 1057 2345 1121 vim
2388 1077 2593 1133 suam,

537 1180 688 1223 cum
738 1155 1049 1233 homines,
1107 1156 1282 1239 quod
1335 1154 1548 1220 facere
1600 1155 1724 1241 ipsi
1777 1176 1908 1220 non
1956 1164 2247 1241 possent,
2300 1152 2370 1217 id
2419 1164 2593 1219 recte

537 1252 676 1317 fieri
710 1251 780 1315 in
813 1252 1013 1317 altero
1048 1250 1422 1316 iudicarent.
1512 1250 1820 1317 hactenus
1861 1250 2021 1316 mihi
2063 1250 2286 1317 videor
2320 1249 2401 1316 de
2436 1248 2597 1314 ami-

539 1347 687 1411 citia
714 1345 872 1431 quid
897 1345 1219 1423 sentirem,
1255 1345 1538 1432 potuisse
1568 1345 1809 1412 diceret
1848 1346 1904 1411 si
1930 1366 2059 1430 qua
2084 1355 2419 1432 praeterea
2444 1354 2596 1409 sunt

537 1476 624 1487 —-
659 1441 848 1505 credo
885 1450 1100 1505 autem
1136 1462 1276 1505 esse
1319 1440 1522 1505 multa
1554 1476 1671 1519 —,
1714 1440 1799 1507 ab
1832 1440 1939 1518 iis,
1984 1440 2041 1506 si
2085 1439 2435 1517 videbitur,
2480 1437 2594 1523 qui

537 1534 661 1599 ista
695 1533 1049 1620 disputant,
1085 1534 1456 1619 quaeritote.

665 1629 874 1694 Fann.
944 1629 1081 1693 Nos
1125 1650 1281 1694 vero
1325 1653 1364 1694 a
1416 1646 1479 1693 te
1521 1627 1767 1714 potius:
1822 1648 2215 1712 quamquam
2267 1627 2463 1693 etiam
2509 1626 2592 1690 ab
2618 1640 2673 1681 2⁵

499 1730 512 1735 ’
537 1722 676 1787 istis
711 1744 902 1807 saepe
947 1722 1235 1805 quaesivi
1279 1734 1345 1789 et
1388 1722 1606 1788 audivi
1651 1743 1781 1786 non
1823 1721 2061 1786 invitus
2098 1719 2426 1804 equidem,
2480 1720 2595 1784 sed

539 1815 716 1880 aliud
750 1815 1076 1900 quoddam
1109 1816 1291 1879 filum
1329 1815 1630 1880 orationis
1668 1826 1837 1879 tuae.

669 1908 874 1973 Scaev.
947 1908 1119 1972 Tum
1165 1909 1372 1995 magis
1425 1909 1494 1974 id
1549 1908 1823 1985 diceres,
1868 1907 2110 1985 Fanni,
2165 1907 2222 1972 si
2272 1929 2478 1993 nuper
2526 1907 2597 1973 in
2636 1946 2643 1953 ·

540 2002 738 2069 hortis
777 2000 1127 2088 Scipionis,
1173 2024 1321 2067 cum
1359 2012 1457 2068 est
1491 2001 1571 2067 de
1606 2024 1677 2068 re
1720 2002 1981 2088 publica
2016 2000 2409 2087 disputatum
2426 2047 2443 2079 ,
2480 2001 2596 2065 ad-

540 2096 800 2163 fuisses:
839 2097 1047 2180 qualis
1084 2109 1222 2162 tum
1255 2108 1563 2184 patronus
1599 2096 1881 2162 iustitiae
1915 2094 2040 2161 fuit
2074 2106 2297 2161 contra
2332 2118 2596 2161 accura-

540 2203 674 2257 tam
709 2192 1062 2257 orationem
1095 2174 1298 2259 Phili!

667 2288 875 2353 Fann.
946 2287 1168 2353 Facile
1201 2287 1268 2351 id
1294 2286 1555 2370 quidem
1590 2284 1714 2351 fuit
1748 2284 2056 2351 iustitiam
2082 2284 2429 2350 iustissimo
2458 2283 2596 2349 viro

541 2382 902 2447 defendere.

668 2476 874 2541 Scaev.
947 2474 1127 2559 Quid
1161 2476 1544 2542 amicitiam?
1588 2497 1801 2540 nonne
1837 2474 2026 2540 facile
2061 2473 2149 2550 ei,
2186 2474 2299 2557 qui
2333 2472 2418 2539 ob
2454 2496 2599 2539 eam
2676 2473 2687 2483 '

541 2592 791 2636 summa
839 2570 998 2647 fide,
1061 2571 1416 2637 constantia
1464 2569 1833 2653 iustitiaque
1886 2577 2201 2635 servatam
2249 2568 2597 2634 maximam

538 2665 810 2751 gloriam
845 2665 1119 2751 ceperit?

668 2761 847 2823 Lael.
916 2760 1072 2825 Vim
1107 2759 1228 2826 hoc
1263 2759 1525 2843 quidem
1559 2769 1657 2824 est
1692 2758 1971 2823 adferre:
2008 2758 2162 2841 quid
2200 2757 2370 2823 enim
2404 2755 2598 2822 refert
2622 2742 2676 2855 233

541 2874 672 2937 qua
703 2875 809 2918 me
842 2852 1086 2918 ratione
1123 2855 1404 2940 cogatis?
1440 2853 1667 2939 cogitis
1706 2863 1905 2929 certe3
1942 2853 2168 2917 studiis
2198 2851 2367 2917 enim
2400 2874 2597 2937 gene-

541 2968 787 3023 rorum,
841 2948 1213 3031 praesertim
1246 2948 1314 3011 in
1353 2970 1426 3014 re
1459 2948 1662 3023 bona,
1716 2969 1863 3012 cum
1909 2946 2167 3013 difficile
2202 2958 2298 3013 est
2342 2958 2482 3011 tum
2515 2970 2598 3013 ne

543 3061 821 3124 aequum
886 3040 1146 3123 quidem
1199 3040 1523 3107 obsistere.
1629 3040 2000 3128 saepissime
2062 3042 2257 3127 igitur
2306 3040 2467 3105 mihi
2518 3040 2598 3105 de

544 3134 822 3201 amicitia
886 3134 1195 3220 cogitanti
1256 3133 1534 3201 maxime
1589 3134 1756 3200 illud
1809 3135 2342 3201 considerandum
2394 3135 2599 3201 videri

541 3230 731 3305 solet,
783 3238 1001 3292 utrum
1045 3240 1305 3314 propter
1345 3228 1824 3295 inbecillitatem
1869 3241 2063 3315 atque
2106 3229 2390 3316 inopiam
2435 3229 2601 3293 desi-

543 3324 764 3387 derata
797 3323 882 3387 sit
910 3322 1209 3400 amicitia,
1245 3332 1318 3388 ut
1344 3323 1570 3389 dandis
1596 3325 2101 3411 recipiendisque
2128 3322 2389 3399 meritis,
2426 3322 2601 3406 quod

541 3418 815 3502 quisque
867 3418 1079 3483 minus
1123 3439 1240 3502 per
1285 3442 1354 3484 se
1395 3419 1535 3505 ipse
1581 3430 1828 3504 posset,
1879 3418 1948 3483 id
1996 3419 2309 3504 acciperet
2354 3416 2437 3479 ab
2474 3416 2599 3480 alio

543 3512 953 3595 vicissimque
981 3512 1293 3589 redderet,
1331 3536 1414 3588 an
1441 3523 1608 3578 esset
1641 3513 1763 3579 hoc
1791 3511 2051 3597 quidem
2086 3509 2414 3596 proprium
2441 3509 2601 3573 ami-

545 3606 761 3683 citiae,
807 3606 921 3671 sed
957 3607 1276 3690 antiquior
1310 3618 1374 3673 et
1417 3607 1743 3692 pulchrior
1776 3618 1840 3673 et
1884 3606 2089 3691 magis
2126 3628 2165 3669 a
2197 3613 2428 3668 nat-ura
2459 3603 2599 3689 ipsa

544 3700 831 3785 profecta
873 3700 1001 3765 alia
1044 3723 1268 3766 causa:
1323 3722 1506 3766 amor
1537 3702 1738 3779 enim,
1791 3724 1873 3767 ex
1907 3722 2035 3786 quo
2071 3697 2349 3764 amicitia
2389 3698 2599 3779 nomi-

545 3804 696 3859 nata
741 3807 865 3871 est,
918 3794 1214 3881 princeps
1251 3807 1348 3861 est
1382 3796 1466 3861 ad
1508 3795 2021 3861 benevolentiam
2058 3792 2596 3878 coniungendam3

546 3910 696 3952 nam
746 3889 1054 3956 utilitates
1096 3890 1360 3974 quidem
1402 3891 1595 3957 etiam
1639 3889 1723 3955 ab
1764 3889 1845 3954 iis
1896 3888 2333 3975 percipiuntur
2385 3908 2596 3972 saepe,

548 3981 661 4065 qui
697 3980 1095 4050 simulatione
1130 3984 1446 4050 amicitiae
1482 3985 1779 4051 coluntur
1811 3993 1874 4049 et
1903 3983 2323 4049 observantur
2354 3990 2601 4066 tempo·-

549 4076 635 4142 ris
671 4097 894 4154 causa3
939 4078 1008 4143 in
1042 4078 1319 4145 amicitia
1354 4088 1569 4145 autem
1604 4078 1763 4145 nihil
1796 4078 2019 4145 fictum
2053 4086 2179 4155 est,
2211 4072 2372 4141 nihil
2404 4075 2604 4141 simu-
