3292 4559
793 223 834 287 Ἠ
1401 229 1479 283 Μ.
1517 229 1791 285 TULLII
1826 226 2223 285 CICERONIS
2289 241 2300 247 “

794 355 959 419 [leeti
991 355 1383 439 aliquantum
1410 375 1478 417 se
1506 352 1891 417 arbitrentur
1918 351 2181 435 adeptos
2208 359 2271 414 et
2298 350 2382 413 ad
2407 348 2722 414 dicendum
2745 361 2796 415 et

694 475 722 513 e
794 451 874 515 ad
903 451 1335 515 intimandum*
1383 468 1575 529 quam
1607 447 1691 510 ob
1721 470 1856 511 rem
1885 446 2087 510 disces
2118 456 2191 509 tu
2224 444 2798 528 quidemaprincipe

790 545 979 607 huius
1027 543 1247 607 aetatis
1303 540 1822 627 philosophorum
1868 551 1934 605 et
1958 539 2184 606 ,disces
2230 560 2423 621 quam
2468 537 2573 601 diu
2623 537 2798 612 voles3

794 655 923 703 tem
967 639 1075 703 diu
1115 647 1327 699 autern
1359 636 1518 699 velle
1547 635 1831 710 debebis,
1869 633 2082 717 quoad
2108 644 2172 697 te
2201 644 2511 715 quantum
2544 631 2798 717 proficias

790 755 923 795 nen
967 731 1331 820 paenitebit.
1420 728 1532 793 sed
1567 738 1783 793 tamen
1816 738 2035 792 nostra
2068 727 2291 810 legens
2332 748 2461 789 non
2496 724 2735 788 multum
2767 746 2801 785 a

790 823 1235 911 Peripatetieie
1287 822 1683 897 dissidentia,
1745 822 2047 905 quoniam
2110 821 2366 902 utrique
2422 817 2700 884 Socratici
2745 829 2801 879 et

790 919 1111 983 Platnuiei
1155 919 1447 983 velumus
1494 907 1659 992 es‘se,
1706 917 1785 979 de
1832 916 2023 980 rebus
2058 916 2214 1000 ipsis
2250 926 2430 978 utere
2464 925 2569 977 tuo
2599 909 2800 975 iudicio

794 1051 883 1059 «-
907 1015 1063 1075 nihil
1099 1011 1267 1075 euim
1303 1011 1555 1096 iupedio
1584 1047 1690 1087 —,
1728 1010 2078 1076 orationem
2116 1019 2335 1073 autem
2370 1007 2657 1072 Latinam
2688 1004 2803 1069 effi-

798 1108 923 1171 eiee
971 1107 1255 1191 prefeete
1303 1105 1588 1191 legendis
1634 1104 1865 1168 nostris
1909 1104 2283 1189 pleniorem.
2374 1124 2493 1167 nec
2536 1121 2672 1165 vero
2702 1098 2803 1161 hoc

798 1203 1179 1283 adroganter
1223 1199 1462 1263 dietum
1506 1198 1855 1263 existimari
1898 1198 2119 1274 velim3
2173 1219 2329 1261 nam
2363 1190 2805 1281 philosophandi

798 1295 1123 1355 seientiam
1171 1291 1524 1355 e-eneedens
1560 1292 1808 1367 multi5‚
1854 1290 2030 1374 quod
2064 1301 2162 1355 est
2197 1290 2468 1354 oratoris
2501 1286 2803 1373 proprium,

798 1399 963 1471 apte,
1003 1387 1315 1459 distinete,
1351 1395 1569 1449 ernate
1605 1385 2174 1467 dicere,.quoniam
2210 1385 2280 1447 in
2316 1406 2394 1449 eo
2432 1382 2625 1447 studio
2656 1388 2805 1443 aeta-

798 1495 927 1543 tem
975 1479 1367 1559 eonsumpsi‚
1415 1478 1470 1541 si
1510 1477 1580 1540 id
1624 1478 1782 1541 mihi
1828 1480 2097 1542 adsumo
2108 1525 2127 1554 ,
2172 1478 2399 1543 videor
2432 1477 2501 1541 id
2532 1495 2661 1539 meo
2690 1471 2806 1535 iure

730 1603 754 1639 e
802 1571 1079 1655 quedam
1113 1571 1303 1635 mede
1339 1570 1679 1635 vindicare.
1762 1593 1957 1654 quam
1994 1571 2077 1635 ob
2113 1594 2251 1635 rem
2284 1593 2522 1656 magno
2556 1588 2726 1653 opere
2755 1575 2806 1627 te

798 1667 1035 1739 her-ter,
1071 1667 1159 1727 mi
1199 1663 1442 1741 Cieem,
1479 1676 1552 1730 ut
1583 1686 1714 1729 non
1752 1667 1955 1729 solum
1992 1665 2313 1730 orat-iones
2350 1684 2545 1741 meae,
2580 1662 2684 1727 sed
2710 1659 2807 1722 hos

802 1759 991 1823 etiam
1039 1759 1115 1823 de
1159 1758 1555 1843 philesophia
1597 1759 1820 1834 libros,
1867 1759 1979 1844 qui
2012 1759 2141 1823 iam
2174 1759 2303 1824 illis
2340 1759 2474 1824 fere
2510 1780 2575 1821 se
2608 1776 2808 1837 aequa-

798 1863 967 1927 runt,
1003 1851 1283 1915 studiose
1319 1855 1495 1936 legas
1506 1877 1525 1929 3
1572 1852 1671 1916 vis
1707 1852 1877 1917 enim
1910 1850 2112 1916 maior
2145 1853 2214 1916 in
2247 1853 2377 1918 illis
2413 1849 2681 1925 dicendi,
2719 1844 2811 1909 sed

798 1947 919 2011 hee
963 1967 1219 2027 queque
1263 1945 1600 2011 eelendum
1646 1957 1747 2010 est
1780 1945 2113 2029 aequabile
2150 1956 2214 2012 et
2248 1955 2664 2031 temperatum
2693 1960 2809 2004 ora-

798 2039 983 2103 tionis
1051 2063 1271 2123 genus.
1315 2084 1335 2111 .
1363 2051 1427 2103 et
1477 2040 1546 2103 id
1598 2040 1855 2123 quidem
1912 2039 2151 2104 nemini
2203 2041 2397 2105 video
2454 2037 2809 2105 Graecorum

798 2131 1007 2195 adhue
1059 2135 1424 2219 e-entigisse,
1469 2143 1542 2198 ut
1585 2133 1759 2199 idem
1799 2144 2073 2217 utroque
2118 2134 2185 2197 in
2218 2154 2462 2219 genere
2497 2132 2808 2197 elaboraret

798 2239 1295 2307 sequereturque
1351 2238 1411 2291 et
1461 2227 1623 2292 illud
1675 2228 1927 2293 forense
1982 2228 2235 2309 dicendi
2290 2240 2353 2293 et
2400 2227 2521 2292 hoc
2562 2224 2809 2308 quietum

802 2319 1159 2403 disputandi
1199 2343 1428 2403 genus,
1465 2321 1590 2384 nisi
1625 2322 1791 2386 forte
1826 2322 2198 2388 Demetrius
2231 2322 2587 2387 Phalereus
2620 2318 2681 2381 in
2710 2314 2807 2377 hoc

798 2431 1063 2475 numere
1111 2411 1331 2475 haberi
1375 2424 1616 2497 potest,
1655 2411 2012 2499 disputator
2046 2416 2327 2491 subtilis,
2375 2425 2585 2480 orator
2615 2427 2805 2496 parum

798 2503 1167 2579 vehemens,
1243 2506 1443 2571 duleis
1514 2516 1755 2584 tamen,
1826 2520 1899 2573 ut
1961 2508 2391 2594 Theophrasti
2469 2502 2807 2591 discipulum

798 2599 1003 2683 pessis
1047 2623 1410 2683 agnes-aere.
1499 2622 1614 2664 nos
1662 2614 1879 2667 autem
1924 2615 2235 2687 quantum
2280 2602 2352 2667 in
2396 2614 2658 2684 utroque
2688 2615 2808 2681 pro·

798 2691 1167 2767 fecerimus,
1211 2695 1480 2759 alierum
1525 2694 1603 2758 sit
1650 2696 1986 2774 iudicium,
2042 2708 2386 2781 utrumque
2432 2707 2598 2763 certe
2638 2686 2807 2757 secuti

726 2811 751 2843 -ι
798 2811 1039 2851 sumus,
1103 2787 1398 2871 equidem
1431 2798 1495 2853 et
1521 2788 1863 2855 Platonem
1898 2792 2234 2869 existumo,
2272 2792 2327 2855 si
2362 2812 2568 2878 genus
2592 2788 2807 2852 forense

798 2879 1048 2943 dieendi
1089 2891 1355 2947 traetare
1391 2883 1718 2960 voluisset,
1754 2886 2129 2971 gravissime
2164 2897 2229 2949 et
2264 2883 2686 2970 copiosissime
2714 2896 2808 2962 po·

798 2975 995 3035 tuisse
1047 2975 1255 3039 dieere
1311 2991 1371 3039 et
1413 2974 1949 3055 Demosthenem,
1995 2980 2049 3043 si
2094 2980 2232 3055 illa,
2281 3001 2450 3061 quae
2494 3003 2533 3044 a
2571 2977 2807 3041 Platone

798 3063 1135 3143 didicerat,
1215 3071 1521 3135 tenuisset
1601 3083 1665 3136 et
1732 3074 2143 3157 pronuntiare
2212 3074 2546 3149 voluisset,
2621 3073 2807 3133 ornate

798 3159 1251 3243 splendideque
1299 3163 1506 3227 faeere
1551 3166 1834 3248 potuisse
1845 3191 1863 3246 3
1918 3167 2272 3251 eodemque
2324 3167 2515 3232 modo
2568 3166 2642 3228 de
2679 3156 2808 3223 Ari-

798 3251 1019 3315 stotele
1075 3263 1135 3315 et
1189 3255 1471 3321 Ieeerate
1520 3256 1764 3335 iudico,
1821 3281 2093 3343 quorum
2144 3271 2412 3345 uterque
2463 3280 2578 3325 suo
2626 3248 2805 3319 studio

798 3347 1147 3411 deleetatus
1183 3351 1560 3434 eentempsit
1593 3352 1884 3418 alterum.

726 3451 762 3503 ‘2
931 3439 1063 3507 Sed
1111 3467 1255 3507 eum
1299 3444 1659 3510 statuissem
1706 3447 1980 3512 scribere
2026 3448 2109 3512 ad
2154 3458 2215 3514 te
2252 3448 2492 3531 aliquid
2523 3446 2640 3510 hoc
2670 3451 2804 3503 tem-

794 3555 983 3639 pere-,U
1003 3535 1207 3599 multa
1239 3536 1521 3619 posthac,
1559 3540 1640 3603 ab
1678 3561 1755 3604 eo
1791 3540 1985 3604 ordiri
2020 3542 2297 3607 maxime
2331 3541 2532 3615 volui,
2567 3531 2716 3621 quod
2746 3537 2803 3590 et

798 3638 987 3691 aetati
1043 3639 1187 3691 tuae
1235 3642 1400 3695 esset
1443 3631 1844 3715 aptissimum
1891 3644 1956 3699 et
2000 3634 2360 3699 auctoritati
2404 3656 2597 3699 meae.
2670 3642 2804 3688 nam

794 3743 943 3783 eum
979 3723 1179 3783 multa
1215 3723 1339 3787 sint
1375 3723 1438 3787 in
1471 3725 1876 3811 philosophia
1910 3739 1975 3793 et
1998 3729 2221 3813 gravia
2249 3740 2313 3794 et
2337 3728 2515 3793 utilia
2542 3724 2805 3790 accurat-e

798 3815 1177 3899 eepieseque
1219 3843 1259 3879 a
1279 3819 1667 3906 philosophis
1691 3822 2032 3905 disputata,
2057 3823 2363 3889 latissime
2383 3833 2594 3907 patere
2612 3813 2806 3881 viden·

797 3919 899 3971 tur
939 3931 1035 3984 *3³1-
1075 3935 1239 3995 quae
1275 3911 1355 3979 de
1391 3914 1616 3980 officiis
1654 3916 1885 3982 tradita
1914 3917 1997 3981 ab
2034 3916 2158 3981 illis
2193 3929 2257 3982 et
2294 3923 2627 4002 praecepta
2659 3914 2806 3974 sunt-

798 4003 971 4063 nulla
1007 4007 1175 4067 enim
1203 4007 1371 4071 vitae
1395 4031 1777 4093 pars-neque
1804 4011 2076 4095 publicis
2103 4033 2310 4095 neque
2338 4008 2595 4096 privatis
2622 4016 2809 4083 neque
