3292 4559
833 264 970 328 'DE
1003 269 1332 328 DEORUM
1365 269 1693 330 NATURA
1724 271 1803 326 11.
1840 270 2149 328 106—112.
2452 259 2499 325 27
2503 259 2545 324 3

492 399 640 464 dein
673 418 837 482 quae
873 406 1252 480 sequuntur3
1288 395 1436 461 huic
1473 395 1642 460 enim
1677 395 1871 460 Booti
2573 417 2651 458 110

1437 488 1659 555 subter
1690 489 2063 574 praecordia
2096 489 2227 553 fixa
2261 487 2512 554 videtur

597 579 602 586 ’
665 541 846 653 stella
879 585 1122 650 micans
1157 583 1372 659 radiis,
1407 583 1727 652 Arcturus
1764 583 2019 648 nomine
2057 585 2269 660 clarc,

491 679 598 745 cui
631 679 922 746 subiecta
953 679 1156 744 fertur

664 775 912 859 spicum
935 771 1201 836 inlustre
1227 783 1451 838 tenens
1469 770 1829 856 splendenti
1858 792 2121 856 corpore
2143 771 2369 855 Virgo,

490 879 684 952 atque
719 869 810 933 ita
838 869 1158 932 demetata
1184 866 1370 952 signa
1405 877 1570 942 sunt,
1607 876 1679 930 ut
1714 866 1781 929 in
1807 866 1999 930 tantis
2028 863 2544 950 discriptionibus
2578 886 2650 940 43

491 961 712 1026 divina
746 960 1024 1024 sollertia
1059 959 1389 1044 adpareat·

667 1064 732 1119 et
763 1064 946 1118 natos
983 1051 1348 1118 Geminos
1327 1051 1564 1118 invises
1601 1052 1724 1118 sub
1762 1061 1953 1138 caput
1986 1050 2191 1116 Arcti.

670 1147 995 1212 subiectus
1029 1146 1277 1212 mediae
1314 1157 1410 1212 est
1447 1143 1700 1211 Cancer
1732 1146 2131 1233 pedibusque
2168 1154 2417 1210 tenetur

667 1262 942 1328 magnus
960 1240 1103 1306 Leo
1119 1240 1460 1307 tremulam
1478 1240 1770 1325 quatiens
1789 1263 1825 1306 e
1844 1261 2107 1356 corpore
2122 1239 2466 1306 flammam.

491 1333 746 1420 Auriga

664 1433 786 1498 sub
821 1432 1006 1498 laeva
1043 1432 1464 1501 Geminorum
1497 1434 1815 1500 obductus
1850 1445 2032 1521 parte
2066 1433 2327 1501 feretur.

665 1527 1004 1594 adversum
1041 1538 1238 1614 caput
1270 1528 1422 1594 huic
1456 1528 1729 1594 Helicae
1764 1529 2124 1594 truculenta
2158 1539 2390 1595 tuetur.

665 1631 732 1685 at
747 1687 753 1694 ,
768 1619 984 1706 Capra
1017 1622 1276 1688 laevum
1311 1643 1606 1688 umerum
1642 1621 1815 1688 clara
1849 1622 2112 1688 obtinet.

493 1723 630 1780 tum
665 1736 830 1799 quae
863 1727 1249 1798 sequuntur:

665 1830 888 1872 verum
906 1808 1066 1871 haec
1083 1818 1181 1872 est
1201 1829 1438 1892 magno
1458 1817 1651 1890 atque
1672 1807 1921 1894 inlustri
1945 1805 2235 1892 praedita
2254 1807 2458 1892 signe,

667 1914 886 1965 contra
919 1901 1136 1964 Haedi
1173 1903 1480 1986 exiguum
1513 1901 1754 1966 iaciunt
1788 1895 2161 1964 mortalibus
2194 1900 2433 1987 ignem.

495 1993 676 2060 cuius
713 1994 833 2058 sub
868 1993 1138 2080 pedibus

667 2089 962 2174 corniger
997 2099 1094 2154 est
1129 2086 1341 2154 valido
1379 2086 1643 2154 conixus
1680 2106 1941 2172 corpore
1977 2085 2035 2150 Τ
2038 2108 2251 2150 aurus.

495 2183 632 2248 eius
669 2193 862 2268 caput
897 2181 1094 2246 stellis
1132 2203 1546 2266 conspersum
1581 2191 1681 2247 est
1714 2179 2185 2265 frequentibus.
2574 2203 2651 2242 ιιι

663 2276 780 2340 has
817 2275 1054 2343 Graeci
1090 2277 1304 2341 stellas
1339 2276 1610 2360 Hyadas
1645 2275 1925 2340 vocitare
1962 2279 2225 2338 sue‘runt

491 2363 567 2450 [a
599 2363 971 2457 pluend03‘
945 2365 1080 2434 ὕειν
1109 2369 1278 2434 enim
1299 2380 1394 2434 est
1421 2366 1705 2454 pluere]:
1742 2368 1941 2432 nostri
1968 2367 2237 2476 inperite
2266 2367 2543 2444 suculas,

493 2467 677 2548 quasi
711 2489 750 2529 a
784 2464 984 2529 subus
1021 2475 1249 2540 essent,
1285 2486 1414 2527 non
1451 2463 1534 2527 ab
1569 2462 1881 2527 imbribus
1908 2462 2289 2526 nominatae.
2344 2461 2548 2524 mino-

492 2581 630 2624 rem
665 2569 880 2624 autem
908 2555 1424 2643 Septentrionem
1445 2554 1749 2675 Cepheus
1784 2555 1989 2641 passis
2024 2555 2253 2640 palmis
2289 2575 2329 2618 a
2364 2555 2543 2642 tergo

493 2652 928 2736 subsequitur.

664 2768 941 2830 namque
977 2745 1114 2831 ipse
1151 2744 1235 2809 ad
1270 2755 1522 2830 tergum
1543 2740 1918 2828 Cynosurae
1954 2740 2221 2808 vertitur
2237 2740 2441 2806 Arcti.
2529 2757 2535 2762 ’

495 2837 666 2904 hunc
691 2839 1020 2904 antecedit
1190 2859 1194 2864 ·

667 2933 940 2997 obscura
975 2931 1187 3017 specie
1225 2929 1551 2995 stellarum
1589 2925 1940 3015 Cassiepia.

668 3025 832 3091 hanc
868 3034 1080 3088 autem
1114 3023 1368 3088 inlustri
1403 3032 1693 3086 versatur
1728 3044 1989 3108 corpore
2024 3032 2282 3108 propter

667 3118 1084 3183 Andromeda
1119 3116 1460 3202 aufugiens
1497 3129 1827 3200 aspectum
1859 3126 2103 3180 maesta
2135 3115 2436 3202 parentis.

667 3213 818 3289 huic
852 3211 1079 3295 Equus
1115 3211 1221 3276 ille
1255 3211 1475 3295 iubam
1512 3209 1802 3294 quatiens
1838 3209 2089 3295 fulgore
2124 3209 2385 3278 micanti

669 3327 990 3371 summum
1027 3305 1336 3390 contingit
1371 3316 1564 3390 caput
1599 3305 1763 3380 alvo,
1802 3304 2110 3388 stellaque
2144 3301 2413 3390 iungens

575 3400 599 3438 ·’
669 3423 800 3466 una
835 3411 1008 3465 tenet
1043 3399 1312 3486 duplicis
1349 3397 1669 3462 communi
1702 3399 1941 3464 lumine
1977 3399 2245 3474 formas,

670 3508 999 3563 aeternum
1035 3509 1133 3562 ex·
1151 3491 1334 3560 astris
1371 3493 1632 3580 cupiens
1670 3505 1999 3560 conectere
2032 3493 2292 3558 nodum.

669 3591 817 3656 exin
851 3589 1150 3656 contortis
1187 3589 1378 3653 Aries
1415 3611 1560 3655 cum
1597 3589 1907 3654 cornibus*
1931 3589 2177 3663 haeret,

498 3707 688 3771 quem
722 3695 978 3770 propter

657 3777 912 3855 Pisces,
949 3797 1220 3862 quorum
1255 3776 1418 3842 alter
1449 3778 1714 3862 paulum
1748 3775 2137 3862 praelabitur
2170 3783 2320 3838 ante

671 3883 734 3938 et
767 3871 972 3957 magis
1005 3871 1330 3936 horriferis
1366 3871 1679 3954 aquilonis
1716 3870 1999 3956 tangitur
2032 3868 2223 3932 auris.

500 3965 584 4031 ad
617 3966 813 4053 pedes
847 3966 1300 4032 Andromedae
1335 3965 1612 4032 Perseus
1650 3964 2045 4040 describitur,
2574 3955 2649 4010 44

606 4071 628 4109 ·'
667 4082 860 4144 quem
895 4053 1496 4148 summa‘aregione
1532 4053 1843 4143 aquilonis
1870 4055 2131 4123 flamina
2153 4057 2430 4143 pulsant.
