3292 4559
1071 284 1178 338 DE
1215 282 1544 341 OFFIOIIS
1578 283 1653 340 H.
1694 284 1935 342 79—84.
2429 269 2531 338 75

476 405 790 474 sessiones
836 406 1080 474 moveri
1120 428 1251 472 non
1293 407 1483 473 nimis
1527 428 1808 492 aequum
1851 407 2150 493 putabat,
2194 419 2531 494 propterea

473 503 649 587 quod
693 513 822 567 tam
858 501 1051 587 longo
1097 501 1304 587 spatio
1347 502 1552 566 multa
1602 501 2093 578 hereditatibus,
2146 502 2350 566 multa
2396 523 2529 566 em-

473 595 826 681 ptionibus,
881 596 1082 660 multa
1136 594 1391 660 dotibus
1437 595 1823 662 tenebantur
1864 595 2001 660 sine
2051 594 2313 670 iniuria,
2366 593 2531 658 iudi-

476 691 648 755 cavit
697 711 911 774 neque
961 689 1086 754 illis
1141 688 1338 754 adimi
1387 711 1508 756 nec
1551 689 1630 755 iis
1681 710 1813 755 non
1856 689 2011 755 satis
2054 688 2193 754 fieri
2204 735 2225 766 ,
2260 707 2531 772 quorum

467 785 589 848 ‘illa
639 784 925 859 fuerant,
977 793 1290 868 oportere.
1381 806 1530 848 cum
1579 783 1779 870 igitur
1822 783 2147 850 statuisset
2179 804 2343 867 opus
2389 803 2530 847 esse
2564 804 2616 844 es

473 879 557 943 ad
619 901 763 945 eam
820 899 957 944 rem
1013 876 1519 943 constituendam
1573 877 1876 963 pecunia,
1938 876 2417 943 Alexandream
2462 897 2530 940 se

474 971 796 1057 proficisci
875 971 1040 1036 velle
1119 971 1279 1034 dixit
1355 991 1619 1054 remque
1699 971 2017 1057 integram
2094 968 2180 1034 ad
2255 969 2533 1033 reditum

475 1088 666 1132 suum
711 1065 898 1130 iussit
949 1086 1120 1141 esse,
1179 1064 1362 1149 isque
1407 1064 1695 1130 celeriter
1744 1064 1826 1129 ad
1858 1063 2304 1144 Ptolemaeum
2324 1083 2531 1127 *suum

473 1159 792 1245 hospitem
837 1157 1042 1235 venit,
1105 1159 1216 1242 qui
1277 1168 1413 1222 tum
1477 1158 1789 1244 regnabat
1840 1158 1999 1224 alter
2050 1167 2197 1244 post
2244 1156 2533 1222 Alexan·
2585 1148 2596 1156 ’

475 1254 698 1320 dream
750 1239 1108 1329 co'nditam3
1163 1253 1268 1318 cui
1309 1273 1459 1318 cum
1505 1253 1907 1338 exposuisset
1946 1249 2219 1338 patriam
2260 1273 2330 1318 se
2373 1249 2533 1316 libe-

473 1369 616 1423 rare
679 1347 845 1412 velle
907 1366 1294 1430 causamque
1357 1347 1708 1424 docuisset,
1775 1370 1816 1414 a
1864 1369 2017 1432 rege
2081 1345 2383 1432 opulento
2435 1345 2533 1408 vir

473 1463 762 1506 summus
806 1440 996 1505 facile
1029 1440 1375 1527 inpetravit
1410 1452 1483 1505 ut
1517 1441 1748 1527 grandi
1780 1441 2056 1526 pecunia
2090 1439 2527 1516 adiuvaretur3

474 1556 668 1618 quam
721 1555 869 1600 cum
915 1531 1260 1620 Sicyonem
1312 1534 1657 1614 attulisset,
1712 1534 2004 1601 adhibuit
2046 1533 2169 1598 sibi
2210 1533 2277 1599 in
2322 1533 2531 1600 consi-

470 1629 630 1693 lium
674 1628 1040 1712 quindecim
1083 1628 1435 1714 principes,
1482 1651 1632 1694 cum
1675 1629 1909 1713 quibus
1954 1650 2181 1695 causas
2228 1627 2530 1713 cognovit

472 1733 536 1788 et
575 1742 817 1796 eornm,
854 1721 965 1804 qui
1000 1721 1208 1787 aliena
1242 1723 1576 1800 tenebant,
1612 1733 1679 1789 et
1712 1745 1964 1799 eorum,
1998 1722 2112 1806 qui
2148 1743 2265 1786 sua
2300 1721 2529 1786 amise-

471 1824 648 1891 rant,
685 1814 1080 1899 perfecitque
1116 1815 1548 1882 aestumandis
1585 1816 2123 1902 possessionibus,
2160 1825 2233 1879 ut
2265 1837 2529 1900 persua-

474 1909 654 1974 deret
689 1907 850 1986 aliis,
883 1919 957 1972 ut
989 1908 1329 1994 pecuniam
1363 1909 1654 1995 accipere
1688 1909 1983 1988 mallent,
2018 1909 2527 1996 possessionibus

474 2003 803 2079 cederent,
856 2001 1029 2079 aliis,
1083 2013 1184 2075 ut.
1209 2003 1628 2070 commodius
1660 2014 1962 2090 putarent
2012 2001 2335 2068 numerari
2386 2002 2527 2080 sibi,

473 2097 648 2181 quod
693 2096 855 2160 tanti
897 2107 1092 2176 esset,
1137 2117 1333 2181 quam
1369 2119 1558 2164 suum
1594 2120 2000 2184 recuperare:
2046 2099 2139 2163 ita
2171 2096 2528 2183 perfectum

475 2201 572 2256 est
614 2199 686 2254 ut
731 2210 951 2254 omnes
995 2190 1337 2257 concordia
1373 2191 1719 2257 constituta
1752 2191 1887 2258 sine
1924 2191 2207 2276 querella
2241 2190 2529 2256 discede-

469 2296 632 2350 rent.
720 2306 761 2349 o
804 2284 1015 2350 virum
1066 2306 1374 2371 magnum
1421 2286 1847 2372 dignumque,
1892 2285 2003 2370 qui
2046 2285 2115 2350 in
2158 2307 2227 2352 re
2270 2284 2530 2370 publica
2562 2310 2615 2352 ss

469 2389 690 2444 nostra
731 2389 922 2444 natus
967 2379 1164 2444 esset!
1235 2380 1328 2445 sic
1362 2402 1480 2465 par
1513 2392 1612 2446 est
1645 2403 1839 2466 agere
1876 2401 2024 2445 cum
2060 2378 2335 2456 civibus,
2376 2401 2529 2455 non,

471 2484 545 2538 ut
608 2472 706 2537 bis
764 2473 894 2536 iam
955 2471 1264 2552 vidimus,
1297 2475 1579 2540 'hastam
1642 2475 1711 2539 in
1763 2475 1903 2540 foro
1955 2495 2193 2560 ponere
2246 2484 2309 2539 et
2361 2474 2531 2539 bona

473 2567 708 2632 civium
741 2567 884 2633 voci
921 2567 1212 2634 subicere
1247 2570 1600 2655 praeconis.
1674 2581 1743 2634 at
1774 2569 1882 2635 ille
1914 2567 2225 2648 Graecus,
2258 2568 2327 2634 id
2354 2567 2530 2653 quod

469 2661 591 2728 fuit
633 2660 935 2748 sapientis
981 2673 1046 2729 et
1088 2663 1472 2750 praestantis
1517 2663 1669 2740 viri,
1724 2664 2021 2730 omnibus
2064 2661 2529 2730 consulendum

469 2758 751 2844 putavit,
797 2753 1000 2841 eaque
1045 2769 1142 2824 est
1189 2782 1440 2827 summa
1482 2759 1644 2825 ratio
1691 2770 1757 2826 et
1800 2758 2112 2845 sapientia
2152 2757 2308 2822 boni
2352 2757 2527 2833 civis,

471 2850 808 2916 commoda
861 2850 1098 2915 civium
1151 2875 1283 2917 non
1335 2853 1636 2919 divellere
1692 2865 1885 2936 atque
1948 2850 2155 2916 omnis
2208 2850 2530 2935 aequitate

402 2969 408 2974 ·
471 2942 696 3008 eadem
733 2943 1075 3009 continere.
1165 2945 1483 3012 ‘habitent
1527 2946 1729 3032 gratis
1762 2945 1831 3011 in
1866 2944 2116 3012 alieno?
2204 2943 2361 3028 quid
2400 2943 2529 3008 ita?

469 3049 572 3114 ut,
619 3059 764 3103 cum
799 3059 922 3125 ego
958 3040 1251 3118 emerim,
1297 3040 1715 3117 aedificarim‚
1759 3050 1970 3118 tuear,
2014 3039 2413 3126 impendam,
2458 3049 2529 3104 tu

467 3155 574 3199 me
617 3132 818 3197 invito
863 3133 1080 3199 fruare
1125 3135 1312 3200 meo?
1397 3134 1556 3219 quid
1591 3145 1691 3202 est
1722 3133 1899 3202 aliud
1932 3135 2073 3201 aliis
2108 3157 2227 3202 sua
2261 3134 2526 3220 eripere,

469 3226 612 3292 aliis
649 3226 800 3294 dare
837 3227 1082 3293 aliena?
1150 3229 1408 3295 tabulae
1442 3251 1594 3296 vero
1629 3251 1836 3296 novae
1872 3229 2029 3314 quid
2062 3229 2301 3295 habent
2336 3251 2528 3315 argu·
2562 3249 2615 3290 ει

467 3319 698 3397 menti,
751 3320 875 3385 nisi
919 3332 992 3386 ut
1037 3343 1211 3388 emas
1255 3345 1402 3389 mea
1444 3325 1720 3409 pecunia
1761 3323 2067 3400 fundum,
2114 3345 2261 3388 eum
2308 3334 2379 3387 tu
2413 3322 2529 3388 ha·

468 3416 656 3489 beas,
702 3435 826 3500 ego
869 3436 998 3480 non
1031 3415 1306 3482 habeam
1339 3417 1719 3502 pecuniam?
1806 3436 2015 3501 quam‘
2035 3416 2122 3481 ob
2155 3439 2291 3482 rem
2324 3437 2408 3481 ne
2444 3416 2527 3480 sit
2560 3423 2631 3477 24

471 3531 582 3573 aes
618 3507 918 3586 alienum,
955 3509 1129 3593 quod
1163 3510 1258 3576 rei
1292 3511 1587 3596 publicae
1621 3522 1871 3588 noceat,
1906 3509 2375 3596 providendum
2410 3521 2526 3586 est,

470 3601 644 3686 quod
688 3603 903 3669 multis
945 3604 1298 3671 rationibus
1345 3605 1556 3671 caveri
1599 3615 1841 3691 potest,
1882 3625 2042 3681 non,
2086 3604 2143 3670 si
2188 3604 2411 3680 fuerit,
2456 3615 2528 3668 ut

470 3698 820 3784 locupletes
879 3721 1066 3766 suum
1111 3701 1412 3787 perdant,
1468 3701 1789 3768 debitores
1841 3701 2167 3767 lucrentur
2216 3697 2523 3774 alienum3

471 3813 593 3856 nec
637 3793 808 3858 enim
851 3794 984 3860 ulla
1027 3817 1130 3863 res
1185 3794 1626 3862 vehementius
1678 3817 1817 3862 rem
1868 3793 2195 3880 publicam
2248 3791 2528 3858 continet

475 3906 668 3968 quam
709 3886 901 3964 fides,
946 3910 1112 3973 quae
1158 3911 1298 3956 esse
1341 3889 1520 3956 nulla
1561 3899 1804 3975 potest,
1848 3887 1972 3954 nisi
2017 3887 2137 3953 erit
2167 3883 2527 3954 necessaria

477 3977 704 4046 solutio
737 4001 950 4046 rerum
987 3983 1390 4050 creditarum.
1453 4004 1809 4068 numquam
1844 3980 2282 4047 vehementius
2311 3987 2524 4046 actum

475 4088 572 4144 est
622 4099 814 4162 quam
868 4101 971 4144 me
1025 4081 1284 4147 consule
1337 4103 1420 4148 ne
1471 4081 1851 4158 solveretur3
1922 4077 2113 4144 armis
2176 4088 2239 4144 et
2302 4075 2523 4141 castris
