3292 4559
1104 198 1213 255 DE
1248 196 1589 257 LEGIBUS
1617 198 1696 256 11.
1735 199 1977 263 11--16,
2138 266 2153 279 ,
2255 186 2260 193 ’
2435 187 2568 253 275

456 344 717 393 ,rerum
768 320 1053 389 omnium
1105 320 1462 408 principem
1516 346 1822 409 expressa
1863 333 2188 401 naturam,
2237 323 2330 391 ,ad
2369 344 2567 411 quam

488 420 681 505 leges
714 416 1047 484 hominum
1082 414 1479 502 diriguntur,
1514 437 1683 502 quae
1719 418 2031 504 supplicio
2069 418 2371 505 inprobos
2393 414 2567 485 'adfi-

488 514 711 590 ciunt,
747 510 1103 577 defendunt
1138 532 1215 577 ac
1250 522 1511 579 tuentur
1546 512 1770 579 bonos.
1865 512 1936 594 Q.
1999 512 2344 583 Praeclare
2378 513 2566 585 intel-

487 608 647 692 lego
656 652 681 683 ,
731 628 853 673 1100
905 626 1058 670 vero
1110 605 1241 671 iam
1294 605 1489 671 aliam
1540 628 1683 673 esse
1736 608 1935 675 ullam
1979 608 2194 694 legem
2235 620 2392 695 puto
2436 631 2573 678 11011

490 700 695 767 1110ᾶο
729 700 1113 776 habendam,
1150 700 1267 765 sed
1300 723 1385 767 ne
1418 701 1870 787 appellandam
1905 701 2186 785 quidem.
2275 704 2368 769 M.
2431 704 2566 792 Igi-

487 807 603 861 tur
658 805 733 859 tu
776 792 983 860 Titias
1028 805 1095 860 et
1138 794 1453 881 Apuleias
1498 796 1678 882 leges
1721 795 1932 864 nullas
1976 796 2208 882 putas?
2281 796 2356 877 Q.
2417 796 2566 883 Ego

487 912 781 969 verone
815 888 1042 955 Livias
1076 889 1360 973 quidem.
1446 892 1541 955 M.
1607 888 1700 955 Et
1741 901 1946 967 recte,
1991 912 2158 975 quae
2193 893 2568 977 praesertim

489 1008 629 1053 uno
666 984 983 1051 versiculo
1019 995 1277 1053 senatus
1312 995 1554 1071 puncto
1588 985 1892 1072 temporis
1927 986 2220 1055 sublatae
2255 986 2410 1053 sint:
2461 986 2568 1055 lex

488 1092 721 1147 autem
754 1079 895 1157 illa,
939 1077 1121 1145 cuius
1158 1079 1291 1145 vim
1326 1079 1671 1166 explicavi,
1715 1100 1928 1165 neque
1963 1080 2100 1145 tolli
2134 1100 2344 1165 neque
2381 1081 2566 1145 abro-

486 1174 639 1261 gari
693 1182 923 1259 potest.
1018 1172 1091 1254 Q.
1158 1171 1293 1241 Eas
1346 1185 1417 1241 tu
1468 1174 1666 1261 igitur
1715 1175 1894 1261 leges
1942 1174 2202 1261 rogabis
2247 1174 2564 1253 videlicet,

460 1292 669 1353 quae
706 1288 1059 1351 numquam
1094 1267 1505 1355 abrogentur.
1566 1270 1662 1335 M.
1709 1266 1927 1347 Certe,
1962 1270 2018 1335 si
2045 1269 2240 1335 modo
2266 1280 2566 1356 acceptae

484 1387 531 1428 a
568 1363 831 1428 duobus
864 1361 1049 1429 vobis
1084 1373 1292 1429 erunt.
1354 1364 1490 1440 sed,
1526 1374 1601 1428 ut
1633 1364 1734 1429 vir
1768 1362 2172 1431 doctissimus
2206 1364 2357 1432 fecit
2374 1363 2568 1429 Plato

484 1471 697 1543 atque
756 1457 929 1523 idem
990 1458 1409 1545 gravissimus
1469 1458 2002 1545 philosophorum
2064 1460 2385 1539 omnium,
2454 1460 2568 1545 qui

487 1554 798 1639 princeps
845 1551 928 1617 de
961 1574 1031 1617 re
1066 1552 1328 1638 publica
1363 1554 1740 1642 conscripsit
1771 1554 2072 1639 idemque
2107 1556 2451 1641 separatim
2487 1556 2568 1623 (10

486 1648 755 1735 legibus
791 1646 961 1725 eius,
1005 1647 1179 1713 idem
1213 1648 1370 1715 mihi
1404 1650 1597 1715 credo
1632 1672 1774 1716 0550
1807 1648 2208 1728 faciundum,
2253 1660 2346 1727 ut,
2391 1652 2568 1737 prius

486 1765 697 1827 quam
740 1740 951 1827 ipsam
993 1741 1207 1827 legem
1249 1742 1543 1821 recitem,
1597 1743 1680 1811 de
1726 1743 1867 1811 eius
1897 1743 2063 1829 legis
2099 1743 2292 1810 laude
2327 1744 2564 1822 dicam3

490 1834 679 1921 quod
709 1835 883 1901 idem
918 1835 1110 1901 etiam
1147 1836 1501 1904 Zaleucum
1536 1849 1601 1903 et
1638 1834 2054 1905 Charondam
2086 1838 2318 1905 fecisse
2353 1837 2564 1916 video,

490 1954 649 1997 cum
696 1929 957 2015 quidem
998 1930 1093 1995 illi
1136 1952 1269 1998 11011
1312 1932 1507 1997 studii
1555 1943 1618 1999 et
1655 1932 2122 2044 delectationis,
2171 1933 2286 1999 sed
2320 1933 2414 2001 rei
2446 1956 2568 2019 pu-

490 2026 708 2093 blicae
744 2047 941 2093 causa
972 2026 1151 2113 leges
1187 2024 1587 2093 civitatibus
1588 2027 1722 2093 suis
1757 2028 2178 2115 scripserunt:
2226 2048 2388 2112 quos
2424 2028 2567 2093 11111·-

488 2133 673 2189 tatus
708 2119 898 2186 Plato
934 2120 1235 2188 videlicet
1269 2121 1393 2187 hoc
1426 2144 1688 2207 quoque
1719 2122 1884 2209 leg1s
1919 2122 2172 2209 putavit
2207 2144 2376 2199 0550,
2422 2144 2568 2209 per-

488 2215 772 2283 suadere
807 2213 1068 2300 aliquid,
1104 2238 1235 2281 non
1260 2215 1477 2281 omnia
1505 2217 1573 2281 vi
1599 2239 1689 2283 ac.
1705 2217 1895 2283 11111115
1925 2238 2176 2304 cogere.
2229 2216 2300 2299 Q.
2349 2215 2565 2299 Quid?

487 2310 677 2395 quod
713 2308 1067 2375 Zaleucum
1108 2310 1307 2378 istum
1351 2322 1549 2397 negat
1582 2312 1788 2377 ullum
1819 2311 2021 2379 fuisse
2057 2311 2404 2378 Timaeus?
2471 2311 2564 2378 Μ.

493 2408 593 2471 Α1
621 2404 1126 2491 Theophrastus,
1164 2414 1389 2473 auctor
1423 2405 1599 2471 haud
1636 2406 1913 2473 deterior
1945 2429 2092 2473 mea
2125 2406 2390 2491 quidem
2423 2428 2568 2473 5011·

492 2498 703 2565 tentia
734 2534 821 2546 -—
852 2500 1183 2567 meliorem
1216 2500 1403 2569 multi
1437 2501 1770 2567 nominant
1794 2538 1884 2549 —-
1899 2514 2354 2579 commenwrat3
2391 2521 2567 2567 com-

494 2607 860 2661 memorant
893 2616 1047 2660 vero
1082 2595 1285 2681 ipsius
1320 2596 1523 2673 cives,
1570 2596 1774 2662 nostri
1809 2596 2098 2673 clientes,
2147 2596 2364 2663 Locri.
2452 2596 2566 2661 sed

490 2690 637 2755 sive
672 2688 797 2753 fuit
832 2687 969 2753 sive
1001 2710 1135 2753 non
1168 2689 1313 2767 fuit,
1348 2689 1509 2753 nihil
1544 2691 1631 2755 ad
1663 2712 1830 2756 rem:
1867 2689 2192 2774 loquimur
2225 2688 2402 2771 quod
2437 2698 2566 2751 tra-

492 2784 708 2849 ditum
747 2792 865 2845 est.

634 2874 735 2943 Sit
796 2874 995 2961 igitur
1046 2875 1169 2941 hoc
1218 2875 1351 2941 iam
1402 2899 1445 2940 a
1494 2876 1808 2963 principio
1860 2896 2244 2961 persuasum
2297 2873 2565 2951 civibus,

493 2970 797 3037 dominos
833 2991 972 3035 0550
1008 2969 1296 3036 omnium
1330 2992 1547 3037 rerum
1582 2992 1660 3035 ac
1695 2970 2126 3037 moderatores
2153 2969 2308 3036 deos
2341 2990 2566 3053 eaque,

494 3089 671 3153 quae
713 3076 1052 3153 gerantur,
1098 3085 1319 3131 eorum
1363 3064 1505 3151 geri
1540 3064 1791 3131 dicione
1828 3087 1904 3131 ac
1937 3064 2234 3142 numine,
2277 3064 2568 3133 eosdem-

494 3184 631 3246 que
668 3161 907 3248 optime
944 3160 1025 3226 de
1058 3183 1295 3247 genere
1330 3159 1665 3226 hominum
1699 3158 1932 3225 mereri
1967 3172 2032 3225 et
2057 3158 2266 3243 qualis
2293 3159 2566 3245 quisque

496 3258 584 3323 sit
598 3304 617 3335 ,
652 3256 811 3342 quid
845 3266 1025 3342 agat,
1064 3254 1222 3339 quid
1252 3254 1321 3319 in
1356 3278 1425 3321 se
1458 3254 1753 3321 admittat
1767 3300 1786 3331 ,
1821 3276 1952 3339 qua
1985 3264 2196 3320 mente
2209 3301 2228 3331 ,
2271 3276 2402 3339 qua
2433 3255 2569 3339 pie-

501 3361 637 3417 tate
684 3350 851 3416 colat
893 3350 1233 3436 religiones
1248 3396 1265 3427 ,
1310 3350 1545 3415 intueri
1588 3349 1972 3435 piorumque
2005 3358 2067 3414 et
2101 3347 2421 3433 inpiorum
2454 3346 2570 3413 ha-

502 3446 658 3510 bere
711 3444 1044 3508 rationem.
1152 3443 1253 3509 his
1308 3444 1479 3511 enim
1531 3444 1727 3509 rebus
1777 3443 2042 3509 inbutae
2095 3451 2343 3507 mentes
2393 3440 2570 3507 haud

502 3560 664 3605 sane
708 3537 1143 3605 abhorrebunt
1179 3538 1265 3603 ab
1300 3538 1441 3605 utili
1476 3549 1588 3604 aut
1622 3561 1664 3603 a
1698 3560 1852 3604 vera
1885 3536 2229 3605 sententia.
2213 3559 2228 3574 ·
2282 3534 2440 3619 quid
2473 3545 2569 3599 est

500 3633 678 3699 enim
739 3632 953 3698 verius
1018 3654 1213 3717 quam
1276 3632 1599 3699 neminem
1653 3655 1794 3699 0550
1845 3642 2140 3719 oportere
2192 3640 2327 3695 tam
2379 3628 2570 3695 stulte

504 3728 953 3814 adrogantem,
1000 3740 1071 3792 ut
1115 3728 1183 3793 in
1227 3750 1297 3795 50
1344 3727 1659 3793 rationem
1703 3739 1768 3793 et
1811 3738 2093 3795 mentem
2125 3735 2309 3813 putet
2340 3723 2570 3800 inesse,

502 3821 576 3886 in
636 3822 813 3888 caelo
874 3823 1245 3906 mundoque
1307 3845 1437 3888 non
1490 3822 1714 3909 putet?
1787 3833 1902 3888 aut
1951 3834 2022 3887 ut
2073 3845 2180 3897 ea,
2242 3840 2408 3905 quae
2462 3817 2572 3882 vix

504 3939 761 3982 summa
792 3915 1035 4003 ingenii
1068 3920 1303 3983 ratione
1330 3918 1795 4004 conprehendat,
1833 3919 2010 3981 nulla
2045 3915 2292 3981 ratione
2328 3911 2572 3979 moveri

506 4012 728 4097 putet?
773 4032 965 4097 quem
1000 4035 1152 4079 vero
1189 4023 1505 4081 astrorum
1542 4012 1820 4091 ordines,
1857 4033 2050 4097 quem
2087 4010 2336 4075 dierum
2368 4008 2571 4075 nocti-

2093 4110 2164 4167 18
2183 4113 2207 4139 ‘

2619 524 2653 577 6

2611 725 2662 765 14

2611 2236 2662 2278 15

2613 3460 2664 3503 16
