3292 4559
736 240 871 310 240
1356 246 1435 301 Μ.
1472 242 1748 303 TULLII
1782 240 2187 299 CICERONIS
2231 244 2240 251 “

1436 366 1731 435 Sommm
1774 364 2108 433 Scmoms.

840 510 1181 596 (Numerus
1205 509 1530 597 posterior,
1571 504 1731 569 binis
1766 504 2156 567 semicirculis
2192 504 2689 586 circumscriptus,

973 616 1147 670 notat
1181 614 1363 689 caput
1398 610 1716 686 separatae
1751 597 1898 661 olim
1931 596 2175 661 Samnii
2207 596 2507 660 editionis·
2512 595 2541 679 )

650 731 688 841 eto

868 750 969 822 (1.)
1006 738 1231 808 Cum
1212 762 1281 803 m
1312 736 1611 803 Africam
1644 734 1962 801 venissem
1987 732 2108 797 Μ’.
2127 730 2402 797 Manilio
2433 731 2678 797 consuli
2707 732 2796 797 ad

742 848 1040 925 quartam
1073 834 1393 921 legionem
1428 831 1744 905 tribunus,
1779 839 1853 894 ut
1887 827 2082 905 scitis,
2116 826 2409 903 militum,
2445 825 2606 891 nihil
2637 825 2797 891 mihi

738 934 863 1001 fuit
902 932 1115 1019 potius
1159 946 1355 1013 quam
1396 936 1470 991 ut
1502 923 1917 989 Masinissam
1963 921 2372 989 convenirem
2403 942 2656 1007 regem,
2697 918 2800 985 fa-

736 1028 953 1095 miliae
985 1035 1239 1093 nostrae
1270 1019 1459 1085 iustis
1494 1019 1575 1085 de
1608 1018 1822 1083 causis
1857 1015 2344 1083 amicissimum·
2381 1014 2468 1081 ad
2500 1036 2698 1099 quem
2721 1024 2798 1077 ut

738 1122 916 1199 veni,
978 1119 1329 1227 conplexus
1388 1137 1493 1179 me
1552 1136 1751 1181 senex
1813 1110 2292 1177 conlacrimavit
2339 1110 2798 1193 aliquantoque

738 1228 885 1304 post
944 1212 1229 1299 suspexit
1288 1208 1375 1275 ad
1432 1209 1686 1275 caelum
1749 1218 1816 1273 et
1865 1206 2136 1292 ‘'grates
2189 1204 2396 1289 inquit
2447 1203 2600 1269 ‘tibi
2651 1225 2798 1289 ago,

634 1383 642 1391 ,
740 1332 987 1378 summe
1025 1306 1167 1383 Sol,
1212 1305 1553 1389 vobisque,
1597 1303 1843 1413 reliqui
1873 1302 2159 1379 caelites,
2205 1300 2379 1385 quod
2414 1311 2566 1367 ante
2603 1296 2798 1385 quam

740 1428 820 1471 ex
862 1404 987 1468 hac
1028 1400 1163 1466 vita
1202 1400 1411 1485 migro
1458 1397 1780 1483 conspicio
1823 1396 1894 1461 in
1935 1418 2080 1461 meo
2124 1416 2324 1481 regno
2367 1404 2434 1461 et
2475 1394 2582 1461 his
2615 1396 2797 1461 tectis

736 1500 817 1567 P.
848 1495 1221 1565 Cornelium
1249 1492 1641 1581 Scipionem,
1677 1492 1858 1557 cuius
1895 1514 2019 1578 ego
2055 1491 2312 1558 nomine
2345 1490 2488 1576 ipso
2523 1512 2801 1568 recreor,

732 1593 955 1677 itaque
1014 1611 1369 1673 numquam
1430 1612 1512 1655 ex
1562 1587 1775 1653 animo
1827 1608 1972 1651 meo
2027 1584 2298 1651 discedit
2345 1585 2517 1651 illius
2575 1586 2800 1671 optimi

740 1699 935 1771 atque
980 1682 1383 1751 invictissimi
1431 1681 1553 1747 viri
1602 1681 1932 1747 memoria.
1936 1680 1952 1708 ’
2041 1673 2274 1745 deinde
2317 1702 2442 1765 ego
2485 1680 2676 1747 illum
2721 1680 2800 1747 de

739 1804 857 1847 suo
900 1800 1131 1866 regno,
1176 1779 1281 1843 ille
1324 1799 1427 1843 me
1472 1776 1553 1841 de
1587 1786 1806 1841 nostra
1837 1797 1908 1840 re
1942 1774 2202 1861 publica
2232 1785 2650 1860 percontatus
2685 1786 2804 1853 est,

737 1876 1085 1960 multisque
1117 1873 1331 1939 verbis
1366 1873 1531 1937 ultro
1568 1871 1856 1954 citroque
1891 1869 2126 1935 habitis
2159 1870 2267 1936 ille
2301 1870 2489 1935 nobis
2519 1882 2622 1937 est
2649 1893 2806 1937 con-

636 1960 707 2071 2⁰
740 1980 1030 2057 sumptus
1080 1968 1239 2033 dies.
1324 1977 1473 2053 post
1526 1975 1743 2031 autem
1788 1964 2103 2049 adparatu
2148 1965 2328 2050 regio
2371 1965 2628 2051 accepti
2671 1988 2804 2031 ser-

670 2031 995 2133 ⁰monem
1036 2062 1103 2129 in
1138 2062 1407 2127 multam
1439 2071 1696 2125 noctem
1727 2058 2177 2145 produximus,
2223 2080 2370 2123 cum
2405 2080 2610 2125 senex
2641 2059 2804 2125 nihil

737 2159 862 2224 nisi
908 2158 989 2225 de
1025 2156 1337 2223 Africano
1371 2155 1739 2239 loqueretur
1773 2153 2116 2263 omniaque
2149 2151 2288 2217 eius
2321 2174 2452 2218 non
2485 2153 2664 2220 facta
2699 2178 2804 2221 so-

736 2255 901 2332 lum,
954 2251 1069 2319 sed
1118 2251 1315 2317 etiam
1366 2249 1539 2315 dicta
1582 2247 1992 2315 meminisset.
2081 2246 2340 2324 deinde,
2385 2259 2460 2314 ut
2501 2250 2800 2315 cubitum

738 2347 1176 2420 discessimus,
1236 2366 1341 2409 me
1392 2354 1459 2408 et
1511 2343 1593 2408 de
1644 2344 1752 2409 via
1805 2354 1870 2409 et
1919 2343 2032 2427 qui
2083 2343 2168 2409 ad
2220 2344 2490 2409 multam
2537 2357 2800 2412 noctem

736 2441 1133 2525 vigilassem,
1188 2438 1383 2503 artior
1434 2458 1633 2521 quam
1687 2438 1932 2504 solebat
1977 2460 2240 2504 somnus
2283 2440 2638 2525 conplexus
2679 2453 2798 2506 est.

736 2533 843 2599 hic
877 2531 1035 2595 mihi
1068 2568 1157 2578 —
1192 2532 1380 2597 credo
1419 2532 1717 2615 equidem
1753 2555 1834 2597 ex
1869 2531 2022 2610 hoc,
2069 2533 2242 2615 quod
2277 2556 2532 2599 eramus
2565 2535 2763 2599 locuti
2775 2560 2800 2611 3

735 2626 809 2693 fit
854 2626 1026 2693 enim
1069 2624 1204 2693 fere
1246 2636 1319 2690 ut
1362 2626 1780 2712 cogitationes
1825 2648 2278 2711 sermonesque
2311 2629 2514 2693 nostri
2546 2628 2798 2714 pariant

738 2720 1045 2808 aliquid
1026 2744 1094 2785 m
1138 2742 1362 2787 somno
1396 2722 1553 2797 tale,
1598 2722 1789 2832 quale
1827 2720 1908 2787 de
1943 2722 2232 2788 Homero
2267 2722 2490 2788 scribit
2520 2722 2798 2801 Ennius,

737 2813 819 2884 de
863 2838 996 2901 quo
1040 2816 1337 2883 videlicet
1380 2816 1750 2903 saepissime
1795 2816 2069 2901 vigilans
2113 2816 2357 2882 solebat
2403 2818 2688 2905 cogitare
2733 2831 2802 2885 et

736 2912 933 3023 loqui·
947 2948 1036 2961 --
1069 2911 1419 2977 Africanus
1466 2934 1537 2977 se
1582 2911 1860 2977 ostendit
1901 2934 1980 2977 ea
2023 2911 2258 2989 forma,
2301 2933 2471 2995 quae
2513 2912 2673 2979 mihi
2717 2937 2802 2981 ex

736 3005 1019 3089 imagine
1056 3005 1193 3072 eius
1228 3028 1424 3090 quam
1460 3030 1541 3072 ex
1574 3006 1716 3091 ipso
1747 3014 1885 3071 erat
1909 3005 2145 3082 notior3
2183 3027 2374 3137 quem
2400 3007 2514 3072 ubi
2541 3010 2802 3095 agnovi,

739 3099 1039 3182 equidem
1074 3100 1390 3177 cohorrui,
1426 3101 1542 3167 sed
1566 3101 1674 3167 ille
1709 3100 1927 3166 ‘'ades
1965 3100 2227 3185 inquit‘
2239 3102 2452 3167 animo
2479 3114 2545 3168 et
2571 3104 2800 3170 omitte

736 3193 1051 3271 timorem,
1089 3192 1329 3281 Scipio,
1366 3206 1433 3261 et
1466 3216 1632 3279 quae
1669 3194 1879 3260 dicam
1914 3195 2096 3261 trade
2129 3197 2492 3263 memoriae.

632 3277 701 3390 ff
866 3292 969 3367 (2.)
1044 3288 1332 3357 Videsne
1374 3290 1553 3355 illam
1598 3290 1824 3355 urbem
1839 3336 1857 3366 ,
1905 3310 2071 3373 quae
2116 3312 2342 3376 parere
2384 3293 2626 3377 populo
2661 3293 2792 3359 Ro·

736 3404 929 3449 mano
980 3394 1203 3449 coacta
1253 3406 1371 3469 per
1420 3407 1525 3451 me
1578 3396 1846 3449 renovat
1891 3384 2158 3469 pristina
2204 3385 2372 3451 bella
2420 3406 2544 3452 nec
2583 3397 2800 3473 potest

737 3476 1101 3561 quiescere?
1134 3514 1222 3525 —-—
1254 3478 1634 3543 ostendebat
1669 3490 1886 3543 autem
1917 3478 2390 3564 Karthaginem
2423 3480 2508 3546 de
2543 3482 2800 3547 excelso

737 3583 800 3638 et
851 3573 1045 3659 pleno
1095 3573 1422 3639 stellarum
1474 3573 1726 3638 inlustri
1769 3584 1834 3639 et
1877 3574 2046 3639 claro
2089 3574 2369 3659 quodam
2411 3576 2555 3641 loco
2588 3613 2680 3625 --
2711 3578 2802 3641 ad

737 3687 933 3752 quam
983 3678 1056 3733 tu
1107 3668 1608 3754 oppugnandam
1653 3690 1828 3733 nunc
1871 3668 2050 3733 venis
2093 3690 2298 3754 paene
2343 3670 2556 3736 miles:
2628 3672 2801 3737 hano

734 3759 861 3826 hoc
903 3762 1161 3827 biennio
1208 3763 1429 3827 consul
1466 3772 1716 3827 evertes
1751 3763 1996 3847 eritque
2033 3784 2387 3848 cognomen
2422 3764 2490 3829 id
2523 3765 2645 3830 tibi
2678 3788 2802 3853 per

734 3864 799 3919 te
833 3865 1110 3939 partum,
1146 3856 1322 3940 quod
1356 3856 1557 3921 habes
1584 3856 1798 3923 adhuc
1823 3880 1865 3922 a
1888 3857 2074 3921 nobis
2101 3857 2575 3923 hereditarium.
2639 3882 2796 3925 cum

736 3957 951 4014 autem
982 3949 1455 4035 Karthaginem
1492 3950 1823 4027 deleveris,
1860 3950 2254 4036 triumphum
2289 3952 2498 4037 egeris
2533 3974 2800 4019 censor—

734 4058 861 4120 que
894 4040 1092 4106 fueris
1128 4054 1191 4107 et
1226 4042 1455 4109 obieris
1490 4043 1740 4129 legatus
1776 4044 2175 4133 Aegyptum,
2215 4044 2500 4134 Syriam,
2537 4047 2798 4127 Asiam,
