3292 4559
636 1184 673 1295 *10

636 3825 671 3879 3

642 3897 669 3936 6

730 230 861 297 296
1347 236 1424 291 M.
1465 232 1740 293 TULLII
1771 230 2178 297 CICERONIS

724 364 895 432 enim
936 360 1413 449 magistratibus
1460 359 1668 445 leges,
1712 356 1802 421 ita
1833 356 2078 442 populo
2111 367 2414 441 praesunt
2444 359 2785 444 magistra.

725 471 847 537 tus,
892 477 1173 540 vereque
1210 454 1336 521 dici
1370 462 1580 540 potest
1615 451 2062 539 magistratum
2095 450 2308 537 legem
2343 474 2482 517 esse
2517 453 2787 538 loqueu-

725 564 884 630 tem,
945 552 1159 637 legem
1221 559 1437 616 autem
1498 558 1751 613 mutum
1810 545 2281 633 magistratum.
2383 547 2542 613 nihil
2599 570 2784 635 porro

722 658 855 711 tam
900 655 1124 731 aptum
1169 655 1267 712 est
1311 645 1394 710 ad
1438 643 1541 708 ius
1584 641 2154 726 condicionemque
2187 651 2456 708 naturae
2487 678 2582 691 —-
2617 641 2789 726 quod

724 763 871 805 cum
917 740 1059 805 dico
1073 787 1093 817 ,
1137 740 1348 825 legem
1385 761 1424 802 a
1466 760 1571 803 me
1618 736 1745 801 dici
1786 734 2076 822 intellegi
2119 735 2267 801 volo
2303 774 2388 784 —
2422 757 2623 820 quam
2665 736 2789 800 im-

722 836 1001 920 perium,
1047 834 1184 899 sine
1229 854 1359 918 quo
1404 852 1526 899 nec
1570 830 1799 895 domus
1831 830 1978 908 ,ulla
2030 852 2152 899 nec
2195 830 2418 902 civitas
2461 851 2582 897 nec
2625 852 2786 915 gens

723 951 844 995 nec
887 928 1220 995 hominum
1262 927 1635 992 universum
1678 946 1884 1011 genus
1931 935 2099 991 stare
2143 946 2263 990 nec
2307 948 2521 990 rerum
2552 934 2789 989 natura

724 1024 929 1089 omnis
973 1045 1095 1089 nec
1138 1023 1277 1109 ipse
1308 1021 1589 1087 mundus
1626 1029 1839 1106 potest
1848 1044 1867 1097 ;
1919 1042 2072 1085 nam
2107 1031 2172 1085 et
2206 1019 2312 1085 hic
2345 1020 2467 1086 deo
2502 1029 2688 1105 paret
2723 1036 2790 1084 et

726 1117 876 1183 huic
920 1118 1270 1183 oboediunt
1312 1115 1515 1180 maria
1556 1124 1894 1198 terraeque
1941 1124 2007 1179 et
2049 1112 2384 1178 hominum
2423 1114 2559 1178 vita
2594 1113 2789 1177 iussis

726 1235 1065 1299 supremae
1110 1211 1272 1297 legis
1318 1209 1736 1295 obtemperat.
1825 1220 2018 1291 atque
2063 1218 2135 1273 ut
2179 1208 2263 1273 ad
2297 1207 2456 1273 haec
2492 1206 2792 1273 citeriora

725 1306 980 1374 veniam
1022 1315 1087 1375 et
1119 1304 1371 1369 notiora
1404 1302 1623 1378 nobis,
1669 1324 1890 1367 omnes
1927 1301 2226 1386 antiquae
2261 1312 2488 1387 gentes
2521 1302 2788 1388 regibus

722 1400 1047 1484 quondam
1081 1408 1459 1484 paruerunt:
1497 1396 1674 1481 quod
1707 1419 1915 1482 genus
1949 1396 2202 1481 imperii
2233 1394 2518 1481 primum
2552 1396 2643 1461 ad
2677 1396 2790 1460 ho-

722 1494 926 1558 mines
977 1491 1357 1558 iustissimos
1414 1501 1479 1557 et
1530 1490 2034 1576 sapientissimos
2099 1490 2538 1567 deferebatur,
2592 1490 2788 1574 idque

723 1588 826 1653 vel
859 1587 928 1651 in
960 1610 1033 1653 re
1074 1587 1333 1672 publica
1366 1596 1582 1651 nostra
1616 1585 1893 1650 maxime
1929 1584 2170 1661 valuit,
2205 1585 2420 1669 quoad
2453 1585 2534 1667 ei,
2551 1586 2787 1671 regalis

720 1692 1005 1767 potestas
1048 1679 1360 1767 praefuit,
1406 1679 1637 1745 deinde
1682 1679 1876 1744 etiam
1913 1678 2212 1765 deinceps
2247 1678 2520 1765 posteris
2556 1678 2789 1763 prode-

721 1776 933 1853 batur,
978 1774 1151 1859 quod
1187 1774 1254 1839 in
1288 1774 1367 1839 iis
1403 1774 1617 1851 etiam,
1656 1773 1767 1858 qui
1801 1794 1974 1838 1111110
2009 1783 2302 1859 regnant,
2347 1782 2564 1839 manet
2573 1798 2593 1850 3
2649 1772 2790 1857 qui-

720 1870 843 1935 bus
876 1880 1094 1935 autem
1128 1869 1311 1955 regia
1342 1878 1623 1954 potestas
1658 1888 1790 1932 non
1824 1867 2085 1951 placuit,
2123 1889 2254 1945 non
2287 1868 2336 1931 ii
2369 1866 2635 1944 nemini,
2673 1866 2790 1931 sed

718 1985 851 2029 non
884 1984 1139 2049 semper
1173 1962 1285 2027 uni
1320 1984 1545 2047 parere
1581 1963 1940 2027 voluerunt.
2028 1984 2146 2028 nos
2183 1972 2400 2028 autem
2414 2010 2432 2039 ,
2480 1962 2790 2046 quoniam

719 2058 897 2143 leges
943 2057 1171 2121 damus
1217 2056 1435 2145 liberis
1479 2056 1763 2143 populis,
1807 2077 2102 2140 quaeque
2151 2058 2231 2123 de
2275 2057 2517 2142 optima
2558 2078 2632 2121 re
2668 2079 2789 2142 pu·-

720 2151 890 2216 blica
934 2152 1343 2227 sentiremus,
1388 2151 1457 2215 in
1501 2173 1617 2216 sex
1661 2150 1839 2213 libris
1887 2161 2034 2215 ante
2070 2150 2378 2228 diximuS,
2426 2172 2789 2215 accommo-

722 2246 1015 2311 dabimus
1065 2246 1191 2312 ,1100
1235 2256 1523 2331 tempore
1569 2246 1746 2330 leges
1795 2243 1879 2309 ad
1922 2244 2134 2323 illum,
2179 2266 2374 2328 quem
2416 2244 2785 2329 probamus,

722 2339 993 2405 civitatis
1030 2349 1287 2403 statum.
1348 2339 1830 2423 magistratibus
1865 2338 2064 2424 igitur
2099 2360 2262 2424 opus
2298 2350 2415 2415 est,
2453 2337 2591 2411 01110
2627 2360 2788 2421 0110-

719 2454 863 2495 111111
898 2432 1240 2516 prudentia
1276 2454 1353 2497 ac
1388 2432 1722 2517 diligentia
1759 2454 1899 2499 esse
1933 2431 2156 2498 civitas
2191 2454 2322 2497 non
2357 2443 2590 2517 potest,
2627 2454 2784 2517 quo-

716 2544 988 2609 rumque
1034 2524 1443 2611 discriptione
1491 2526 1698 2590 omnis
1735 2526 1829 2591 rei
1862 2526 2162 2611 publicae
2197 2526 2550 2603 moderatio
2587 2528 2785 2593 eonti-

717 2628 905 2685 netur
913 2643 933 2697 3
968 2639 1180 2703 neque
1216 2620 1423 2684 solum
1456 2619 1535 2683 iis
1568 2621 2102 2706 praescribendus
2130 2633 2228 2686 est
2252 2608 2634 2707 insperandi,
2672 2621 2783 2687 sed

720 2714 915 2780 etiam
968 2714 1215 2785 civibus
1269 2714 1756 2801 obtemperandi
1810 2716 2068 2781 modus:
2133 2739 2284 2781 nam
2337 2726 2401 2780 et
2453 2716 2568 2799 qui
2621 2716 2781 2781 bene

718 2808 992 2895 imperat
1035 2810 1321 2895 paruerit
1364 2810 1712 2893 aliquando
1755 2830 2020 2875 11000000
2051 2821 2192 2888 est,
2239 2821 2304 2876 et
2345 2809 2460 2894 qui
2493 2812 2784 2876 modeste

718 2915 901 2987 paret
934 2903 1187 2969 videtur
1223 2904 1335 2987 qui
1370 2903 1716 2987 aliquando
1750 2904 2022 2990 imperet
2057 2904 2290 2989 dignus
2326 2926 2488 2970 esse.
2527 2964 2536 2971 ,
2565 2906 2784 2987 itaque

720 3006 971 3081 oportet
1004 3008 1070 3063 et
1104 3020 1272 3074 eum,
1308 2998 1421 3081 qui
1453 3012 1657 3083 paret,
1693 3020 1950 3083 sperare
1987 3021 2057 3065 00
2091 2998 2306 3083 aliquo
2340 3008 2628 3084 tempore
2665 3000 2786 3073 im-

719 3101 1091 3174 peraturum
1128 3101 1193 3155 et
1225 3091 1435 3169 illum,
1473 3093 1585 3175 qui
1618 3093 1923 3177 imperat,
1961 3094 2242 3179 cogitare
2277 3093 2460 3159 brevi
2494 3104 2782 3180 tempore

719 3182 841 3246 sibi
892 3205 1033 3248 esse
1084 3186 1461 3269 parendum.
1568 3208 1690 3253 nec
1746 3209 1899 3253 vero
1953 3190 2162 3253 solum
2214 3199 2288 3255 ut
2335 3188 2783 3275 obtemperent

719 3276 1187 3363 oboediantque
1222 3281 1724 3367 magistratibus,
1761 3282 1876 3347 sed
1911 3282 2105 3347 etiam
2139 3293 2210 3348 ut
2245 3304 2355 3348 eos
2391 3284 2606 3349 colant
2641 3284 2784 3347 dili-

716 3384 1002 3459 gantque
1046 3376 1569 3460 praescribimus,
1616 3388 1690 3441 ut
1726 3374 2118 3443 Charondae*
2149 3377 2218 3442 111
2261 3378 2394 3443 01110
2429 3378 2590 3443 facit
2621 3378 2785 3463 legi-

718 3468 871 3546 bus3
940 3479 1156 3536 noster
1199 3492 1354 3535 vero
1395 3469 1587 3535 Plato
1634 3470 1942 3536 Titanum
1996 3493 2033 3536 0
2075 3493 2314 3557 genere
2367 3472 2594 3538 statuit
2647 3494 2776 3547 eos,

718 3563 833 3645 qui
874 3574 949 3627 ut
990 3563 1082 3627 illi
1127 3563 1539 3641 caelestibus,
1586 3565 1680 3629 sic
1725 3564 1793 3629 hi
1827 3564 2244 3631 adversentur
2277 3565 2780 3651 magistratibus.

718 3675 1079 3738 quaecum
1113 3658 1203 3723 ita
1240 3657 1394 3735 sint,
1442 3657 1524 3722 ad
1558 3659 1734 3745 ipsas
1768 3658 1899 3723 iam
1933 3660 2110 3745 leges
2137 3659 2509 3738 veniamus,
2553 3660 2612 3725 si
2644 3659 2784 3746 pla-

722 3759 842 3814 cet.
934 3753 1063 3819 Ate.
1108 3752 1280 3818 Mihi
1315 3774 1467 3819 vero
1504 3762 1569 3818 01
1602 3752 1777 3817 istud
1813 3763 1878 3818 et
1912 3753 2067 3817 ordo
2102 3752 2221 3818 iste
2255 3775 2469 3819 rerum
2504 3754 2738 3839 placet.

851 3844 945 3908 M.
999 3845 1220 3911 Iusta
1262 3847 1589 3934 imperia
1631 3858 1886 3923 sunt0,
1929 3845 2150 3932 isque
2193 3848 2402 3913 cives
2435 3848 2782 3913 modeste

721 3958 806 4001 ac
875 3938 1037 4004 sine
1106 3943 1591 4007 recusatione
1661 3952 2009 4027 parentox
2081 3942 2580 4028 magistratus
2641 3964 2782 4008 nec

722 4026 1259 4098 oboedientem
1320 4048 1393 4101 et
1449 4034 1762 4101 noxium
1815 4035 2060 4102 civem
2108 4036 2376 4115 multa,
2441 4035 2784 4103 vinculis
