3292 4559
1180 282 1387 338 CATO
1422 283 1676 339 MAIOR
1709 283 1972 338 35-441:
2195 363 2208 380 l
2461 273 2596 338 247

538 427 727 470 suum
762 405 1021 484 retinet,
1069 406 1125 471 si
1158 405 1397 470 nemini
1430 407 1796 492 mancipata
1831 419 1956 484 est,
1993 406 2048 471 si
2083 427 2288 492 usque
2325 408 2408 473 ad
2441 409 2592 475 ulti-

536 522 714 564 mum
758 500 1049 586 spiritum
1095 501 1459 565 dominatur
1501 502 1569 566 in
1616 523 1787 566 suos.
1886 511 1959 564 ut
2004 501 2174 566 enim
2218 503 2590 570 adulescen-

534 604 694 671 tem,
745 594 812 659 in
858 616 987 680 quo
1040 606 1137 660 est
1182 594 1379 660 senile
1425 594 1694 679 aliquid,
1751 595 1842 660 sic
1895 617 2142 672 senem,
2196 596 2265 660 in
2315 618 2447 680 quo
2493 609 2590 663 est

538 687 776 772 aliquid
820 689 1273 765 adulescentie,
1327 689 1560 776 probo:
1614 689 1790 772 quod
1837 689 1949 773 qui
1992 691 2280 774 sequitur
2325 713 2589 776 corpore

536 803 729 848 senex
764 803 903 848 esse
936 783 1187 868 poterit,
1226 783 1438 847 animo
1472 805 1828 866 numquam
1863 785 1999 848 erit.
2091 785 2396 869 septimus
2431 785 2589 850 mihi

537 875 694 941 liber
714 873 1057 962 Originum
1090 888 1188 941 est
1221 876 1288 940 in
1316 877 1642 953 manibus3
1683 877 1895 942 omnia
1929 878 2324 961 antiquitatis
2360 901 2590 944 monu-

536 981 751 1034 menta
766 970 1052 1055 conligo3
1082 992 1419 1034 causarum
1444 970 1829 1048 inlustrium,
1847 991 2288 1055 quascumque
2307 971 2586 1048 defendi,

535 1085 706 1126 nunc
736 1086 883 1127 cum
912 1063 1187 1128 maxime
1214 1063 1480 1128 conficio
1509 1063 1854 1140 orationes3
1891 1065 1992 1128 ius
2030 1065 2391 1150 augurium,
2427 1087 2587 1150 pon-

534 1155 821 1234 tificium,
859 1157 1044 1223 civile
1079 1168 1280 1222 tracto
1292 1182 1310 1234 3
1347 1158 1620 1221 multum
1659 1158 1852 1222 etiam
1881 1156 2148 1224 Graecis
2183 1157 2407 1223 litteris
2442 1170 2588 1224 utor

534 1249 1219 1336 Pythagoreorumque
1272 1273 1450 1318 more
1504 1252 1900 1318 exercendae
1950 1253 2296 1320 memoriae
2357 1254 2584 1339 gratia,

534 1343 689 1428 quid
721 1365 975 1430 quoque
1013 1344 1115 1410 die
1152 1346 1450 1422 dixerim,
1488 1346 1818 1424 audierim,
1857 1347 2120 1434 egerim,
2157 1368 2584 1413 commemoro

532 1440 799 1523 vesperi.
887 1439 1009 1505 hae
1056 1450 1206 1506 sunt
1241 1441 1725 1506 exercitationes
1759 1441 2030 1527 ingenii,
2074 1441 2236 1507 haec
2271 1443 2584 1507 curricula

531 1533 788 1610 mentis3
840 1533 909 1597 in
960 1534 1059 1600 his
1115 1534 1434 1601 desudans
1488 1548 1681 1619 atque
1727 1534 2062 1600 elaborans
2105 1537 2386 1621 corporis
2429 1536 2582 1600 viris

529 1647 659 1690 non
692 1649 927 1712 magno
956 1650 1147 1715 opere
1176 1629 1497 1694 desidero:
1534 1629 1765 1693 adsum
1796 1631 2037 1706 amiciS,
2073 1630 2261 1694 venio
2297 1630 2366 1693 in
2401 1652 2584 1694 sena-

529 1731 668 1784 tum
698 1721 1004 1804 frequens
1048 1723 1343 1806 ultroque
1380 1724 1601 1787 adfero
1648 1745 1750 1786 res
1785 1724 2060 1787 multum
2095 1733 2158 1787 et
2194 1723 2305 1786 diu
2341 1723 2582 1806 cogita-

526 1827 627 1878 tas
680 1837 916 1898 easque
966 1826 1151 1880 tueor
1195 1816 1419 1893 animi,
1474 1838 1605 1881 non
1661 1817 1944 1900 corporis
1996 1815 2268 1892 viribus3
2322 1836 2484 1899 quas
2528 1816 2582 1880 si

528 1907 793 1991 exsequi
828 1909 1180 1991 nequirem,
1216 1919 1433 1974 tamen
1468 1931 1571 1973 me
1606 1909 1878 1973 lectulus
1915 1931 2098 1974 meus
2125 1910 2471 1974 oblectaret
2505 1931 2583 1974 ea

526 2003 669 2110 ipsa
704 2002 1109 2088 cogitantem,
1144 2023 1313 2084 quae
1342 2002 1472 2066 iam
1506 2024 1698 2087 agere
1726 2022 1856 2067 non
1882 2023 2158 2085 possem,
2197 2002 2308 2068 sed
2335 2014 2408 2067 ut
2431 2023 2582 2087 pos-

528 2095 648 2160 sim
700 2096 857 2160 facit
906 2106 1050 2160 acta
1094 2096 1257 2173 vita3
1314 2118 1564 2182 semper
1610 2097 1780 2162 enim
1823 2096 1892 2161 in
1935 2096 2036 2161 his
2081 2096 2306 2161 studiis
2347 2095 2582 2161 labori-

524 2189 775 2273 busque
811 2190 1051 2256 viventi
1086 2212 1216 2256 non
1250 2190 1639 2276 intellegitur
1671 2191 1929 2274 quando
1967 2191 2232 2278 obrepat
2267 2201 2578 2256 senectus.

439 2287 448 2293 “
526 2285 615 2348 ita
652 2285 887 2350 sensim
923 2285 1058 2350 sine
1095 2309 1289 2352 sensu
1324 2295 1499 2351 aetas
1535 2287 1808 2352 senescit
1841 2309 1960 2352 nec
1997 2285 2207 2351 subito
2244 2284 2578 2371 frangitur,

525 2377 640 2443 sed
676 2378 1088 2446 diuturnitate
1124 2380 1567 2467 exstinguitur.

655 2472 961 2558 Sequitur
995 2476 1181 2542 tertia
1225 2475 1607 2562 vituperatio
1653 2476 2027 2554 senectutis,
2075 2474 2249 2558 quod
2295 2497 2438 2540 eam
2473 2496 2579 2540 ca·
2614 2473 2680 2528 12

523 2589 663 2634 rere
711 2570 934 2635 dicunt
978 2569 1434 2657 voluptatibus.
1524 2591 1563 2636 o
1610 2571 2010 2655 praeclarum
2051 2592 2286 2634 munus
2333 2569 2576 2644 aetatis,
2621 2547 2671 2587 ⁸⁹

524 2661 578 2725 si
614 2663 872 2746 quidem
907 2664 976 2729 id
1010 2667 1221 2730 aufert
1257 2688 1296 2730 a
1329 2664 1536 2743 nobis,
1573 2664 1749 2748 quod
1783 2675 1880 2729 est
1913 2665 1980 2728 in
2017 2663 2449 2729 adulescentia
2482 2664 2579 2726 vi·-

522 2757 963 2822 tiosissimuml
1010 2759 1279 2844 accipite
1314 2760 1505 2836 enim,
1542 2757 1767 2843 optimi
1803 2757 2260 2835 adulescentes,
2297 2767 2578 2822 veterem

525 2849 876 2912 orationem
910 2850 1239 2934 Archytae
1272 2851 1636 2927 Tarentini,
1680 2851 1901 2936 magni
1935 2851 2003 2915 in
2037 2852 2258 2937 primis
2295 2861 2359 2916 et
2393 2873 2577 2937 prae-

526 2940 679 3004 clari
715 2941 866 3017 viri,
921 2962 1087 3024 quae
1122 2943 1281 3007 mihi
1325 2945 1559 3009 tradita
1594 2955 1720 3021 est,
1775 2964 1922 3008 cum
1959 2968 2165 3011 essem
2201 2945 2576 3011 adulescens

524 3034 791 3098 Tarenti
836 3055 983 3098 cum
1036 3034 1121 3116 Q.
1158 3037 1471 3102 Maximo.
1569 3037 1813 3102 nullam
1858 3039 2290 3123 capitaliorem
2330 3052 2579 3126 pestem

526 3149 721 3212 quam
762 3128 1164 3213 voluptatem
1218 3132 1499 3216 corporis
1551 3131 1916 3197 hominibus
1972 3133 2226 3200 dicebat
2267 3157 2306 3198 a
2348 3145 2580 3200 natura

527 3223 763 3301 datam,
802 3223 985 3289 cuius
1004 3222 1414 3311 [voluptatis]
1444 3226 1670 3292 avidae
1697 3226 1991 3292 libidines
2021 3239 2258 3294 temere
2286 3240 2352 3292 et
2378 3229 2578 3292 ecfre-

524 3330 674 3384 nate
700 3317 784 3383 ad
818 3318 1195 3404 potiendum
1228 3320 1640 3386 incitarentur
1648 3345 1667 3398 3
1704 3320 1854 3388 hinc
1889 3321 2131 3406 patriae
2166 3321 2576 3406 proditiones,
2619 3339 2674 3378 ιο

524 3414 674 3479 hinc
725 3435 941 3478 rerum
991 3415 1394 3502 publicarum
1452 3417 1842 3494 eversiones,
1897 3417 2046 3481 hine
2091 3437 2238 3480 cum
2289 3414 2578 3479 hostibus

525 3509 917 3574 clandestina
954 3510 1271 3594 colloquia
1306 3512 1512 3589 nasci3
1558 3513 1808 3577 nullum
1852 3510 2127 3594 denique
2163 3509 2399 3585 scelus,
2434 3508 2579 3573 nul-

521 3606 658 3668 lum
709 3605 951 3669 malum
1015 3604 1262 3670 facinus
1316 3628 1486 3684 esse,
1549 3607 1632 3672 ad
1661 3599 1860 3689 ⁴quod
1923 3603 2396 3688 suscipiendum
2447 3623 2579 3667 non

520 3699 719 3764 libido
763 3700 1110 3785 voluptatis
1154 3700 1515 3786 inpelleret3
1572 3713 1794 3809 stupra
1847 3721 2000 3764 vero
2046 3710 2110 3764 et
2151 3697 2464 3764 adulteria
2515 3708 2580 3761 et

524 3814 711 3857 omne
768 3795 890 3859 tale
944 3795 1259 3881 flagitium
1312 3795 1504 3860 nullis
1558 3794 1823 3860 excitari
1877 3795 2015 3858 aliis
2067 3791 2405 3857 inlecebris
2455 3790 2579 3854 nisi

518 3886 897 3973 voluptatis3
956 3912 1229 3978 cumque
1282 3890 1527 3956 homini
1580 3891 1716 3955 sive
1768 3898 2000 3954 natura
2051 3889 2185 3954 sive
2232 3888 2376 3971 quis
2418 3886 2578 3950 deus

522 3979 683 4044 nihil
716 3993 929 4048 mente
962 3985 1409 4070 praestabilius
1447 3984 1746 4061 dedisset,
1783 3982 1931 4048 huic
1968 3982 2182 4047 divino
2219 3982 2468 4047 muneri
2504 4003 2582 4046 ac

522 4075 695 4141 dono
748 4073 906 4142 nihil
960 4089 1093 4144 tam
1147 4101 1287 4146 esse
1338 4079 1670 4147 inimicum
1722 4099 1917 4163 quam
1967 4077 2395 4164 voluptatem3
2455 4097 2577 4142 nec
2618 4091 2671 4132 ⁴1
