3292 4559
704 234 707 237 ’
747 258 788 324 8
846 291 850 294 «
1360 264 1437 319 Μ.
1476 264 1750 321 TULLII
1785 262 2186 321 CICERONIS

741 392 1013 457 stionem
1066 388 1399 455 referenda
1452 398 1628 454 sunt:
1686 388 1973 473 profecto
2019 410 2128 454 eos
2172 390 2374 476 ipsos,
2421 390 2532 475 qui
2571 412 2640 455 se
2675 390 2800 455 ali-

645 519 653 529 «
740 485 898 569 quid
931 485 1087 551 certi
1132 483 1368 549 habere
1405 484 1820 560 arbitrantur,
1866 482 2246 551 addubitare
2283 498 2468 571 coget
2499 482 2796 549 doctissi-

663 599 715 639 ιε
739 602 999 661 ιιιοιηωιὓ
1035 578 1367 643 hominum
1403 577 1485 643 de
1526 600 1833 643 maxuma
1876 600 1946 644 re
1991 590 2168 643 tanta
2203 575 2524 644 dissensiO.
2615 578 2795 660 quod

668 1707 700 1761 7

658 1778 709 1817 16

654 3215 704 3261 1⁷

740 696 889 739 cum
922 696 1114 759 saepe
1152 673 1327 749 alias,
1366 683 1503 737 tum
1538 671 1815 737 maxime
1851 672 2288 749 animadverti,
2327 695 2470 735 cum
2507 671 2678 757 apud
2707 668 2787 735 C.

741 765 1019 845 Cottam,
1057 765 1437 831 familiarem
1468 788 1706 843 meum,
1743 777 2038 833 accurate
2075 790 2226 833 sane
2253 776 2316 831 et
2345 765 2678 851 diligenter
2706 764 2792 829 de

738 864 839 929 dis
872 863 1315 928 inmortalibus
1353 863 1745 949 disputatum
1783 873 1881 929 est
1894 886 1924 941 z,
1956 885 2107 927 nam
2143 884 2289 926 cum
2322 860 2496 927 feriis
2532 860 2788 925 Latinis

738 958 824 1022 ad
858 980 1007 1036 eum
1040 956 1243 1042 ipsius
1273 967 1503 1042 rogatu
1532 956 1964 1039 arcessituque
1993 954 2330 1033 venissem,
2366 954 2604 1020 offendi
2637 967 2792 1021 eum

736 1052 1067 1115 sedentem
1100 1050 1169 1114 in
1206 1050 1485 1115 exhedra
1531 1061 1595 1115 et
1638 1073 1787 1115 cum
1825 1049 1902 1115 O.
1939 1050 2188 1117 Velleio
2233 1060 2524 1115 senatore
2570 1048 2790 1134 dispu-

736 1154 999 1221 tantem,
1038 1144 1123 1207 ad
1158 1164 1351 1227 quem
1385 1156 1525 1209 tum
1540 1143 1832 1229 Epicurii
1865 1145 2102 1230 primas
2138 1167 2218 1209 ex
2251 1144 2481 1207 nostris
2517 1141 2796 1206 homini-

736 1239 859 1302 bus
904 1236 1305 1315 deferebant3
1362 1238 1583 1303 aderat
1638 1239 1830 1304 etiam
1877 1237 1960 1319 Q.
2010 1237 2302 1302 Lucilius
2345 1236 2620 1313 Balbus,
2675 1236 2794 1319 qui

735 1340 944 1397 tantos
979 1353 1355 1417 progressus
1391 1332 1674 1398 habebat
1707 1334 1775 1397 in
1811 1330 2072 1407 Stoicis,
2117 1341 2190 1394 ut
2236 1349 2380 1393 cum
2419 1328 2791 1393 excellenti-

734 1426 856 1490 bus
908 1425 977 1489 in
1030 1447 1105 1490 eo
1158 1426 1395 1510 genere
1442 1425 1711 1492 Graecis
1765 1435 2230 1509 conpararetur.
2337 1434 2472 1488 tum
2487 1472 2504 1501 ,
2558 1434 2632 1488 ut
2679 1446 2790 1488 me

737 1519 933 1587 Cotta
982 1520 1170 1598 vidit,
1226 1520 1759 1606 ‘peropportune'
1812 1518 2017 1601 inquit
2072 1517 2309 1595 ‘venis3
2365 1518 2564 1583 oritur
2615 1518 2789 1583 enim

734 1614 891 1683 mihi
935 1636 1173 1699 magna
1218 1614 1299 1680 de
1342 1636 1410 1677 re
1460 1613 1784 1677 altercatio
1833 1634 1982 1677 cum
2028 1610 2308 1689 Velleio,
2364 1612 2467 1676 cui
2511 1633 2627 1697 pro
2674 1622 2786 1677 tuo

736 1708 945 1773 studio
982 1728 1111 1771 non
1147 1715 1243 1768 est
1276 1704 1555 1768 alienum
1586 1716 1650 1769 te
1675 1704 2028 1770 interesse?
2103 1706 2311 1788 ‘atqui
2345 1705 2501 1770 mihi
2528 1728 2786 1789 quoque

735 1800 983 1866 videor'
1026 1798 1291 1879 inquam
1337 1798 1646 1876 ‘venisse,
1684 1809 1758 1863 ut
1793 1798 1979 1875 dicis,
2016 1810 2402 1883 opportune3
2452 1812 2576 1863 tres
2611 1798 2788 1863 enim

734 1896 927 1959 trium
962 1889 1436 1975 disciplinarum
1474 1892 1794 1977 principes
1831 1892 2235 1957 convenistis.
2290 1892 2387 1955 M.
2418 1892 2612 1957 etiam
2626 1891 2786 1956 Piso

736 1989 791 2055 si
825 1986 1107 2060 adesset,
1162 1984 1399 2049 nullius
1440 1982 1971 2072 [philosophiae],
2028 2008 2249 2050 earum
2285 1986 2572 2069 quidem,
2619 2006 2786 2067 quae

732 2083 801 2145 in
852 2080 1091 2144 honore
1136 2089 1318 2157 sunt,
1372 2092 1630 2145 vacaret
1673 2081 1894 2146 locus.’
1985 2091 2123 2144 tum
2171 2078 2366 2146 Cotta
2417 2079 2526 2144 ‘si’
2579 2080 2797 2165 inquit*

732 2173 921 2236 ‘liber
953 2170 1262 2237 Antiochi
1294 2175 1515 2249 nostri,
1554 2175 1668 2257 qui
1703 2175 1786 2237 ab
1822 2195 1897 2239 eo
1934 2196 2142 2258 nuper
2177 2174 2262 2237 ad
2297 2174 2468 2238 hunc
2502 2174 2789 2238 Balbum

731 2264 961 2329 missus
998 2274 1121 2341 est,
1158 2287 1313 2329 vera
1346 2266 1658 2349 loquitur,
1693 2266 1851 2330 nihil
1886 2277 1983 2331 est
2019 2267 2192 2350 quod
2225 2266 2562 2344 Pisonem,
2597 2267 2789 2331 fami-

730 2359 953 2424 liarem
986 2367 1189 2434 tuum,
1224 2357 1543 2425 desideres
1555 2384 1573 2437 3
1610 2361 1935 2425 Antiocho
1973 2361 2143 2425 enim
2181 2360 2382 2425 Stoici
2417 2384 2562 2425 cum
2598 2361 2806 2425 Peri-.

730 2450 1045 2537 pateticis
1066 2473 1136 2517 re
1186 2452 1518 2519 concinere
1564 2454 1890 2531 videntur,
1945 2450 2158 2519 verbis
2209 2454 2568 2539 discrepare
2579 2479 2597 2532 3
2651 2475 2782 2537 quo

732 2544 813 2611 de
846 2545 1037 2626 libro,
1073 2546 1311 2625 Balbe,
1358 2546 1551 2612 velim
1586 2549 1748 2613 scire
1782 2549 1939 2632 quid
1973 2549 2248 2615 sentias.'
2338 2550 2638 2635 ‘egoneP’
2685 2550 2787 2615 in-

732 2638 873 2724 quit
902 2640 1010 2707 ille
1058 2641 1281 2706 ‘miror
1312 2642 1736 2718 Antiochum,
1781 2642 2104 2709 hominem
2139 2644 2206 2709 in
2243 2646 2462 2730 primis
2499 2655 2780 2723 acutum,

730 2755 862 2800 non
894 2734 1130 2801 vidisse
1164 2736 1467 2801 interesse
1501 2736 1846 2822 plurimum
1879 2738 2044 2804 inter
2061 2736 2334 2815 Stoicos,
2370 2739 2481 2824 qui
2515 2738 2786 2803 honesta

732 2853 773 2895 a
808 2830 1156 2895 commodis
1190 2852 1319 2895 non
1354 2832 1630 2909 nomine,
1669 2834 1782 2897 sed
1815 2856 2050 2918 genere
2085 2844 2220 2898 toto
2257 2834 2678 2919 diiungerent,
2717 2845 2784 2898 et

730 2922 1217 3007 Peripateticos,
1262 2924 1374 3007 qui
1416 2924 1684 2990 honesta
1719 2926 2196 2993 commiscerent
2231 2950 2378 2992 cum
2413 2927 2783 3005 commodiS,

732 3025 805 3079 ut
840 3037 917 3080 ea
950 3015 1115 3081 inter
1143 3040 1211 3083 se
1244 3019 1684 3104 magnitudine
1711 3030 1776 3085 et
1803 3022 1984 3104 quasi
2019 3022 2346 3107 gradibus,
2381 3042 2512 3085 non
2546 3043 2784 3107 genere

732 3108 1090 3187 differrent3
1126 3110 1285 3183 haec
1313 3112 1482 3179 enim
1511 3124 1763 3182 estnon
1789 3115 2131 3182 verborum
2163 3139 2383 3202 parva,
2421 3116 2534 3181 sed
2567 3139 2783 3181 rerum

731 3224 1081 3288 permagna
1116 3203 1443 3295 dissensio,
1514 3230 1738 3273 verum
1773 3208 1894 3275 hoc
1929 3209 2114 3277 alias:
2159 3233 2328 3277 nunc
2363 3210 2540 3293 quod
2573 3210 2785 3295 coepi-

730 3317 895 3372 mus,
932 3296 987 3375 si
1021 3296 1312 3363 videtur?
1402 3300 1586 3365 ‘mihi
1620 3302 1800 3367 vero’
1836 3302 2043 3387 inquit
2079 3300 2270 3368 Cotta
2314 3303 2628 3381 ‘videtur3
2667 3304 2782 3371 sed

731 3401 805 3453 ut
838 3388 971 3466 hic,
1016 3382 1129 3473 qui
1162 3391 1547 3471 intervenit,'
1586 3418 1690 3460 me
1724 3396 1976 3461 intuens
2015 3404 2128 3462 ‘ne
2161 3398 2438 3489 ignoret,
2476 3420 2641 3482 quae
2677 3421 2780 3463 res

730 3496 986 3569 agatur,
1041 3483 1119 3549 de
1170 3498 1399 3553 natura
1450 3488 1798 3573 agebamus
1853 3490 2145 3567 deorum,
2209 3513 2372 3574 quae
2426 3494 2573 3555 cum
2624 3492 2783 3557 mihi

729 3578 1051 3642 videretur
1084 3581 1497 3665 perobscura,
1524 3594 1613 3645 'ut
1650 3606 1899 3669 semper
1935 3585 2136 3650 videri
2172 3586 2357 3661 solet,
2394 3582 2660 3670 Epicuri
2698 3610 2778 3651 ex

730 3670 978 3737 Velleio
1032 3674 1399 3739 sciscitabar
1456 3678 1852 3741 sententiam.
1951 3700 2146 3762 quam
2198 3678 2282 3742 ob
2333 3700 2468 3743 rem
2477 3678 2518 3756 ,’
2571 3678 2780 3763 inquit

732 3764 990 3842 ‘Vellei,
1026 3766 1147 3831 nisi
1182 3770 1519 3834 molestum
1556 3782 1671 3847 est,
1708 3780 1921 3857 repete
1949 3793 2115 3856 quae
2152 3771 2490 3857 coeperas.’
2565 3778 2776 3857 ‘repe-

730 3867 861 3919 tam
888 3878 1061 3935 ver0,
1099 3882 1487 3946 quamquam
1512 3886 1641 3928 non
1669 3865 1842 3943 mihi,
1881 3867 1992 3931 sed
2021 3866 2135 3930 tibi
2161 3865 2266 3929 hic
2294 3866 2468 3931 venit
2495 3865 2774 3944 adiutor3

730 3950 919 4014 ambo
975 3954 1173 4018 enim'
1237 3956 1444 4041 inquit
1494 3958 1790 4026 adridens
1853 3962 1966 4025 ‘ab
2021 3960 2246 4026 eodem
2295 3959 2568 4025 Philone
2618 3961 2776 4025 nihil

730 4044 889 4109 scire
926 4042 1269 4113 didicistis?
1356 4062 1494 4115 tum
1538 4074 1688 4139 ego:
1745 4052 1930 4139 ‘quid
1963 4052 2397 4130 didicerimus,
2445 4050 2638 4118 Cotta
2685 4054 2782 4118 vi-
