3292 4559
1029 277 1135 332 DE
1170 277 1270 332 RE
1308 275 1650 335 PUBLICA.
1683 277 2010 335 L-41-44‚
2419 269 2546 336 165

456 417 565 474 est
610 384 811 492 penes
858 385 1138 468 delectos
1154 449 1172 477 ,
1225 411 1363 465 tum
1408 402 1519 467 illa
1562 401 1786 466 civitas
1831 401 2236 489 optimatium
2279 404 2542 472 arbitrio

456 501 611 588 regi
654 497 920 574 dicitur3
972 497 1083 561 illa
1119 507 1335 562 autem
1370 507 1467 562 est
1502 495 1726 562 civitas
1761 497 2088 583 popularis
2123 534 2211 546 —-
2244 499 2336 566 sic
2372 501 2543 565 enim

454 594 795 682 appellant
811 629 920 669 —,
950 591 1019 656 in
1055 613 1184 675 qua
1218 591 1285 655 in
1321 591 1559 678 populo
1596 602 1747 657 sunt
1781 592 2013 658 omnia.
2085 603 2278 676 atque
2313 593 2544 660 horum
2643 653 2648 658 .

454 688 663 753 trium
714 709 1029 772 generum
1084 685 1387 769 quodvis,
1442 685 1495 748 si
1547 695 1764 750 teneat
1806 685 1965 750 illud
2009 686 2322 763 vinclum,
2365 690 2543 772 quod

456 783 747 868 primum
797 781 1087 845 homines
1124 781 1290 844 inter
1326 801 1393 843 se
1430 778 1523 844 rei
1558 779 1856 865 publicae
1894 779 2196 846 societate
2233 781 2538 858 devinxit,

454 898 597 940 non
648 873 1011 960 perfectum
1065 873 1227 938 illud
1272 873 1533 958 quidem
1575 894 1790 956 neque
1832 897 1977 940 mea
2023 875 2335 941 sententia
2379 877 2544 962 opti-

455 989 665 1046 mum,
704 968 817 1034 sed
852 968 1185 1033 tolerabile
1222 965 1233 1055 1
1272 978 1487 1032 tamen
1523 979 1588 1033 et
1624 969 1800 1033 aliud
1829 983 1896 1034 ut
1925 970 2052 1034 alio
2079 971 2284 1056 possit
2317 967 2414 1057 [p.
2435 971 2540 1036 96.

458 1085 608 1128 esse
652 1062 1101 1148 praestantius.
1188 1085 1341 1126 nam
1388 1062 1492 1127 vel
1535 1085 1648 1128 rex
1699 1084 1942 1147 aequus
1979 1087 2055 1130 ac
2101 1064 2386 1150 sapiens,
2437 1066 2540 1130 vel

458 1157 699 1223 delecti
742 1179 819 1220 ac
862 1156 1183 1241 principes
1230 1157 1403 1222 cives
1417 1203 1436 1232 ,
1482 1157 1586 1222 vel
1620 1157 1760 1242 ipse
1795 1159 2102 1244 populus,
2148 1180 2560 1242 quamquam—

454 1251 533 1316 id
585 1260 685 1314 est
728 1249 988 1314 minime
1035 1249 1469 1334 probandum,
1526 1260 1742 1315 tamen
1795 1253 1988 1316 nullis
2031 1253 2375 1318 interiectis
2417 1252 2540 1319 ini-

454 1343 821 1428 quitatibus
888 1354 999 1408 aut
1062 1342 1519 1429 cupiditatibus
1583 1365 1773 1429 posse
1827 1345 2082 1411 videtur
2133 1347 2346 1430 aliquo
2400 1369 2538 1412 esse

455 1461 595 1504 non
638 1438 881 1502 incerto
930 1447 1121 1502 statu.
1212 1438 1327 1504 sed
1372 1448 1437 1502 et
1470 1437 1540 1502 in
1573 1439 1793 1525 regnis
1829 1440 2020 1504 nimis
2059 1452 2352 1526 expertes
2391 1451 2540 1505 sunt
2572 1413 2642 1526 {Z

454 1533 662 1598 ceteri
697 1533 1053 1597 communis
1088 1532 1246 1596 iuris
1283 1543 1347 1598 et
1382 1533 1653 1611 consilii,
1689 1543 1754 1598 et
1789 1533 1859 1597 in
1895 1535 2298 1619 optimatium
2335 1535 2540 1600 domi-

456 1638 625 1693 natu
668 1627 778 1690 vix
813 1627 1131 1713 particeps
1166 1627 1479 1692 libertatis
1514 1637 1728 1714 potest
1763 1649 1904 1694 esse
1941 1627 1951 1715 Ι
1989 1629 2204 1694 multi·
2261 1627 2352 1715 [p.
2392 1628 2537 1694 105.

459 1722 653 1798 tudo,
702 1743 851 1786 cum
904 1722 1078 1785 omni
1132 1720 1397 1786 consilio
1452 1722 1776 1786 communi
1823 1743 1899 1786 ac
1943 1733 2258 1808 potestate
2303 1732 2536 1798 careat,

456 1827 530 1882 et
582 1837 733 1880 cum
776 1816 993 1880 omnia
1037 1838 1155 1901 per
1198 1815 1511 1901 populum
1558 1827 1899 1901 geruntur,
1956 1817 2248 1900 quamvis
2297 1818 2538 1882 iustum

456 1922 661 1994 atque
714 1909 1147 1987 moderatum,
1211 1921 1426 1976 tamen
1478 1910 1621 1995 ipsa
1673 1910 2094 1994 aequabilitas
2149 1921 2245 1976 est
2296 1909 2537 1995 iniqua,

456 2027 616 2070 cum
661 2002 857 2068 habet
901 2004 1110 2074 nullos
1144 2003 1385 2089 gradus
1424 2003 1783 2089 dignitatis:
1837 2005 2056 2087 itaque
2091 2005 2145 2068 si
2182 2002 2396 2089 Cyrus
2431 2004 2537 2068 ille

457 2100 699 2164 Perses
733 2097 1119 2182 iustissimus
1155 2097 1279 2162 fuit
1306 2098 1938 2184 sapientissimusque
1965 2122 2101 2176 rex,
2137 2110 2354 2163 tamen
2381 2097 2539 2164 mihi

458 2191 688 2279 populi
722 2211 823 2256 res
859 2225 949 2237 -——-
980 2214 1059 2256 ea
1093 2192 1263 2256 enim
1300 2203 1425 2269 est,
1462 2204 1536 2256 ut
1572 2192 1706 2256 dixi
1742 2204 1959 2268 antea,
1993 2191 2254 2278 publica
2285 2227 2376 2240 --
2406 2209 2539 2256 non

460 2285 743 2350 maxime
806 2286 1165 2372 expetenda
1228 2285 1433 2351 fuisse
1492 2287 1604 2350 illa
1656 2286 1941 2363 videtur,
2009 2309 2156 2351 cum
2209 2296 2538 2372 regeretur

458 2380 657 2444 unius
708 2390 899 2456 nutu3
956 2401 1031 2444 ao
1068 2377 1077 2465 Ι
1116 2380 1307 2446 modo
1363 2381 1417 2444 si
1468 2379 1942 2456 Massilienses,
1997 2379 2199 2444 nostri
2253 2378 2347 2466 [p.
2389 2377 2534 2444 106.

460 2473 761 2548 clientes,
810 2494 928 2557 per
980 2473 1261 2538 delectos
1305 2483 1368 2538 et
1422 2475 1740 2559 principes
1799 2475 1956 2539 civis
2003 2496 2255 2539 summa·
2296 2473 2538 2538 iustitia

460 2579 807 2656 reguntur,
853 2568 1017 2633 inest
1053 2578 1269 2632 tamen
1303 2567 1373 2632 in
1408 2591 1487 2633 ea
1522 2569 1896 2634 condicione
1929 2569 2154 2655 populi
2189 2568 2536 2634 similitudo

458 2661 785 2747 quaedam
828 2661 1149 2726 servitutis
1161 2685 1180 2739 3
1236 2661 1291 2726 si
1325 2661 1756 2728 Athenienses
1809 2663 2197 2746 quibusdam
2231 2661 2539 2746 tempori-

460 2757 589 2821 bus
633 2755 885 2820 sublato
922 2756 1271 2841 Areopago
1318 2755 1477 2820 nihil
1524 2757 1648 2820 nisi
1681 2756 1906 2841 populi
1941 2757 2114 2820 scitis
2151 2777 2226 2820 ac
2262 2755 2532 2818 decretis

462 2849 775 2936 agebant,
822 2849 1127 2933 quoniam
1162 2849 1493 2914 distinctos
1531 2849 1858 2934 dignitatis
1894 2849 2136 2934 gradus
2171 2869 2300 2912 non
2336 2845 2534 2910 habe-

462 2946 609 3020 bat,
678 2965 809 3008 non
878 2943 1137 3008 tenebat
1200 2955 1495 3009 ornatum
1558 2966 1749 3008 suum
1813 2943 2056 3008 civitas.
2156 2951 2348 3024 atque
2410 2939 2534 3005 hoe
2567 2918 2637 3030 {ff

459 3040 696 3122 loquor
746 3037 829 3102 de
879 3036 1083 3102 tribus
1136 3037 1237 3102 his
1289 3037 1634 3124 generibus
1687 3058 1904 3100 rerum
1947 3035 2352 3121 publicarum
2403 3055 2536 3100 non

462 3132 739 3196 turbatis
767 3131 959 3214 atque
985 3131 1353 3216 permixltis,
1384 3131 1499 3198 sed
1528 3153 1718 3196 suum
1747 3140 1984 3194 statum
2012 3141 2234 3194 tenen·
2269 3125 2364 3215 [p.
2384 3127 2532 3192 225.

462 3226 659 3290 tibus.
748 3247 913 3309 quae
966 3249 1205 3310 genera
1257 3226 1536 3311 primum
1588 3235 1742 3291 sunt
1791 3225 1860 3288 in
1910 3224 1988 3289 iis
2043 3225 2297 3310 singula
2342 3223 2530 3298 vitiis,

460 3343 635 3405 quae
672 3332 818 3386 ante
855 3319 1009 3398 dixi,
1059 3320 1287 3386 deinde
1322 3320 1563 3386 habent
1599 3319 1956 3406 perniciosa
1992 3319 2118 3384 alia
2151 3318 2334 3394 vitia3
2388 3317 2532 3380 nul—

460 3416 605 3480 lum
656 3425 753 3478 est
806 3415 977 3479 enim
1028 3437 1234 3500 genus
1288 3415 1541 3479 illarum
1594 3437 1810 3480 rerum
1861 3413 2294 3499 publicarum,
2357 3410 2535 3493 quod

462 3531 597 3573 non
640 3508 875 3573 habeat
918 3509 1039 3574 iter
1084 3509 1167 3573 ad
1210 3509 1555 3573 finitimum
1591 3508 1914 3593 quoddam
1950 3508 2194 3572 malum
2227 3525 2534 3590 praeceps

464 3624 544 3666 ac
598 3601 936 3666 lubricum.
1026 3625 1178 3667 nam
1223 3602 1315 3667 illi
1360 3602 1528 3687 regi,
1575 3611 1648 3667 ut
1693 3624 1840 3666 eum
1885 3599 2290 3687 potissimum
2330 3596 2536 3661 nomi-

468 3717 639 3773 nem,
674 3695 991 3760 tolerabili
1026 3707 1158 3773 aut,
1196 3696 1251 3760 si
1286 3695 1495 3773 voltis,
1532 3695 1728 3761 etiam
1763 3695 2043 3770 amabili,
2082 3689 2281 3778 Cym,
2317 3690 2534 3755 subest

468 3791 553 3855 ad
586 3792 951 3856 inmutandi
986 3791 1181 3856 animi
1213 3791 1536 3857 licentiam
1572 3790 2047 3858 crudelissimus
2082 3789 2206 3872 illle
2254 3785 2350 3873 [p.
2385 3785 2532 3850 226.

466 3885 797 3962 Phalaris,
852 3886 1033 3951 cuius
1085 3887 1155 3951 in
1206 3886 1687 3951 similitudinem
1740 3885 2104 3949 dominatus
2149 3881 2340 3949 unius
2388 3899 2537 3965 pro-

468 3979 619 4046 clivi
664 4001 859 4046 cursu
903 3992 967 4046 et
1012 3980 1203 4046 facile
1249 3980 1595 4057 delabitur3
1648 3979 1742 4044 illi
1777 3991 1994 4044 autem
2027 3974 2535 4042 Massiliensium

468 4097 824 4161 paucorum
861 4087 926 4141 et
959 4071 1319 4162 principum
1354 4074 1881 4140 administrationi
1917 4071 2188 4138 civitatis
2223 4069 2530 4134 finitimus
