3292 4559
996 244 1101 299 DE
1135 242 1462 301 DEORUM
1496 242 1822 302 NATURA
1854 244 1902 299 1.
1937 244 2177 301 87—92.
2522 234 2608 299 29

542 371 701 436 tim?
763 390 925 434 nam·
964 392 1007 435 a
1047 368 1251 434 beatis
1294 368 1379 433 ad
1430 367 1750 444 virtutem,
1804 392 1843 433 a
1885 368 2118 459 virtute
2165 366 2248 433 ad
2299 367 2611 437 rationem

544 465 739 531 video
774 476 841 530 te
886 464 1139 529 venisse
1184 464 1489 549 gradibus
1502 488 1521 527 ε
1576 488 1616 529 a
1659 464 1902 530 ratione
1937 464 2021 529 ad
2063 463 2412 530 humanam
2433 464 2610 551 figu-

546 583 689 625 ram
741 580 877 643 quo
928 556 1119 623 modo
1174 558 1461 629 accedis?
1514 558 1936 644 praecipitare
1978 559 2144 625 istuc
2189 558 2450 642 quidem
2491 568 2608 633 est,

544 678 689 719 non.
716 652 1127 719 descendere.
1214 674 1337 718 nec
1379 674 1530 717 vero
1574 653 1908 739 intellego,
1963 676 2076 717 cur
2121 653 2418 721 maluerit
2449 652 2609 737 Epi-
2651 672 2704 711 90

546 770 746 813 curus
792 747 946 812 deos
993 745 1323 811 hominum
1370 745 1590 811 similis
1637 747 1848 814 dicere
1885 768 2081 832 quam
2124 746 2414 813 homines
2459 746 2611 813 deo-

545 868 717 911 rum.
806 865 1109 928 quaeres,
1163 842 1319 927 quid
1352 842 1629 919 intersit3
1683 843 1740 907 si
1773 843 1945 907 enim
1977 840 2100 907 hoc
2133 842 2226 907 illi
2269 840 2474 909 simile
2509 841 2609 918 sit,

552 962 697 1005 esse
727 938 889 1003 illud
934 937 1117 1003 huic:
1168 935 1391 1014 video,
1435 936 1550 1002 sed
1582 936 1706 1001 hoc
1741 936 1916 1013 dico,
1961 958 2092 1002 non
2127 935 2210 999 ab
2244 935 2608 1003 hominibus

553 1035 801 1099 formae
833 1032 1109 1118 figuram
1138 1032 1389 1097 venisse
1418 1032 1501 1096 ad
1531 1032 1713 1109 deos3
1751 1031 1817 1094 di
1852 1030 2021 1096 enim
2048 1052 2300 1115 semper
2331 1029 2610 1105 fuerunt,

548 1129 688 1193 nati
739 1146 1095 1211 numquam
1138 1137 1317 1203 sunt,
1370 1126 1426 1191 si
1471 1125 1734 1210 quidem
1776 1125 2019 1191 aeterni
2061 1135 2209 1191 sunt
2261 1122 2490 1189 futuriz
2545 1134 2612 1188 at

547 1222 843 1288 homines
878 1220 1010 1286 nati
1022 1246 1041 1298 3
1088 1232 1235 1285 ante
1271 1220 1468 1306 igitur
1500 1220 1782 1287 humana
1815 1220 2026 1285 forma
2059 1242 2256 1304 quam
2298 1218 2610 1295 homines,

548 1338 761 1399 eaque
805 1325 985 1380 erant
1029 1315 1234 1379 forma
1270 1315 1336 1379 di
1379 1314 1782 1393 inmortales3
1833 1337 1964 1380 non
2009 1336 2162 1401 ergo
2195 1314 2450 1381 illorum
2491 1312 2611 1380 hu-

546 1434 747 1477 mana
779 1409 1017 1487 forma,
1064 1409 1179 1475 sed
1211 1419 1429 1474 nostra
1473 1409 1691 1475 divina
1725 1410 1994 1477 dicenda
2029 1419 2144 1475 est.
2232 1430 2456 1474 verum
2487 1406 2612 1475 hoc

547 1504 835 1590 quidem,
871 1514 945 1569 ut
970 1505 1223 1571 voletis:
1258 1505 1419 1569 illud
1438 1525 1696 1588 quaere,
1733 1527 1899 1589 quae
1925 1505 2119 1571 fuerit
2145 1511 2324 1569 tanta
2351 1503 2610 1569 fortuna

546 1636 639 1647 —
668 1599 833 1664 nihil
870 1600 1039 1665 enim
1072 1600 1317 1665 ratione
1348 1599 1420 1663 in
1452 1622 1670 1665 rerum
1703 1610 1938 1665 natura
1970 1600 2214 1665 factum
2250 1621 2390 1665 esse
2422 1597 2610 1663 voltis

546 1730 668 1773 —‚
716 1694 833 1759 sed
884 1704 1100 1759 wmcn
1151 1694 1294 1777 quis
1345 1693 1467 1759 iste
1510 1704 1728 1759 tantus
1781 1696 2002 1759 casus?
2054 1694 2226 1759 unde
2269 1704 2402 1759 tam
2453 1691 2609 1759 felix

418 1870 442 1877 -
550 1810 901 1854 concursus
938 1799 1327 1865 atomorum,
1366 1798 1441 1852 ut
1474 1798 1738 1872 repente
1772 1787 2064 1853 homines
2101 1788 2367 1853 deorum
2402 1787 2609 1852 forma

551 1881 1006 1947 nascerentur?
1057 1882 1381 1947 seminane
1432 1882 1701 1947 deorum
1747 1882 2056 1947 decidisse
2094 1881 2176 1945 de
2212 1882 2390 1946 caelo
2422 1890 2608 1965 puta-
2649 1899 2702 1942 οι,

552 1999 695 2041 mus
739 1976 809 2041 in
860 1987 1061 2041 terras
1108 1986 1171 2042 et
1216 1977 1309 2041 sic
1354 1975 1645 2041 homines
1689 1986 1947 2061 patrum
1989 1974 2212 2039 similis
2257 1974 2611 2041 exstitisse?

548 2071 785 2136 vellem
840 2070 1165 2147 diceretis3
1222 2071 1486 2135 deorum
1541 2070 1991 2156 cognationem
2032 2090 2446 2153 agnoscerem
2480 2088 2612 2135 non

548 2164 809 2229 invitus.
896 2164 1055 2233 nihil
1090 2162 1229 2230 tale‘
1261 2165 1497 2241 dicitis,
1543 2164 1659 2230 sed
1693 2186 1848 2231 casu
1883 2186 2024 2229 esse
2056 2163 2298 2229 factum
2335 2173 2406 2227 ut
2441 2184 2614 2229 esse-

550 2280 695 2323 mus
732 2258 971 2325 similes
1008 2258 1293 2323 deorum.
1350 2271 1415 2325 et
1446 2282 1618 2323 nunc
1646 2269 2026 2345 argumenta
2050 2255 2414 2341 quaerenda
2438 2266 2608 2333 sunt,

550 2353 787 2436 quibus
833 2351 957 2416 hoc
998 2352 1363 2417 refellatur?
1416 2354 1662 2419 utinam
1706 2363 1842 2417 tam
1883 2350 2072 2417 facile
2121 2374 2276 2419 vera
2323 2351 2608 2418 invenire

546 2446 795 2532 possim
838 2467 1033 2531 quam
1074 2446 1242 2511 falsa
1286 2446 1692 2513 convincere!
1783 2446 2018 2511 etenim
2053 2445 2438 2511 enumerasti
2471 2466 2606 2510 me-
2639 2458 2708 2513 33

547 2540 815 2605 moriter
848 2552 911 2606 et
954 2540 1237 2625 copiose,
1293 2552 1365 2605 ut
1411 2540 1569 2605 mihi
1612 2541 1880 2649 quidem⁸
1907 2540 2205 2605 admirari
2247 2540 2494 2605 luberet
2539 2540 2609 2605 in
2655 2612 2660 2615 ,

547 2634 835 2699 homine.
856 2656 994 2700 esse
1028 2634 1323 2701 Romano
1370 2645 1613 2700 tantam
1659 2634 2021 2709 scientiam,
2071 2654 2276 2715 usque
2321 2655 2360 2696 a
2403 2631 2608 2697 Thale

546 2728 813 2793 Milesio
876 2729 957 2793 de
1020 2729 1285 2795 deorum
1346 2740 1576 2794 natura
1646 2727 2169 2835 philosophorum
2241 2726 2607 2789 sententias.

549 2844 861 2888 omnesne
903 2822 1019 2887 tibi
1062 2822 1153 2887 illi
1190 2823 1457 2889 delirare
1494 2822 1615 2887 visi
1651 2834 1828 2897 sunt,
1875 2817 1987 2905 qui
2031 2820 2166 2885 sine
2211 2818 2508 2883 manibus
2543 2829 2609 2885 et
2649 2836 2704 2877 92

548 2917 825 3001 pedibus
868 2926 1158 2982 constare
1204 2916 1398 2981 deum
1440 2938 1629 3002 posse
1665 2915 2124 2983 decreverunt?
2173 2936 2255 2979 ne
2298 2914 2422 2978 hoc
2465 2912 2627 2997 qui·

556 3012 705 3075 dem
736 3033 851 3076 vos
898 3021 1115 3081 movet
1160 3011 1645 3088 considerantis,
1702 3032 1868 3095 quae
1913 3010 1996 3074 sit
2040 3008 2278 3074 utilitas
2313 3030 2610 3093 quaeque

555 3104 997 3190 opportunitas
1024 3104 1093 3169 in
1118 3104 1375 3170 homine
1400 3105 1854 3181 membrorum,
1891 3114 1964 3167 ut
1987 3103 2278 3169 iudicetis
2306 3102 2609 3173 membris

549 3198 849 3263 humanis
876 3198 1031 3265 deos
1066 3221 1197 3264 non
1216 3200 1441 3285 egere?
1478 3199 1635 3283 quid
1663 3199 1832 3264 enim
1860 3196 2132 3283 pedibus
2153 3220 2314 3283 opus
2343 3208 2440 3263 est
2473 3197 2610 3261 sine

547 3294 885 3379 ingressu?
936 3293 1093 3379 quid
1128 3294 1455 3370 manibus,
1501 3294 1559 3357 si
1590 3292 1748 3357 nihil
1793 3292 2440 3377 conprehendendum
2475 3290 2609 3353 est?

550 3387 709 3471 quid
750 3388 1001 3473 reliqua
1047 3387 1471 3473 descriptione
1516 3388 1804 3452 omnium
1846 3386 2126 3471 corporis
2182 3386 2488 3471 partium,
2541 3381 2609 3446 in

550 3503 681 3565 qua
722 3482 884 3547 nihil
926 3483 1117 3549 inane
1130 3531 1149 3561 ,
1200 3483 1356 3548 nihil
1404 3482 1540 3547 sine
1586 3504 1808 3557 causa,
1861 3480 2020 3547 nihil
2065 3497 2609 3567 supervacaneum

550 3577 689 3641 est?
738 3577 961 3660 itaque
1003 3578 1181 3642 nulla
1226 3600 1328 3641 ars
1380 3576 1613 3642 imitari
1671 3576 2016 3641 soHertiam
2059 3576 2325 3639 naturae
2379 3580 2607 3655 potest.

550 3668 822 3735 habebit
878 3669 1076 3756 igitur
1138 3671 1428 3757 linguam
1483 3670 1639 3737 deus
1695 3682 1758 3735 et
1815 3692 1947 3737 non
1996 3670 2320 3752 loquetur3
2383 3662 2610 3740 dentis,

550 3762 877 3847 palatum,
930 3764 1135 3829 faucis
1168 3766 1418 3831 nullum
1452 3766 1537 3831 ad
1570 3787 1786 3841 usum3
1831 3784 2125 3848 quaeque
2158 3757 2610 3845 procreationis

553 3876 753 3923 causa
796 3866 1027 3923 natura
1070 3860 1319 3945 corpori
1362 3856 1659 3938 adfinxit,
1713 3882 1791 3925 ea
1835 3859 2075 3923 frustra
2119 3853 2383 3919 habebit
2428 3852 2608 3929 deus,

554 3975 675 4018 nec
711 3964 978 4019 externa
1010 3954 1217 4041 magis
1255 3976 1451 4039 quam
1482 3955 1805 4032 interiora,
1843 3974 1980 4031 cor,
2015 3950 2377 4036 pulmones,
2411 3948 2610 4025 iecur,

556 4058 797 4125 cetera,
850 4067 1015 4132 quas
1070 4048 1353 4115 detracta
1406 4049 1677 4115 utilitate
1728 4045 1886 4132 quid
1935 4044 2176 4111 habent
2225 4040 2614 4110 venustatis?
