3292 4559
1023 305 1129 360 DE
1164 303 1689 364 DIVINATIONE
1722 307 1771 362 L
1806 309 2047 364 18-22,
2443 296 2565 372 ,131

672 433 749 497 et'
774 429 989 497 divom
1024 427 1362 494 simulacra
1395 429 1667 515 peremit
1699 429 1985 497 fulminis
2022 431 2229 498 ardor.

675 524 780 590 hic
813 522 1118 590 silvestris
1154 533 1291 588 erat
1323 523 1602 589 Romani
1634 525 1909 590 nominis
1945 526 2153 604 altrix,
2614 546 2666 588 20

672 618 933 694 Martia,
970 638 1137 701 quae
1171 638 1404 702 parvos
1439 618 1760 684 Mavortis
1796 619 2037 686 semine
2071 631 2255 686 natos

674 713 980 779 uberibus
993 769 1000 778 .
1015 711 1303 798 gravidis
1339 712 1519 778 vitali
1553 735 1699 780 rore
1733 713 2014 800 rigabat:

667 829 838 892 quae
874 817 1014 872 tum
1050 828 1200 872 cum
1233 808 1450 892 pueris
1487 808 1811 874 flammato
1846 807 2131 875 fulminis
2165 809 2298 874 ictu

670 901 950 967 concidit
985 910 1178 984 atque
1214 902 1436 966 avolsa
1467 903 1708 989 pedum
1743 903 2015 990 vestigia
2047 903 2254 988 liquit.

675 1003 814 1059 tum
841 993 984 1078 quis
1012 1014 1142 1058 non
1171 993 1322 1060 artis
1351 995 1588 1082 scripta
1617 1018 1694 1062 ac
1717 1009 2137 1063 monumenta
2166 997 2462 1064 volutans

676 1109 865 1154 voces
901 1086 1216 1154 tristificas
1255 1087 1488 1155 chartis
1523 1091 1858 1176 promebat
1892 1089 2225 1157 Etruscis?

675 1203 897 1247 omnes
935 1181 1187 1247 civilem
1221 1204 1534 1268 generosa
1569 1184 1766 1272 stirpe
1800 1185 2157 1272 profectam

681 1276 886 1343 vitare
919 1276 1248 1362 ingentem
1283 1277 1532 1345 cladem
1565 1290 1942 1365 pestemque
1977 1281 2344 1360 monebant,

675 1372 778 1438 vel
810 1372 1031 1457 legum
1067 1370 1333 1437 exitium
1362 1374 1680 1440 constanti
1714 1396 1872 1441 voce
1907 1373 2222 1454 ferebant,

672 1466 913 1553 templa
939 1465 1260 1550 deumque
1287 1467 1450 1534 adeo
1474 1468 1750 1534 flammis
1778 1470 2133 1556 urbemque
2160 1469 2472 1536 iubebant

673 1562 916 1648 eripere
953 1571 1020 1626 et
1053 1572 1335 1648 stragem
1369 1561 1742 1630 horribilem
1778 1564 2169 1650 caedemque
2204 1565 2440 1631 vereri:

667 1667 866 1740 atque
900 1652 1061 1720 haec
1093 1655 1226 1720 fixa
1257 1658 1443 1742 gravi
1475 1656 1614 1723 fato
1650 1680 1728 1723 ac
1762 1658 2034 1724 fundata
2068 1659 2290 1735 teneri,

673 1752 743 1814 ni
775 1750 954 1836 prius
990 1751 1317 1816 excelsum
1352 1752 1437 1816 ad
1473 1754 1771 1818 columen
1804 1753 2083 1820 formata
2119 1754 2348 1820 decore

673 1853 896 1908 sancta
928 1842 1104 1907 Iovis
1139 1844 1382 1928 species
1418 1846 1622 1910 claros
1660 1855 1979 1931 spectaret
2011 1847 2081 1910 in
2116 1856 2312 1911 ortus.

673 1949 812 2002 tum
847 1935 986 2001 fore
1019 1946 1094 2000 ut
1127 1937 1410 2002 occultos
1445 1939 1723 2023 populus
1761 1951 2146 2022 sanctusque
2184 1948 2443 2004 senatus

637 2035 644 2042 ’
673 2050 934 2096 cernere
970 2039 1236 2094 conatus
1271 2041 1508 2115 posset,
1544 2031 1601 2095 si
1635 2031 1785 2096 solis
1822 2032 1907 2096 ad
1942 2042 2151 2096 ortum

674 2145 1004 2199 conversa,
1040 2122 1192 2189 inde
1227 2135 1484 2210 patrum
1519 2126 1703 2191 sedes
1740 2127 2089 2213 populique
2125 2125 2389 2192 videret.

672 2218 834 2284 haec
868 2215 1119 2281 tardata
1153 2217 1266 2283 diu
1301 2218 1545 2303 species
1580 2221 1987 2305 multumque
2021 2229 2268 2286 morata
2607 2240 2657 2280 21

669 2311 932 2380 consule
966 2321 1032 2377 te
1067 2311 1327 2376 tandem
1363 2312 1534 2378 celsa
1569 2325 1668 2380 est
1700 2315 1768 2379 in
1804 2315 1956 2380 sede
1989 2315 2221 2393 locata,

667 2418 864 2490 atque
901 2426 1032 2470 una
1065 2403 1179 2470 fixi
1212 2427 1291 2471 ac
1327 2405 1563 2492 signati
1596 2409 1904 2494 temporis
1942 2407 2101 2474 hora

669 2500 962 2587 Iuppiter
997 2500 1254 2566 excelsa
1287 2501 1574 2567 clarabat
1609 2513 1863 2588 sceptra
1898 2504 2216 2579 columna,

670 2607 738 2662 et
772 2594 986 2661 clade·
1021 2595 1266 2680 patriae
1301 2595 1560 2662 flamma
1594 2596 1894 2681 ferroque
1928 2608 2152 2683 parata

672 2689 935 2756 vocibus
971 2689 1400 2775 Allobrogum
1436 2691 1727 2776 patribus
1759 2693 2129 2778 populoque
2162 2690 2442 2775 patebat.

671 2785 792 2848 rite
824 2783 1024 2868 igitur
1057 2794 1326 2862 veteres,
1364 2806 1640 2869 quorum
1674 2796 2090 2852 monumenta
2124 2783 2374 2862 tenetis,
2599 2799 2667 2853 13

671 2876 786 2960 qui
818 2875 1092 2960 populos
1127 2877 1432 2960 urbisque
1467 2879 1659 2942 modo
1695 2900 1773 2943 ac
1807 2879 2041 2947 virtute
2075 2878 2405 2964 regebant,

673 2969 794 3034 rite
829 2968 1024 3033 etiam
1061 2969 1287 3044 vestri,
1323 2990 1600 3054 quorum
1633 2971 1965 3058 pietasque
1998 2973 2286 3057 fidesque

675 3060 991 3148 praestitit
1029 3072 1094 3126 et
1126 3062 1320 3148 longe
1356 3063 1511 3128 vicit
1545 3065 1860 3150 sapientia
1896 3079 2179 3148 cunctos,

676 3154 1020 3242 praecipue
1057 3154 1311 3222 coluere
1346 3155 1592 3243 vigenti
1625 3159 1889 3226 numine
1925 3151 2135 3239 divos3

676 3253 836 3318 haec
871 3249 1032 3316 adeo
1065 3251 1321 3337 penitus
1357 3273 1512 3318 cura
1545 3252 1763 3320 videre
1798 3255 2015 3342 sagaci

677 3345 807 3412 otia
841 3344 954 3429 qui
990 3343 1218 3410 studiis
1251 3345 1404 3411 laeti
1439 3357 1701 3415 tenuere
1737 3348 2004 3428 decoris,

674 3441 870 3526 inque
906 3439 1264 3507 Academia
1298 3441 1648 3510 umbrifera
1680 3442 2013 3528 nitidoque
2046 3443 2271 3530 Lyceo
2608 3463 2659 3502 22

669 3534 982 3612 fuderunt
1016 3535 1219 3600 claras
1255 3533 1516 3602 fecundi
1549 3534 1829 3622 pectoris
1864 3538 2046 3602 artisz

677 3652 714 3696 e
749 3627 988 3712 quibus
1023 3639 1336 3715 ereptum,
1372 3630 1577 3716 primo
1611 3631 1741 3696 iam
1778 3655 1819 3696 a
1852 3631 2008 3696 flore
2043 3631 2363 3708 iuventae,

676 3733 740 3788 te
776 3720 984 3808 patria
1017 3722 1086 3788 in
1119 3723 1332 3790 media
1365 3723 1675 3790 virtutum
1707 3725 1878 3791 mole
1912 3725 2165 3791 locavit.

678 3829 750 3882 tu
784 3828 1000 3884 tamen
1033 3817 1356 3884 anxiferas
1392 3838 1580 3884 curas
1612 3818 1899 3904 requiete
1933 3819 2250 3895 relaxans,

679 3911 855 3995 quod
887 3912 1132 3997 patriae
1167 3923 1373 3990 vacat,
1409 3911 1477 3978 id
1511 3913 1741 3980 studiis
1775 3913 2087 3996 nobisque
2123 3912 2406 3978 sacrasti.

501 4017 580 4069 tu
613 4005 808 4092 igitur
842 4005 1126 4071 animum
1161 4005 1400 4092 poteris
1433 4005 1741 4074 inducere
1776 4016 1997 4072 contra
2032 4029 2137 4086 ea,
2182 4025 2349 4090 quae
2385 4029 2425 4071 a
2459 4027 2563 4072 me

488 4098 914 4184 disputantur
967 4099 1048 4166 de
1091 4100 1509 4179 divinatione,
1563 4102 1803 4179 dicere,
1858 4101 1971 4185 qui
2024 4111 2090 4170 et
2138 4100 2414 4187 gesseris
2465 4121 2563 4178 ea,

2123 4201 2159 4256 9
2178 4203 2204 4231 ‘
2260 4255 2273 4264 ,
