3292 4559
1001 267 1112 338 nn
1145 279 1478 341 DEORUM
1510 281 1841 342 NATURA
1872 283 1950 342 11.
1987 284 2297 344 113—118.
2594 273 2677 340 75

603 402 762 476 haec
796 407 1010 472 omnis
1055 404 1384 493 discriptio
1420 405 1705 473 siderum
1746 416 1941 491 atque
1976 408 2081 474 hic
2126 419 2341 476 tantus
2376 410 2539 477 caeli
2574 432 2677 478 or·-
2702 429 2781 473 115

608 514 792 569 natus
828 525 914 568 ex
958 501 1335 587 corporibus
1381 500 1510 568 huc
1546 511 1610 567 et
1654 500 1809 566 illuc
1844 523 1999 568 casu
2032 514 2099 568 et
2142 514 2380 570 temere
2414 527 2679 571 cursan-

607 597 775 663 tibus
811 595 1101 682 potuisse
1136 595 1305 660 effici
1339 595 1642 680 cuiquam
1678 617 1835 661 sano
1863 596 2066 662 videri
2100 597 2350 684 potest?
2384 609 2495 663 aut
2522 620 2675 665 vero

607 692 731 756 alia
765 711 938 774 quae
983 699 1218 755 natura
1259 690 1492 756 mentis
1537 701 1603 755 et
1645 689 1908 757 rationis
1944 713 2171 778 expers
2215 691 2375 759 haec
2420 692 2675 758 efficere

603 785 816 872 potuit
825 830 845 863 ,
891 806 1062 869 quae
1094 807 1227 848 non
1261 784 1454 849 modo
1489 797 1562 850 ut
1605 785 1833 851 fierent
1876 787 2121 853 ratione
2166 799 2514 874 eguerunt,
2560 789 2676 854 sed

605 879 892 966 intellegi
927 879 1148 962 qualia
1181 878 1307 944 sint
1341 879 1480 944 sine
1514 903 1767 945 summa
1801 881 2047 946 ratione
2080 904 2212 947 non
2245 883 2553 969 possunt?

737 974 880 1040 Nec
932 995 1088 1039 vero
1139 973 1300 1040 haec
1352 974 1560 1040 solum
1611 973 2043 1052 admirabilia,
2098 975 2214 1042 sed
2253 977 2415 1042 nihil
2464 977 2671 1042 maius
2704 992 2779 1048 45

615 1091 808 1153 quam
841 1067 1022 1152 quod
1055 1068 1148 1133 ita
1181 1069 1426 1134 stabilis
1463 1079 1560 1135 est
1593 1069 1873 1135 mundus
1910 1079 2102 1153 atque
2136 1069 2228 1135 ita
2261 1070 2559 1137 cohaeret
2592 1072 2675 1137 ad

607 1162 1138 1249 permanendum,
1176 1174 1248 1227 ut
1273 1162 1432 1228 nihil
1457 1187 1540 1229 ne
1559 1163 1911 1250 excogitari
1927 1163 2188 1248 quidem
2215 1164 2416 1250 possit
2432 1165 2671 1252 aptius3

605 1279 831 1323 omnes
878 1256 1048 1322 enim
1090 1269 1304 1343 partes
1353 1258 1490 1323 eius
1534 1258 1819 1342 undique
1864 1258 2153 1324 medium
2194 1260 2406 1326 locum
2452 1281 2675 1346 capes-

600 1362 822 1418 sentes
855 1351 1148 1417 nituntur
1181 1351 1549 1437 aequaliter.
1645 1353 1925 1418 maxime
1958 1364 2176 1420 autem
2210 1375 2478 1440 corpora
2508 1354 2675 1420 inter

604 1469 678 1512 se
711 1445 936 1512 iuncta
966 1457 1362 1531 permanent,
1399 1468 1546 1512 cum
1581 1447 1766 1530 quasi
1800 1447 2083 1531 quodam
2117 1448 2375 1515 vinculo
2403 1448 2674 1515 circum-

605 1539 757 1605 dato
795 1539 1228 1626 configantur,
1263 1541 1438 1625 quod
1471 1540 1628 1606 facit
1662 1565 1740 1607 ea
1772 1553 2031 1620 natura,
2068 1564 2234 1627 quae
2269 1565 2386 1629 per
2418 1565 2673 1608 omnem

605 1633 924 1698 mundum
969 1633 1183 1699 omnia
1222 1645 1438 1701 mente
1483 1647 1548 1701 et
1590 1636 1838 1702 ratione
1884 1637 2225 1703 conficiens
2271 1637 2563 1702 funditur
2606 1646 2671 1701 et

605 1727 694 1794 ad
753 1728 1040 1794 medium
1101 1729 1271 1815 rapit
1323 1741 1388 1795 et
1446 1730 1761 1796 convertit
1813 1741 2115 1797 extrema.
2224 1731 2552 1816 quocirca,
2614 1729 2671 1798 si
2696 1750 2774 1790 116

607 1824 889 1888 mundus
925 1823 1231 1908 globosus
1260 1835 1358 1890 est
1391 1824 1476 1889 ob
1503 1847 1774 1909 eamque
1801 1847 2064 1891 causam
2098 1847 2322 1892 omnes
2358 1826 2495 1891 eius
2522 1849 2670 1910 par-

608 1929 706 1984 tes
739 1917 1028 2001 undique
1075 1919 1442 2002 aequabiles
1486 1919 1667 2004 ipsae
1709 1941 1824 2005 per
1859 1940 1928 1983 se
1964 1929 2161 2002 atque
2204 1918 2369 1984 inter
2414 1941 2485 1984 se
2521 1940 2674 2000 con÷

607 2011 922 2088 tinentur,
961 2012 1330 2098 contingere
1365 2013 1540 2077 idem
1575 2021 1783 2077 terrae
1818 2033 2079 2078 necesse
2116 2023 2233 2090 est,
2269 2022 2345 2075 ut
2376 2011 2671 2076 omnibus

607 2106 748 2171 eius
781 2105 1074 2192 partibus
1108 2105 1177 2170 in
1203 2105 1488 2172 medium
1516 2105 1929 2191 vergentibus
1945 2105 2117 2180 -jd
2142 2116 2359 2171 autem
2387 2104 2673 2172 medium

605 2199 902 2265 infimum
943 2200 1012 2264 in
1059 2202 1330 2285 sphaera
1375 2211 1474 2266 est
1506 2237 1596 2248 --
1627 2200 1789 2266 nihil
1830 2199 2279 2287 interrumpat,
2324 2221 2453 2284 quo
2494 2200 2673 2270 labe·

609 2293 838 2360 factari
903 2292 1107 2380 possit
1168 2305 1348 2360 tanta
1401 2293 1721 2361 contentio
1781 2293 2111 2380 gravitatis
2172 2305 2236 2360 et
2294 2295 2669 2381 ponderum.

612 2389 962 2473 eademque
995 2389 1240 2454 ratione
1275 2413 1482 2467 mare,
1529 2413 1678 2456 cum
1722 2411 1917 2475 supra
1960 2400 2194 2455 terram
2230 2389 2339 2468 sit,
2384 2389 2671 2455 medium

607 2494 826 2551 tamen
860 2493 1067 2549 terrae
1100 2483 1314 2548 locum
1340 2495 1645 2569 expetens
1676 2483 2097 2569 conglobatur
2121 2485 2405 2569 undique
2434 2504 2670 2567 aequa-

607 2577 824 2644 biliter
854 2598 1065 2661 neque
1099 2576 1415 2643 redundat
1461 2600 1771 2662 umquam
1813 2599 2023 2663 neque
2060 2575 2429 2643 effunditur.
2518 2577 2667 2642 huic
2696 2597 2771 2639 ιιι

605 2681 826 2736 autem
865 2670 1196 2736 continens
1243 2675 1355 2736 aer
1395 2671 1601 2738 fertur
1643 2672 1752 2738 ille
1777 2671 2049 2756 ,quidem
2082 2671 2341 2737 levitate
2378 2670 2670 2747 sublime,

609 2764 726 2831 sed
760 2775 976 2832 tamen
1008 2764 1079 2830 in
1113 2765 1319 2830 omnis
1355 2765 1556 2852 partis
1591 2787 1663 2831 se
1696 2765 1835 2852 ipse
1871 2765 2114 2843 fundit3
2158 2764 2376 2847 itaque
2412 2774 2477 2828 et
2508 2765 2671 2830 mari

610 2859 1019 2926 continuatus
1067 2869 1132 2925 et
1181 2859 1436 2926 iunctus
1483 2872 1580 2926 est
1626 2871 1691 2926 et
1740 2871 1972 2925 natura
2014 2858 2218 2925 fertur
2264 2857 2350 2923 ad
2400 2857 2669 2935 caelum,

609 2954 794 3020 cuius
831 2953 1140 3020 tenuitate
1175 2963 1240 3019 et
1274 2954 1484 3020 calore
1518 2963 1909 3040 temperatus
1944 2953 2204 3019 vitalem
2232 2963 2296 3019 et
2329 2950 2672 3020 salutarem

608 3047 906 3134 spiritum
957 3048 1222 3133 praebet
1273 3047 1705 3113 animantibus
1716 3073 1736 3126 3
1802 3069 1996 3132 quem
2059 3048 2371 3134 conplexa
2421 3070 2673 3114 summa

607 3165 760 3229 pars
806 3142 994 3220 caeli,
1047 3164 1215 3226 quae
1259 3142 1542 3209 aetheria
1586 3142 1848 3218 dicitur,
1901 3152 1967 3208 et
2001 3165 2188 3207 suum
2223 3141 2452 3210 retinet
2484 3142 2673 3207 ardo·
2735 3149 2741 3157 '

607 3260 750 3304 rem
781 3246 1043 3304 tenuem
1078 3248 1142 3303 et
1175 3237 1353 3305 nulla
1387 3235 1777 3304 admixtione
1814 3246 2179 3304 concretum
2223 3248 2290 3303 et
2323 3259 2472 3302 cum
2507 3236 2669 3300 aeris

613 3331 1016 3398 extremitate
1051 3331 1478 3418 coniungitur.
1547 3333 1617 3398 in
1654 3331 1910 3401 aethere
1946 3343 2162 3399 autem
2197 3342 2369 3396 astra
2403 3331 2673 3398 volvun-
2704 3343 2775 3399 46

615 3439 750 3503 tur,
803 3446 970 3509 quae
1015 3449 1084 3491 se
1119 3437 1184 3492 et
1227 3426 1374 3492 nisu
1415 3447 1534 3492 suo
1569 3426 1955 3512 conglobata
1999 3426 2325 3492 continent
2357 3433 2421 3490 et
2464 3423 2673 3488 forma

613 3520 760 3606 ipsa
807 3519 1144 3607 figuraque
1191 3543 1311 3586 sua
1351 3531 1679 3586 momenta
1722 3531 2107 3601 sustentant3
2161 3529 2311 3584 sunt
2354 3517 2525 3610 enim
2564 3539 2673 3583 ru-

612 3613 847 3690 tunda,
899 3615 1134 3698 quibus
1186 3615 1439 3692 formis,
1491 3627 1565 3681 ut
1615 3627 1768 3684 ante
1819 3616 2057 3681 dixisse
2109 3613 2360 3690 videor,
2412 3608 2673 3677 minime

611 3708 832 3775 noceri
866 3719 1097 3795 potest.
1169 3720 1320 3776 sunt
1353 3721 1568 3777 autem
1603 3711 1825 3778 stellae
1849 3721 2082 3776 natura
2114 3707 2477 3774 flammeae·
2458 3754 2479 3785 ,
2513 3728 2672 3791 quo-
2700 3723 2775 3766 118

616 3801 787 3868 circa
821 3813 1048 3880 terrae,
1082 3804 1297 3883 maris,
1333 3826 1644 3890 aquarum
1680 3804 2035 3892 vaporibus
2059 3800 2370 3868 aluntur
2351 3799 2452 3878 iis,
2486 3801 2599 3886 qui
2633 3824 2673 3866 a

617 3897 750 3963 sole
795 3919 878 3964 ex
921 3897 1093 3983 agris
1139 3897 1473 3984 tepefactis
1519 3909 1584 3966 et
1636 3922 1721 3967 ex
1772 3899 1957 3984 aquis
2002 3896 2387 3975 excitantur,
2438 3895 2673 3980 quibus

620 3989 786 4057 altae
811 4002 1289 4076 ‘renovataeque
1331 3993 1552 4060 stellae
1593 4004 1791 4078 atque
1826 3991 2031 4058 omnis
2066 3989 2287 4056 aether
2325 3987 2674 4056 refundunt

621 4085 846 4153 eadem
881 4096 944 4152 et
989 4107 1246 4178 rursum
1281 4085 1541 4156 trahunt
1573 4086 1888 4164 indidem,
1937 4083 2097 4150 nihil
2130 4094 2203 4150 ut
2236 4083 2371 4152 fere
2404 4083 2673 4168 intereat
