3292 4559
954 303 1061 358 DI:
1094 299 1619 359 DIVINATIONE
1652 299 1729 354 II.
1767 299 2074 354 112-117.
2409 284 2539 376 2Οᾷ

479 428 689 515 magis
739 426 875 493 veri
930 425 1133 492 simile
1198 435 1295 491 est
1343 447 1698 490 vaesanum
1758 424 2069 510 remigem
2122 443 2207 486 an
2259 421 2542 507 aliquem

481 534 799 598 nostrum,
834 520 946 606 qui
978 520 1071 586 ibi
1105 532 1247 586 tum
1283 543 1566 597 eramus,
1601 541 1736 596 me„
1775 516 2124 595 Catonem,
2158 516 2538 594 Varronem,

486 614 850 702 Coponium
882 615 1099 702 ipsum
1126 614 1391 682 consilia
1419 615 1685 682 deorum
1709 611 2142 678 inmortalium
2175 612 2553 698 perspicere·

481 709 761 796 potuisse
778 709 808 774 ?

613 804 747 872 Sed
780 805 913 871 iam
947 805 1033 871 ad
1067 815 1129 870 te
1167 804 1383 881 veni0,
2567 795 2643 907 151}

656 918 876 974 sancte
910 907 1182 993 Apollo,
1226 906 1339 991 qui
1372 905 1750 972 umbilicum
1785 915 2032 970 certum
2075 915 2388 968 terrarum
2423 902 2540 968 ob-

1431 999 1599 1064 sides

658 1095 828 1160 unde
865 1094 1305 1180 superstitiosa
1340 1047 1630 1181 primum,
1656 1114 1851 1159 saeva
1884 1092 2090 1168 evasit
2123 1113 2252 1156 vox
2285 1089 2454 1157 fera:

482 1207 611 1272 tuis
659 1206 830 1273 enim
873 1206 1147 1272 oraculis
1194 1203 1599 1292 Chrysippus
1658 1215 1866 1271 totum
1908 1204 2211 1269 volumen
2252 1201 2542 1288 inplevit,

482 1301 717 1388 partim
751 1300 961 1379 falsis,
997 1312 1073 1366 ut
1106 1321 1229 1386 ego
1266 1301 1523 1387 opinor,
1558 1300 1793 1388 partim
1828 1321 1982 1365 casu
2016 1297 2216 1376 veris,
2259 1308 2333 1362 ut
2365 1296 2439 1362 fit
2471 1296 2542 1360 in

484 1395 659 1460 omni
694 1396 977 1461 oratione
1014 1396 1416 1482 saepissime,
1461 1396 1696 1481 partim
1727 1393 2089 1478 flexiloquis
2123 1403 2191 1458 et
2233 1391 2543 1469 obscuris,

483 1501 557 1555 ut
590 1490 900 1576 interpres
937 1503 1124 1576 egeat
1164 1491 1509 1576 interprete
1544 1505 1610 1556 et
1655 1511 1793 1555 sors
1835 1489 1980 1574 ipsa
2013 1489 2098 1554 ad
2143 1487 2330 1554 sortis
2376 1485 2544 1552 refe-

482 1585 683 1650 renda
717 1586 826 1663 sit,
867 1585 1103 1671 partim
1136 1585 1458 1671 ambiguis
1494 1595 1557 1650 et
1601 1606 1771 1669 quae
1805 1583 1890 1648 ad
1926 1583 2332 1648 dialecticum
2365 1580 2545 1646 defe-

482 1679 685 1744 renda
736 1679 880 1744 sint.
968 1702 1121 1744 nam
1165 1701 1313 1744 cum
1356 1678 1469 1743 illa
1513 1699 1650 1744 sors
1697 1676 1870 1742 edita
1905 1688 2003 1742 est
2037 1675 2543 1760 opulentissumo

482 1773 625 1857 regi
658 1773 860 1838 Asiae
873 1818 893 1848 ,

660 1877 941 1946 Croesus
974 1880 1199 1965 Halyn
1241 1891 1584 1964 penetrans
1634 1901 1939 1964 magnam
1983 1888 2306 1963 pervertet
2348 1898 2546 1963 opum

1429 1995 1592 2049 v1m,

484 2085 764 2150 hostium
818 2085 949 2149 vim
1002 2107 1071 2149 se
1122 2106 1575 2170 perversurum
1625 2082 1903 2170 putavit,
1968 2082 2274 2169 pervertit
2323 2091 2541 2148 autem

484 2202 698 2245 suam:
753 2189 969 2243 utrum
1011 2177 1209 2264 igitur
1255 2199 1477 2244 eorum
1524 2177 1890 2254 accidisset,
1943 2198 2170 2241 verum
2214 2175 2543 2241 oraculum
2571 2195 2649 2236 116

483 2275 729 2339 fuisset.
803 2296 916 2339 cur
951 2284 1166 2337 autem
1200 2273 1322 2337 hoc
1359 2272 1617 2336 credam
1653 2293 1961 2356 umquam
1996 2271 2240 2338 editum
2261 2269 2545 2338 Croeso?

482 2379 595 2433 aut
630 2366 1039 2432 Herodotum
1085 2388 1199 2431 cur
1233 2365 1622 2432 veraciorem
1660 2365 1894 2431 ducam
1927 2365 2182 2430 Ennio?
2231 2389 2391 2431 num
2424 2365 2546 2429 mi-

482 2485 604 2526 nus
649 2462 757 2528 ille
806 2462 1013 2548 potuit
1060 2462 1141 2526 de
1180 2458 1423 2527 Croeso
1468 2481 1666 2547 quam
1711 2461 1792 2526 de
1826 2460 2082 2546 Pyrrho
2126 2460 2371 2547 fingere
2406 2459 2544 2526 En-

482 2555 666 2620 nius?
719 2558 863 2641 quis
918 2556 1089 2622 enim
1143 2568 1271 2633 est,
1333 2556 1444 2641 qui
1499 2555 1720 2622 credat
1772 2555 2096 2642 Apollinis
2149 2577 2231 2620 ex
2285 2556 2543 2621 oraculo

482 2649 734 2738 Pyrrho
769 2674 909 2717 esse
945 2673 1324 2737 responsum

657 2754 787 2818 ‘aio
825 2765 919 2831 te,
956 2752 1279 2830 Aeacida,
1316 2753 1645 2819 Romanos
1683 2752 1937 2818 vincere
1972 2752 2232 2839 posse'?

482 2857 765 2942 primum
790 2854 1028 2920 Latine
1044 2857 1285 2939 Apollo
1320 2877 1677 2939 numquam
1710 2855 1962 2920 locutus
2000 2867 2095 2921 est
2106 2881 2125 2934 3
2163 2855 2394 2921 deinde
2420 2853 2545 2919 ista

486 2970 621 3014 sors
665 2947 953 3012 inaudita
991 2945 1258 3013 Graecis
1304 2959 1432 3025 est3
1483 2959 1815 3033 praeterea
1859 2947 2098 3033 Pyrrhi
2150 2948 2543 3036 temporibus

482 3043 615 3106 iam
648 3039 889 3125 Apollo
923 3061 1146 3104 versus
1181 3040 1392 3106 facere
1430 3040 1735 3117 desierat3
1770 3041 2113 3127 postremo,
2150 3065 2542 3130 quamquam

487 3155 739 3220 semper
772 3131 917 3210 fuit,
952 3144 1025 3198 ut
1061 3133 1233 3219 apud
1266 3133 1551 3200 Ennium
1588 3145 1706 3212 est,

1221 3273 1252 3286 -
1268 3272 1299 3286 -
1333 3238 1633 3303 stolidum
1669 3261 1876 3324 genus
1913 3240 2368 3317 Aeacidarum,

657 3330 1100 3417 bellipotentes
1136 3344 1286 3396 sunt
1319 3333 1526 3419 magis
1563 3355 1758 3420 quam
1795 3334 2382 3420 sapientipotentes‚

486 3447 703 3502 tamen
762 3432 930 3499 hanc
984 3433 1440 3520 amphiboliam
1500 3459 1722 3502 versus
1783 3437 2154 3522 intellegere
2205 3437 2538 3522 potuisset,

486 3528 771 3596 ‘vincere
815 3539 879 3594 te
923 3528 1279 3596 Romanos'
1333 3529 1531 3597 nihilo
1584 3530 1793 3618 magis
1837 3530 1908 3594 in
1952 3552 2020 3595 se
2065 3551 2262 3614 quam
2297 3530 2366 3596 in
2408 3529 2541 3594 Ro-
2615 3601 2628 3608 ‚

484 3644 712 3689 manos
778 3623 1011 3688 valere.
1118 3646 1271 3688 nam
1330 3623 1441 3689 illa
1503 3624 1921 3712 amphibolia,
1993 3645 2160 3708 quae
2225 3621 2540 3690 Croesum

488 3718 767 3805 decepit,
812 3719 918 3784 vel
956 3716 1395 3806 Chrysippum
1437 3723 1750 3807 potuisset
1785 3721 2006 3788 fallere
2019 3769 2042 3799 ,
2073 3720 2236 3786 haec
2269 3741 2422 3786 vero
2457 3742 2540 3784 ne

486 3811 842 3900 Epicurum
877 3812 1157 3898 quidem.
1247 3814 1390 3893 sed,
1426 3816 1602 3898 quod
1638 3827 1834 3902 caput
1868 3828 1996 3893 est,
2040 3837 2154 3881 eur
2187 3814 2312 3880 isto
2348 3814 2538 3880 modo
2567 3803 2643 3916 ξιξ

486 3907 615 3971 iam
650 3909 864 3973 oracla
876 3907 1153 3995 Delphis
1188 3932 1321 3975 non
1356 3910 1654 3988 eduntur,
1689 3933 1821 3976 non
1848 3910 2039 3976 modo
2065 3919 2284 3974 nostra
2310 3919 2540 3988 aetate,

488 4000 604 4065 sed
636 3999 766 4066 iam
800 4000 941 4080 diu,
992 4003 1125 4071 iam
1169 4014 1242 4070 ut
1274 4003 1433 4068 nihil
1467 4005 1671 4090 possit
1717 4027 1856 4071 esse
1901 4002 2364 4089 contemptius?
2416 4002 2538 4068 hoc

484 4095 631 4160 loco
666 4115 813 4160 cum
848 4109 1237 4182 urguentur,
1292 4099 1628 4166 evanuisse
1675 4100 1854 4164 aiunt
1897 4109 2214 4164 vetustate
2249 4099 2380 4164 vim
2413 4098 2540 4164 loci
