3292 4559
729 241 849 309 163
1330 249 1406 305 Μ.
1446 246 1719 305 TULLII
1754 245 2154 306 CICERONIS

1242 797 1338 861 M.
1378 796 1708 861 TULLII
1743 792 2244 861 memoras
2328 868 2351 883 ,

1146 909 1310 973 DE
1378 902 2349 974 DIVINATIONE

1300 1053 1598 1105 LIBER
1654 1047 2198 1109 SECUNDUS.

1410 1255 2076 1314 ARGUMENTUM.

817 1365 945 1417 Hae
974 1365 1150 1417 altero
1182 1361 1250 1413 de
1282 1361 1625 1414 divinatione
1653 1359 1802 1414 libro
1827 1358 2022 1415 Cicero
2046 1364 2346 1430 postquam
2373 1359 2444 1415 de
2471 1359 2629 1414 libris
2654 1361 2777 1414 suis

717 1449 845 1497 aute
861 1441 966 1493 hoa
994 1437 1062 1493 de
1094 1437 1434 1489 divinatione
1462 1437 1636 1489 libros
1662 1436 1884 1506 scriptis
1902 1440 1960 1491 et
1986 1436 2058 1490 de
2077 1436 2276 1490 studiis
2295 1435 2409 1491 suis
2435 1436 2659 1491 omnino
2678 1454 2776 1492 ex·

713 1517 901 1589 posuit
925 1513 1258 1585 (eap.‘1.2.),
1278 1517 1474 1565 eontra
1502 1513 1776 1568 rationem
1796 1510 2043 1569 Stoicam
2071 1529 2107 1567 a
2133 1511 2202 1577 Q.
2229 1512 2405 1569 fratre
2431 1513 2576 1568 libro
2605 1531 2775 1584 supe-

713 1597 857 1649 riore
885 1593 1242 1661 explanatam
1274 1595 1330 1645 et
1358 1589 1645 1645 defensam
1673 1589 1962 1660 disputare
1988 1589 2246 1645 instituit.
2315 1588 2547 1645 Initium
2571 1590 2715 1646 facit
2739 1608 2777 1645 a

713 1669 1022 1729 Carneadia
1062 1673 1390 1741 argumento
1426 1669 1639 1721 nullam
1678 1684 1800 1723 esse
1838 1668 2236 1723 divinationem
2272 1668 2579 1738 censentis,
2618 1670 2777 1739 quod

713 1749 873 1803 nulla
889 1749 962 1801 sit
982 1745 1341 1801 divinationis.
1358 1749 1647 1813 tamquam
1664 1744 1944 1801 materies.
1999 1744 2228 1801 Nullam
2247 1746 2395 1800 enim
2415 1762 2537 1801 esse
2556 1745 2774 1801 divina·

713 1829 923 1881 tionem
958 1841 1138 1893 neque
1178 1841 1370 1877 aarum
1406 1841 1616 1890 retusa,
1667 1838 1810 1893 quac
1849 1822 2104 1878 sensibus
2136 1821 2542 1893 percipiantur,
2586 1839 2776 1893 neque

717 1921 921 1970 earum,
945 1921 1086 1973 quae
1110 1905 1230 1957 arte
1250 1905 1578 1969 traetentur,
1614 1916 1798 1971 neque
1826 1916 2038 1969 earum,
2079 1916 2222 1969 quae
2240 1900 2299 1953 in
2315 1916 2377 1956 re
2402 1900 2634 1971 publica
2648 1918 2777 1956 ver-

713 1988 905 2037 sentur
933 1981 1082 2049 [eap.
1105 1981 1154 2033 3.
1174 1977 1266 2049 43.
1339 1977 1643 2033 Praeterea
1667 1994 1781 2031 non
1805 1976 2226 2033 concedendum
2259 1977 2439 2032 videri
2475 1977 2774 2033 divinatio·

713 2077 841 2113 nem
869 2077 994 2113 esse
1013 2057 1454 2129 praedit-:tionem
1474 2061 1530 2109 et
1558 2056 2010 2125 praesensionem
2027 2071 2213 2110 rerum
2237 2054 2624 2111 fortuitarum:
2655 2056 2776 2128 pri-

713 2153 861 2189 mum
881 2137 1030 2189 enim
1050 2141 1262 2201 ventos,
1294 2141 1526 2189 eventus
1542 2133 1876 2202 morborum,
1906 2133 2084 2187 multa
2103 2132 2218 2188 alia
2237 2150 2360 2189 esse
2377 2133 2628 2204 fortuita,
2655 2152 2777 2190 non

713 2221 901 2269 tamen
933 2229 962 2269 e
994 2213 1302 2265 Stoieomm
1330 2217 1518 2265 ment-e
1546 2210 1878 2265 divinationi
1905 2210 2190 2279 subiecta3
2228 2210 2431 2268 deinde
2459 2213 2507 2266 si
2537 2212 2778 2267 fortuita

713 2289 994 2357 dieantur,
1036 2305 1178 2357 quae
1206 2305 1390 2357 neque
1418 2289 1635 2341 ratione
1664 2302 1846 2355 neque
1874 2291 1994 2340 arte
2019 2286 2303 2355 provideri
2336 2291 2579 2360 possint,
2621 2290 2777 2361 quod

713 2369 769 2421 in
789 2365 1014 2421 fortuna
1044 2365 1230 2433 posita
1258 2365 1386 2433 sint,
1426 2365 1639 2417 nullam
1665 2378 1829 2432 posse
1849 2378 2040 2416 earum
2067 2379 2253 2417 rerum
2272 2380 2394 2420 esse
2418 2366 2773 2436 praesensio·

713 2457 853 2497 nem.
929 2441 1028 2497 Sin
1058 2445 1242 2493 autem
1266 2437 1442 2493 Stoiei
1468 2444 1678 2509 negent
1706 2455 1828 2494 esse
1854 2437 2140 2493 fortunam
2166 2444 2225 2494 et
2243 2441 2445 2510 omnia,
2485 2459 2632 2512 quae
2660 2444 2776 2501 sint

713 2533 966 2589 quaeque
1002 2517 1194 2569 futura
1230 2517 1362 2585 sint,
1414 2533 1478 2569 ea
1514 2515 1663 2569 omni
1700 2514 2035 2571 aeternitate
2077 2515 2333 2571 fataliter
2377 2517 2612 2575 definita
2649 2538 2774 2579 esse

709 2593 974 2665 iudieent,
1014 2597 1154 2649 nihil
1174 2597 1438 2665 prodeas-e
1458 2593 1859 2649 divinationem
1877 2593 2024 2667 (cap.
2045 2595 2244 2668 5—8.),
2273 2603 2332 2652 et
2355 2615 2488 2655 vero
2515 2600 2774 2657 inutilem

711 2673 1030 2729 hominihus
1050 2693 1170 2729 ease
1186 2673 1494 2725 futurarum
1518 2689 1700 2727 rerum
1728 2672 2022 2728 scientiam
2040 2673 2188 2746 (cap.
2208 2675 2303 2748 9.)‚
2334 2682 2392 2733 et
2409 2680 2561 2749 quod
2580 2680 2774 2736 dicant

713 2749 861 2805 mala
877 2749 1066 2805 omnia
1094 2753 1166 2805 ad
1182 2749 1210 2805 f
1210 2749 1470 2805 erendum
1498 2749 1710 2805 leviora
1727 2750 1846 2805 fore
1864 2751 2035 2805 rebus
2054 2751 2256 2805 divinis
2274 2756 2606 2827 procuratis,
2626 2758 2771 2813 nihil

709 2829 773 2881 :id
797 2845 937 2897 esee,
970 2829 1138 2901 quod,
1170 2829 1218 2881 si
1242 2825 1382 2881 nihil
1410 2825 1514 2881 flat
1530 2833 1689 2882 extra
1713 2828 1911 2898 fatum,
1941 2827 2085 2883 nihil
2111 2830 2288 2886 levari
2304 2849 2366 2888 re
2387 2833 2575 2890 divina
2591 2836 2772 2906 possit

713 2909 861 2981 [eap.
885 2909 1006 2977 lo).
1078 2905 1362 2973 [leina-eps
1394 2905 1617 2977 singula
1644 2906 2004 2961 divinationis
2041 2924 2271 2980 genera,
2311 2927 2456 2981 quae
2487 2914 2637 2984 (cap.
2657 2915 2766 2986 11.)

713 2985 897 3037 denuo
925 2985 1190 3053 partitur,
1230 2985 1478 3037 refutare
1518 2984 1860 3054 adgreditur.
1930 2985 2021 3040 Ac
2048 2986 2119 3042 de
2153 2986 2515 3059 haruspicina
2541 2990 2768 3060 quidem

713 3061 978 3129 dispuiat,
1002 3061 1058 3113 id
1078 3065 1182 3129 est,
1206 3061 1274 3113 de
1294 3061 1434 3117 extis
1454 3061 1602 3133 (eap.
1622 3061 1887 3135 12-17.)‚
1911 3064 1981 3119 de
1998 3063 2320 3136 fulguribus
2339 3068 2764 3143 (cap.18·-2l.),

713 3141 781 3193 de
801 3139 1034 3193 ostentis
1054 3137 1198 3209 [sap.
1218 3137 1334 3193 22*
1346 3141 1486 3209 32).
1558 3139 1779 3197 Deinde
1796 3147 2071 3197 monstrat
2089 3160 2258 3213 quam
2277 3161 2423 3201 vana
2442 3146 2556 3202 sint
2583 3148 2764 3219 auspi-

709 3217 797 3273 eia
817 3221 877 3273 et
902 3217 1090 3269 omina
1118 3217 1262 3289 (eap.
1286 3217 1550 3289 33—4o.).
1622 3218 1770 3273 Tum
1799 3219 1870 3274 de
1897 3220 2141 3276 sortibus
2168 3223 2291 3295 agit
2314 3222 2462 3296 (cap.
2481 3224 2592 3297 41.)
2620 3231 2676 3281 et
2695 3226 2766 3281 de

709 3293 1122 3370 Chaldaeorum:
1140 3293 1616 3365 praedietionihua
1636 3296 1990 3369 astrologicis
2017 3315 2320 3371 earumque
2345 3302 2598 3358 vanitate
2614 3302 2764 3377 (cap.

709 3373 974 3441 eadit).
1030 3371 1190 3437 Quae
1210 3373 1426 3441 reliqua
1446 3377 1574 3425 sunt
1594 3373 1701 3427 duo
1718 3375 1993 3429 naturalis
2012 3375 2369 3432 divinationis
2386 3395 2598 3450 genera
2616 3381 2764 3453 (cap.

709 3449 837 3517 4531,
877 3449 1114 3501 alterum
1138 3449 1538 3517 praedictionis
1574 3450 1761 3506 furore
1799 3453 2042 3522 quodam
2075 3459 2266 3524 natac,
2308 3457 2380 3510 ad
2408 3457 2560 3527 quod
2596 3459 2765 3513 etiam

709 3525 974 3581 librorum
1006 3525 1406 3597 Sibyllinorum
1438 3529 1782 3600 aliorumque
1810 3530 2161 3585 oraculorum
2197 3538 2374 3588 sortes
2407 3538 2464 3589 et
2498 3535 2766 3590 vaticinia.

709 3605 881 3657 refert
897 3605 1046 3677 (eali,
1066 3605 1334 3677 4oae-ot.),
1354 3605 1690 3661 somniorum
1708 3607 1947 3662 alterum
1965 3608 2116 3679 (cap.
2138 3609 2386 3683 58-71.)
2406 3612 2651 3684 attingit.
2695 3610 2767 3666 In

709 3681 1105 3753 disputationis
1142 3685 1498 3738 eonelusione
1538 3682 1866 3755 religionem
1903 3686 2188 3756 tuendam,
2228 3688 2329 3744 sed
2365 3688 2767 3744 confutandam

709 3757 1162 3829 superstitionem
1182 3777 1302 3813 esse
1322 3761 1570 3833 graviter
1590 3761 1852 3818 admonet
1869 3760 2018 3835 (cap.
2041 3761 2166 3834 72).
