3292 4559
1032 257 1163 315 ,DE
1194 257 1297 312 RE
1333 257 1678 314 PUBLIOA.
1710 259 1815 313 111.
1851 254 2024 314 4-49.
2432 249 2560 316 205
2674 241 2680 256 “

498 386 801 450 aluerunt
832 388 1101 448 'naturae
1132 381 1467 468 principia,
1505 381 1571 445 hi
1608 392 1822 446 autem
1855 382 2160 448 institutis
2196 395 2262 449 et
2287 385 2558 470 legibus.

494 478 705 565 pluris
756 499 909 542 vero
960 475 1121 541 haec
1172 476 1317 542 tulit
1368 497 1499 541 una
1550 475 1805 554 civitae,
1868 477 1921 541 si
1973 477 2184 543 minus
2237 479 2560 565 sapientie,

496 571 809 656 quoniam
870 570 939 634 id
1000 591 1237 635 nomen
1295 569 1387 634 illi
1439 581 1571 634 tam
1624 570 1914 634 restricte
1965 580 2211 649 tenent,
2275 585 2340 637 at
2391 585 2561 640 certe

497 688 756 732 summa
800 663 991 729 laude
1040 663 1267 750 dignos
1282 712 1299 740 ,
1350 662 1654 748 quoniam
1699 663 2082 749 sapientium
2123 678 2480 753 praecepta·
2500 680 2563 732 et

494 760 764 826 inventa
798 758 1152 823 coluerunt.
1236 767 1431 843 atque
1466 758 1680 834 etiam,
1715 759 1887 843 quod
1923 769 1988 824 et
2021 772 2170 825 sunt
2203 761 2562 828 laudandae

496 847 795 920 civitates
830 863 896 917 et
929 851 1209 928 fuerunt,
1246 849 1569 936 quolniam
1602 852 1674 917 id
1709 863 1806 918 est
1839 853 1908 917 in
1942 873 2155 918 rerum
2190 878 2306 918 na·-
2345 854 2434 941 [p.
2455 856 2560 920 24.

494 959 649 1014 tura
692 947 883 1032 longe
924 945 1190 1010 maximi
1236 946 1511 1022 consilii,
1558 947 1942 1012 constituere
1987 971 2129 1012 eam
2180 970 2318 1013 rem
2351 950 2564 1034 publi-

496 1065 647 1108 cam
659 1088 679 1119 ,
724 1063 889 1128 quae
931 1040 1135 1125 possit
1178 1063 1317 1106 esse
1363 1041 1692 1118 diuturna,
1739 1041 1793 1105 si
1837 1041 2122 1128 singulos
2155 1065 2563 1108 numeremus

494 1140 566 1204 in
608 1137 927 1223 singulas,
974 1145 1214 1220 quanta
1248 1136 1379 1201 iam
1412 1137 1766 1222 reperiatur
1799 1137 2081 1202 virorum
2117 1138 2562 1204 excellentium

494 1229 875 1297 multitudol
948 1231 1121 1312 quod
1166 1229 1221 1294 si
1268 1241 1379 1294 aut
1412 1231 1637 1296 Italiae
1672 1231 1935 1295 Latium
1973 1244 2084 1296 aut
2118 1233 2404 1298 eiusdem
2441 1230 2562 1298 Sa-

496 1330 724 1394 binam
770 1336 882 1390 aut
922 1325 1228 1392 Volscam
1272 1335 1559 1412 gentem,
1605 1327 1661 1390 si
1709 1323 2077 1406 Samnium,
2125 1328 2178 1392 si
2213 1327 2560 1402 Etruriam,

496 1424 553 1488 si
608 1443 913 1508 magnam
965 1419 1142 1484 illam
1188 1418 1533 1486 Graeciam
1586 1421 1978 1486 conlustrare
2031 1422 2242 1487 animo
2288 1421 2562 1487 volueri-

494 1540 670 1594 mus,
710 1515 762 1580 si
791 1514 1019 1580 deinde
1039 1513 1361 1591 Assur-ios,
1400 1514 1453 1579 si
1477 1514 1736 1592 Persas,
1773 1515 1829 1579 si
1853 1514 2130 1593 Poenos,
2159 1514 2228 1580 si·
2240 1516 2398 1580 haec
2417 1515 2454 1551 ¹¹⁹
2472 1515 2508 1550 ⁴⁸*
2526 1515 2565 1549 ³*

950 1605 1429 1692 [Desiderantur
1466 1611 1776 1674 duodecim
1801 1607 2122 1695 payinae]

636 1705 670 1739 ⁴*
708 1703 742 1738 ³*
780 1705 815 1739 '¹‘
851 1701 1191 1784 adv030ati3
1281 1713 1345 1767 et
1379 1702 1640 1768 Philus:
1697 1703 2120 1787 ‘praeclaram
2153 1721 2305 1768 vero
2347 1700 2435 1788 [p.
2457 1702 2560 1765 21.

498 1819 767 1864 causam
802 1795 886 1861 ad
922 1818 1026 1860 me
1062 1795 1343 1871 defertis,
1382 1819 1528 1860 eum
1564 1818 1669 1862 me
1707 1795 2106 1882 inprobitatis
2140 1795 2564 1881 patrocinium

500 1891 829 1978 suscipere
876 1889 1104 1954 voltis.'
1195 1889 1403 1973 ‘atqui
1447 1889 1517 1955 id
1558 1890 1705 1954 tibi'
1752 1891 1958 1974 inquit
2001 1889 2266 1956 Laelius
2311 1897 2565 1955 ‘veren-

499 1986 753 2060 dumst,
806 1983 861 2047 si
908 2006 985 2064 ea
1030 1983 1297 2061 dixeris,
1350 2002 1515 2066 quae
1562 1995 1784 2050 contra
1829 1983 2139 2049 iustitiam
2175 1983 2302 2048 dici
2337 1984 2562 2061 solent,

498 2102 583 2144 ne
634 2077 727 2144 sie
772 2076 963 2142 etiam
1008 2077 1237 2142 sentire
1284 2077 1573 2153 videare,
1620 2099 1768 2142 cum
1815 2088 1880 2144 et
1910 2078 2048 2163 ipse
2083 2078 2170 2142 sis
2203 2077 2389 2162 quasi
2424 2079 2566 2142 uni-

501 2195 655 2238 cum
708 2171 1069 2255 exemplum
1124 2172 1423 2256 antiquae
1474 2171 1812 2256 probitatis
1866 2184 1931 2237 et
1981 2172 2130 2237 fidei
2143 2221 2160 2249 ,
2223 2193 2432 2257 neque
2485 2172 2566 2236 sit

497 2269 728 2354 ignota
788 2265 1181 2330 consuetudo
1245 2276 1357 2331 tua
1418 2266 1766 2330 contrarias
1817 2266 1883 2330 in
1937 2267 2132 2351 partis
2197 2265 2564 2341 disserendi,

498 2361 682 2445 quod
738 2359 831 2425 ita
888 2358 1212 2425 facillume
1276 2382 1501 2426 verum
1564 2360 1836 2424 inveniri
1897 2359 2123 2445 putes.’
2213 2370 2276 2424 et
2335 2359 2565 2424 Philus

501 2455 686 2520 ‘heia
717 2453 937 2529 »νει-οξ
982 2453 1190 2536 inquit
1235 2461 1486 2540 ‘geram
1524 2452 1535 2540 Ι
1570 2475 1814 2519 morem
1860 2454 2044 2518 vobis
2079 2464 2280 2519 et-me
2330 2451 2421 2538 [p.
2459 2453 2563 2517 22.

501 2548 793 2614 oblinam
828 2548 1033 2612 sciens
1044 2571 1063 2622 3
1111 2548 1283 2631 quod
1318 2547 1622 2631 quoniam
1659 2548 1769 2630 qui
1816 2570 2044 2612 aurum
2089 2558 2402 2631 quaerunt
2435 2568 2565 2611 non

499 2651 738 2728 putant
782 2640 903 2704 sibi
938 2641 1395 2718 recusandum,
1440 2663 1591 2719 nos,
1638 2664 1784 2708 cum
1819 2641 2123 2706 iustitiam
2157 2661 2562 2723 quaeramus,

498 2759 643 2801 rem
694 2735 897 2799 multo
952 2734 1127 2797 omni
1178 2756 1336 2799 auro
1390 2735 1697 2800 cariorem
1712 2782 1730 2811 ,
1794 2735 2036 2798 nullam
2088 2734 2376 2819 profecto
2429 2754 2567 2797 mo-
2657 2740 2666 2748 “

500 2828 757 2896 lestiam
791 2828 1019 2914 fugere
1056 2828 1381 2893 debemus.
1448 2839 1639 2910 atque
1667 2827 1932 2904 utinam,
1971 2849 2164 2910 quem
2192 2826 2275 2891 ad
2301 2826 2567 2890 modum

501 2922 789 2989 oratione
855 2945 995 2986 sum
1061 2944 1293 2986 usurus
1354 2921 1593 2998 aliena,
1659 2921 1750 2985 sic
1811 2921 1970 2984 mihi
2034 2941 2142 2984 ore
2203 2919 2298 2983 uti
2348 2919 2569 2984 liceret

502 3014 746 3082 alienol
782 3037 954 3079 nunc
992 3038 1069 3079 ea
1104 3015 1375 3080 dicenda
1410 3025 1561 3080 sunt
1595 3014 1678 3079 L.
1715 3013 1918 3078 Furio
1952 3012 2165 3091 Philo,
2202 3033 2368 3096 quae
2407 3010 2568 3077 Car-

502 3110 776 3187 neades,
829 3107 1121 3175 Graecus
1173 3108 1365 3174 homo
1420 3121 1486 3175 et
1538 3118 1883 3173 consuetus
1937 3106 2108 3190 quod
2161 3108 2566 3172 commodum

504 3215 677 3270 esset
712 3203 924 3269 verbis
962 3203 997 3236 ⁴¹*
1035 3202 1070 3237 ³*
1107 3202 1143 3237 ⁴⁸*

858 3295 1247 3382 [Desiderari
1280 3300 1559 3362 videntur
1593 3307 1879 3382 quattuor
1901 3293 2221 3381 paqinae]

636 3392 730 3456 M.
776 3392 1013 3455 Tullius
1050 3393 1122 3455 de
1161 3414 1228 3455 re
1261 3391 1438 3476 publ.
1478 3391 1583 3454 lib.
1616 3392 1710 3455 ΙΙ
1707 3414 1729 3452 .·
1798 3389 2014 3474 Neque
2057 3389 2214 3452 hanc
2257 3401 2568 3472 tamquam

503 3507 703 3548 meam
742 3487 1075 3550 orationem
1108 3507 1213 3550 vos
1246 3485 1381 3549 volo
1418 3487 1701 3569 accipere,
1738 3486 1845 3548 sed
1868 3493 1941 3547 ut
1959 3480 2279 3546 Carneadi
2307 3503 2568 3564 respon-

505 3578 744 3655 dentis,
782 3577 893 3662 qui
928 3599 1119 3663 saepe
1156 3578 1427 3663 optimas
1464 3599 1692 3641 causas
1727 3576 1970 3662 ingenii
2005 3574 2324 3639 calumnia
2359 3574 2569 3638 ludifi-

506 3672 640 3740 cari
675 3673 853 3737 solet.
942 3669 1221 3754 (Nonius
1257 3694 1319 3736 v.
1356 3673 1662 3736 calumnia
1695 3693 1758 3756 p.
1796 3670 1978 3757 263.)

647 3767 1011 3842 Carneades,
1054 3769 1445 3832 Academicae
1478 3779 1669 3830 sectae
1692 3765 2118 3852 philosophus,
2155 3766 2322 3828 cuius
2349 3765 2417 3826 in
2443 3765 2567 3826 dis-

507 3864 758 3927 serendo
796 3883 950 3947 quae
982 3863 1073 3924 vis
1095 3860 1310 3947 fuerit,
1350 3881 1505 3945 quac
1536 3860 1894 3944 eloquentia,
1941 3859 2108 3945 quod
2139 3877 2412 3932 acumen,
2462 3858 2568 3940 qui

509 3957 722 4031 nescit,
768 3957 973 4041 ipsum
1016 3975 1089 4018 cx
1120 3955 1578 4040 praedicatione
1626 3952 1930 4018 Ciceronis
1961 3953 2260 4036 intelleyet
2294 3960 2403 4013 aut
2433 3949 2568 4013 Lu-

508 4050 657 4124 cilii,
696 4051 867 4134 apud
899 4070 1075 4134 quem
1110 4050 1403 4114 disserens
1420 4045 1746 4133 Neptunus
1782 4049 1855 4111 dc
1887 4067 1953 4111 re
1980 4045 2346 4132 difficillima
2373 4055 2567 4109 osten-

2615 1696 2651 1805 «²01
