3292 4559
764 271 891 341 196
1372 279 1449 333 M.
1488 277 1760 335 TULLII
1795 271 2221 332 omnnem&

759 431 842 476 ne
876 404 1171 494 Lycurgi
1217 401 1477 488 quidem
1522 400 1858 485 disciplina
1899 398 2106 464 tenuit
2149 397 2291 462 illos
2335 397 2400 462 in
2447 395 2820 464 hominibus

764 502 1033 572 Graecis
1068 499 1313 564 frenos:
1350 519 1501 561 nam
1534 493 1730 559 etiam
1761 492 2036 578 Spartae
2061 503 2371 577 regnante
2397 491 2826 580 Theopompo

764 607 913 666 sunt
945 596 1100 660 item
1134 593 1417 678 quinque
1430 637 1449 667 ,
1485 609 1647 672 quos
1683 587 1776 652 illi
1812 587 2082 672 ephoros
2121 587 2474 672 appellant,
2517 588 2590 651 in
2629 583 2830 653 Creta

764 703 979 758 autem
1032 689 1283 762 decem,
1338 685 1450 768 qui
1502 701 1758 747 cosmoe
1810 691 2152 756 vocantur,
2199 690 2274 744 ut·
2326 692 2551 746 contra
2593 703 2834 746 consu-

762 809 827 872 p.
868 778 1043 868 l9l.]
1082 782 1217 846 lare
1250 777 1591 864 imperium
1625 773 1864 840 tribuni
1899 775 2008 859 pL,
2044 774 2135 839 sic
2165 774 2258 845 illi
2289 785 2514 839 contra
2539 775 2676 840 vim
2703 776 2836 859 {re-

811 879 827 895 ⁶
1160 874 1175 890 ⁶
1254 873 1321 938 ti.

642 955 732 1034 ‚34
764 885 1449 1037 glatgiiggastui'blrtatse
1493 964 1709 1048 aliqua
1752 962 1914 1027 ratio
1959 962 2308 1027 maioribus
2342 965 2580 1028 nost-ris
2615 965 2684 1028 in
2723 963 2840 1028 illo

767 1069 1017 1134 consilio
1054 1063 1185 1128 aeri
1221 1062 1430 1127 alieno
1462 1058 1791 1134 medendi,
1830 1079 1994 1141 quae
2029 1077 2239 1140 neque
2277 1055 2582 1123 Solonem
2620 1058 2836 1122 Athe-

764 1163 1048 1228 niensem
1093 1179 1222 1222 non
1267 1156 1475 1240 longis
1523 1151 1917 1238 temporibus
1963 1164 2110 1216 ante
2145 1151 2400 1237 fugerat
2435 1173 2651 1236 neque
2688 1164 2836 1238 post

766 1257 1089 1339 aliquanto
1124 1262 1413 1315 nostrum
1450 1259 1764 1325 senatum,
1801 1268 1950 1311 cum
1986 1258 2137 1310 sunt
2169 1257 2428 1332 propter
2463 1247 2660 1312 unius
2690 1248 2841 1312 libi·

766 1352 981 1416 dinem
1035 1345 1249 1412 omnia
1300 1367 1469 1410 nexa-
1522 1343 1760 1408 civium
1810 1342 2108 1418 liberata,
2174 1342 2544 1425 nectierque
2605 1354 2840 1428 postea

767 1443 1071 1518 desitum3
1146 1460 1524 1524 semperque
1576 1437 1728 1500 huic
1779 1436 2030 1522 generi,
2093 1457 2241 1499 eum
2293 1436 2516 1520 plebes
2569 1437 2842 1522 publica

764 1562 827 1624 p.
868 1533 1042 1620 192]
1093 1533 1451 1599 calamitate
1477 1530 1806 1616 inpendiis
1843 1529 2190 1613 delbilitata
2225 1530 2557 1607 deficeret,
2606 1533 2844 1595 salutis

766 1632 1052 1698 omnium
1100 1649 1292 1693 causa
1338 1627 1553 1710 aliqua
1596 1624 1954 1689 sublevatio
2000 1635 2063 1689 et
2107 1623 2424 1688 medicina
2459 1625 2846 1707 quaesitast.

768 1749 897 1811 quo
934 1737 1069 1789 tum
1106 1721 1369 1788 consilio
1403 1719 1851 1806 praetermisso
1887 1739 2083 1782 causa
2117 1718 2356 1803 populo
2391 1732 2636 1797 natast,
2676 1719 2844 1783 duo-

767 1821 888 1886 bus
924 1818 1193 1884 tribunis
1228 1815 1436 1902 plebis
1472 1837 1589 1899 per
1624 1812 1997 1878 seditionem
2028 1811 2275 1889 creatis,
2305 1823 2377 1876 ut
2409 1814 2704 1898 potentia
2741 1837 2848 1879 se-

767 1926 954 1979 natus
992 1925 1185 1996 atque
1222 1910 1565 1974 auctoritas
1599 1907 2023 1983 minueretur3
2061 1927 2228 1990 quae
2263 1918 2481 1971 tamen
2517 1909 2740 1993 gravis
2775 1921 2848 1972 et

766 2031 1005 2094 magna
1038 2005 1430 2081 remanebat,
1466 2001 1950 2088 sapient-issimis
1987 2011 2050 2066 et
2073 2000 2433 2066 fortissimis
2455 2013 2519 2067 et
2549 2003 2748 2068 armis
2773 2015 2848 2067 et

758 2106 831 2188 'p.
872 2098 1045 2186 129]
1096 2099 1358 2164 consilio
1395 2097 1719 2162 civitatem
1755 2093 2112 2170 tuentibus,
2159 2116 2432 2178 quorum
2469 2096 2846 2179 auetolritas

646 2239 649 2242 -
766 2196 1044 2260 maxime
1079 2193 1374 2266 florebat,
1421 2190 1624 2274 quod,
1673 2212 1821 2254 cum
1863 2189 2102 2254 honore
2147 2189 2339 2276 longe
2384 2191 2846 2256 antecellerent

770 2290 1024 2365 ceteris,
1072 2285 1506 2372 voluptatibus
1552 2295 1736 2349 erant
1775 2283 2108 2353 inferiores
2153 2306 2272 2349 nec
2307 2285 2600 2370 pecuniis
2637 2285 2844 2350 ferme

770 2383 1124 2468 superiores
1137 2427 1154 2455 ,
1219 2401 1423 2463 eoque
1484 2390 1622 2444 erat
1675 2378 1986 2463 cuiusque
2038 2378 2278 2466 gratior
2330 2379 2398 2443 in
2449 2403 2520 2445 re
2575 2381 2842 2466 publiea

766 2477 989 2551 virtus,
1019 2474 1193 2556 quod
1226 2475 1294 2537 in
1327 2473 1523 2537 rebus
1553 2473 1819 2557 privatis
1850 2472 2330 2560 diligentissime
2360 2474 2650 2560 singulos
2679 2475 2836 2540 civis

771 2592 985 2655 opera,
1025 2567 1309 2644 consili0,
1345 2590 1413 2632 re
1448 2568 1814 2632 tuebantur.

663 2655 733 2767 {ff
876 2661 1051 2745 ,Quo
1086 2662 1155 2726 in
1191 2672 1359 2726 statu
1394 2661 1488 2726 rei
1522 2661 1822 2746 publicae
1853 2661 1966 2747 Sp.
2001 2659 2299 2726 Cassium
2337 2663 2416 2727 de
2453 2664 2840 2750 occupando

768 2781 968 2846 regno
1020 2757 1419 2835 molientem,
1472 2779 1728 2822 summa
1779 2757 1952 2843 apud
1993 2758 2304 2843 populum
2350 2758 2560 2842 gratia
2602 2759 2843 2822 fioren-

766 2877 830 2940 p.
873 2851 1047 2940 130.]
1107 2865 1267 2929 tem,
1316 2864 1615 2936 quaestor
1654 2849 1665 2938 Ι
1705 2851 2031 2917 accusavit
2078 2873 2379 2935 eumque,
2425 2862 2497 2915 ut
2543 2853 2835 2930 audistis,

770 2970 915 3011 cum
972 2958 1154 3034 pater
1197 2947 1264 3010 in
1307 2969 1387 3011 ea
1432 2947 1625 3032 culpa
1669 2967 1808 3012 esse
1854 2945 2216 3030 conperisse
2263 2968 2331 3013 se
2377 2945 2673 3023 dixisset,
2733 2969 2843 3012 ce-
2945 2974 2958 2986 ·

770 3042 959 3106 dente
1012 3042 1252 3126 populo
1305 3050 1509 3105 morte
1563 3040 1885 3105 mactavit.
1976 3050 2352 3126 gratamque
2407 3040 2603 3104 etiam
2658 3041 2836 3104 illam

766 3135 978 3218 legem
1014 3146 1242 3217 quarto
1280 3135 1528 3200 circiter
1564 3146 1629 3201 et
1666 3134 2196 3220 quinquagesimo
2221 3155 2388 3217 anno
2415 3145 2561 3218 post
2591 3136 2834 3220 primos

770 3228 1062 3292 consules
1125 3229 1206 3294 de
1258 3230 1462 3294 multa
1514 3239 1579 3294 et
1632 3239 2035 3294 sacramento
2093 3227 2206 3313 Sp.
2261 3227 2576 3313 Tarpeius
2632 3241 2694 3295 et
2746 3232 2832 3292 A.

768 3321 1077 3387 Aternius
1142 3324 1431 3388 consules
1500 3322 1771 3388 comitiis
1825 3320 2193 3387 centuriatis
2253 3322 2557 3387 tulerunt.
2649 3324 2830 3388 annis

767 3428 913 3502 post
958 3439 1033 3482 ea
1081 3440 1201 3481 .xx.
1258 3441 1336 3482 ex
1385 3439 1481 3494 eo,
1530 3417 1706 3501 quod
1748 3416 1831 3480 L.
1869 3414 2168 3501 Papirius
2215 3415 2294 3479 P.
2331 3415 2639 3482 Pinarius
2683 3441 2833 3482 cen·

768 3534 832 3597 p.
869 3508 1005 3596 41.]
1048 3512 1237 3595 scires
1273 3512 1489 3576 multis
1527 3511 1814 3576 dicendis
1852 3511 1984 3575 vim
2023 3521 2454 3574 armentorum
2491 3535 2533 3575 a
2566 3513 2832 3598 privatis

767 3606 836 3668 in
900 3604 1233 3692 publicum
1294 3616 1683 3683 averterant,
1747 3605 1906 3670 levis
1961 3604 2338 3669 aestumatio
2388 3606 2710 3688 pecudum
2761 3607 2834 3670 in

768 3700 971 3765 multa
1003 3699 1149 3785 lege
1187 3697 1265 3764 C.
1305 3700 1454 3765 Iulii
1486 3700 1566 3765 P.
1602 3700 1849 3786 Papirii
1887 3698 2220 3764 consulum
2257 3699 2684 3766 constitutast.

901 3790 1035 3859 Sed
1080 3793 1320 3878 aliquot
1366 3806 1513 3859 ante
1550 3795 1764 3872 annis,
1814 3816 1960 3860 cum
1997 3815 2247 3857 summa
2280 3803 2450 3858 esset
2485 3795 2832 3862 auctoritas

766 3887 835 3952 in
872 3898 1116 3965 senatu,
1153 3889 1391 3974 populo
1425 3889 1707 3973 patiente
1745 3900 1937 3972 atque
1973 3901 2258 3974 parente,
2293 3885 2454 3952 inita
2478 3889 2728 3964 ratiost,
2763 3901 2830 3952 ut

770 3994 833 4046 et
876 3983 1171 4047 consules
1209 3994 1269 4048 et
1306 3984 1545 4048 tribuni
1579 3985 1667 4069 pl.
1705 3984 2083 4070 magistratu
2121 4007 2188 4049 se
2225 3983 2602 4048 abdicarent
2639 3995 2828 4068 atque

764 4096 831 4158 p.
867 4071 1001 4157 42]
1060 4086 1131 4138 ut
1177 4099 1255 4138 .x.
1302 4076 1421 4139 viri
1474 4077 1755 4143 maxima
1807 4089 2119 4163 potestate
2171 4078 2308 4144 sine
2353 4079 2828 4163 provocatiOJne

664 3765 735 3819 36

609 3855 615 3860 -
672 3837 723 3877 οι
