3292 4559
885 305 993 360 DE
1027 301 1356 360 DEORUM
1392 303 1721 361 NATURA
1754 303 1861 358 ΠΙ.
1900 303 2131 360 73-78,
2418 289 2543 355 115

476 423 650 500 idem
686 429 879 495 etiam
915 427 981 492 di
1014 426 1308 492 fraudem
1344 427 1679 504 dederunt,
1716 425 1964 493 facinus
1992 436 2349 511 ceteraque,
2386 421 2549 511 quo'-

476 551 623 594 rum
659 525 818 590 nihil
853 545 973 588 nec
1009 521 1250 608 suscipi
1295 523 1431 588 sine
1467 521 1716 587 ratione
1749 544 1869 588 nec
1907 521 2079 590 effici
2121 532 2353 609 potest.
2420 521 2549 593 uti·
2640 601 2645 608 Δ

476 645 632 688 nam
668 619 888 708 igitur,
930 628 1004 682 ut
1037 618 1148 682 illa
1183 640 1344 682 anus
1380 629 1589 704 optat,

1048 777 1131 820 ne
1166 753 1234 819 in
1268 775 1530 820 nemore
1563 753 1749 819 Pelio
1786 753 2118 819 securibus

742 872 932 916 caesa
965 848 1300 915 accidisset
1334 848 1612 934 abiegna
1645 849 1730 913 ad
1766 860 2002 916 terram
2036 849 2270 915 trabes.

483 999 581 1062 sic
633 995 822 1060 istam
873 991 1284 1059 calliditatem
1336 991 1703 1057 hominibus
1756 992 1823 1056 di
1873 1015 1955 1058 ne
2011 990 2363 1058 dedissent!
2420 1013 2551 1076 qua

485 1088 793 1178 perpauci
826 1089 992 1154 bene
1017 1095 1307 1164 utuntur,
1341 1087 1453 1169 qui
1487 1103 1705 1151 tamen
1734 1086 1859 1172 ipsi
1886 1109 2077 1172 saepe
2106 1109 2146 1151 a
2173 1086 2339 1152 male
2364 1095 2550 1151 uten-

483 1186 659 1250 tibus
687 1183 1156 1270 opprimuntur3
1192 1180 1688 1247 innumerabiles
1725 1190 1942 1247 autem
1971 1181 2237 1268 inprobe
2263 1190 2549 1255 utuntur,

481 1291 559 1345 ut
603 1279 843 1347 donum
896 1278 1018 1342 hoc
1071 1274 1360 1340 divinum
1411 1274 1675 1340 rationis
1721 1287 1785 1340 et
1841 1275 2087 1341 consilii
2130 1275 2214 1340 ad
2257 1274 2551 1340 fraudem

484 1375 880 1452 hominibus,
931 1393 1063 1437 non
1105 1369 1191 1436 ad
1235 1369 1588 1435 bonitatem
1631 1370 2004 1456 inpertitum
2051 1392 2190 1436 esse
2237 1369 2548 1435 videatur.

487 1470 603 1536 sed
635 1466 926 1555 urguetis
959 1464 1313 1532 identidem
1341 1463 1683 1556 'hominum
1718 1487 1858 1530 esse
1892 1464 2083 1529 istam
2110 1464 2386 1550 culpam,
2421 1483 2552 1527 non
2585 1464 2652 1520 31

488 1566 773 1640 deorum,
809 1573 883 1627 ut
910 1561 965 1626 si
1002 1560 1288 1626 medicus
1322 1557 1709 1645 gravitatem
1735 1559 1963 1638 morbi,
1998 1561 2392 1646 gubernator
2420 1557 2551 1622 vim

487 1659 885 1746 tempestatis
915 1667 1192 1736 accuset,
1230 1655 1352 1723 etsi
1378 1655 1446 1720 hi
1474 1656 1736 1740 quidem
1764 1655 2160 1734 homunculi,¹
2193 1656 2308 1721 sed
2335 1665 2551 1721 tamen

483 1753 739 1820 ridiculi
752 1778 771 1817 ε
827 1751 970 1837 quis
1016 1751 1189 1817 enim
1232 1760 1298 1815 te
1344 1749 1769 1828 adhibuisset,
1824 1750 2056 1816 dixerit
2090 1749 2441 1836 quispiam,
2498 1748 2553 1812 si

483 1849 612 1913 ista
646 1867 779 1910 non
813 1845 1065 1910 essent?
1100 1854 1323 1909 contra
1358 1843 1553 1908 deum
1587 1843 1740 1910 licet
1774 1843 2101 1930 disputare
2135 1842 2418 1908 liberius.
2483 1841 2553 1906 in

483 1940 823 2006 hominum
867 1937 1037 2002 vitiis
1081 1937 1177 2002 ais
1223 1959 1364 2003 esse
1409 1938 1696 2023 culpam:
1752 1959 1896 2002 eam
1944 1935 2228 2002 dedisses
2280 1933 2550 2000 homini-

485 2037 613 2100 bus
671 2033 1016 2109 rationem,
1081 2052 1246 2115 quae
1300 2031 1456 2096 vitia
1508 2032 1893 2117 culpamque
1947 2030 2332 2096 excluderet.
2438 2028 2553 2093 ubi

485 2130 690 2215 igitur
715 2127 897 2192 locus
932 2124 1055 2190 fuit
1086 2125 1282 2191 errori
1310 2125 1613 2191 deorum?
1648 2149 1798 2190 nam
1832 2123 2211 2212 patrimonia
2239 2120 2353 2211 spe
2387 2119 2553 2189 bene

489 2219 791 2288 tradendi
823 2219 1270 2307 relinquimus,
1309 2241 1438 2305 qua
1471 2242 1815 2307 possumus
1851 2219 2017 2285 falli:
2072 2219 2231 2285 deus
2268 2219 2404 2284 falli
2440 2217 2552 2302 qui

488 2317 740 2404 potuit?
791 2337 875 2380 an
917 2325 993 2380 ut
1038 2313 1182 2391 Sol,
1228 2314 1295 2378 in
1340 2337 1597 2380 currum
1644 2337 1793 2380 cum
1835 2314 2306 2380 Phaethontem
2348 2313 2552 2378 filium

487 2410 774 2487 sustulit,
831 2420 944 2474 aut
988 2409 1360 2495 Neptunus,
1415 2432 1564 2476 cum
1598 2408 1891 2476 Theseus
1935 2409 2365 2497 Hippolytum
2407 2431 2553 2496 per-

487 2506 680 2583 didit,
731 2527 880 2570 cum
925 2514 1026 2568 ter
1059 2503 1323 2588 optandi
1360 2527 1401 2568 a
1432 2504 1739 2591 Neptuno
1776 2515 1956 2592 patre
2002 2503 2329 2569 habuisset
2371 2515 2554 2590 pote-

487 2600 765 2666 statem?
814 2603 1151 2684 poe‘tarum
1193 2597 1316 2662 ista
1360 2609 1537 2676 sunt3
1591 2621 1710 2664 nos
1758 2609 1974 2664 autem
2014 2597 2377 2683 philosophi
2412 2600 2551 2664 'esse

491 2695 820 2770 volumus,
870 2714 1085 2756 rerum
1121 2703 1443 2770 auctores,
1489 2714 1620 2756 non
1654 2693 2038 2757 fabularum.
2129 2702 2319 2774 atque
2355 2688 2423 2754 hi
2457 2699 2553 2754 ta-

489 2811 640 2852 men
673 2787 798 2872 ipsi
843 2785 909 2850 di
953 2785 1214 2871 poe‘tici,
1268 2785 1323 2851 si
1358 2785 1626 2851 scissent
1668 2785 2025 2872 perniciosa
2058 2784 2197 2850 fore
2230 2784 2341 2848 illa
2384 2783 2552 2861 filiis,

492 2901 796 2966 peccasse
846 2878 915 2943 in
965 2879 1277 2945 beneficio
1330 2891 1725 2967 putarentur.
1832 2892 1934 2957 ut,
1987 2879 2042 2945 si
2091 2901 2314 2948 verum
2368 2890 2553 2956 esset,

494 2973 676 3058 quod
725 2972 946 3038 Aristo
1001 2971 1206 3039 Chius
1261 2973 1472 3040 dicere
1524 2975 1799 3052 solebat,
1862 2995 2093 3040 nocere
2148 2972 2552 3040 audientibus

493 3068 908 3156 philosophos
949 3067 1057 3145 iis,
1113 3071 1225 3154 qui
1260 3070 1425 3135 bene
1463 3069 1633 3135 dicta
1668 3069 1836 3134 male
1870 3069 2438 3156 interpretarentur
2469 3105 2556 3115 —

493 3185 684 3252 posse
720 3162 888 3229 enim
925 3175 1136 3228 asotos
1173 3187 1254 3228 ex
1278 3164 1616 3251 Aristippi,
1655 3163 1918 3230 acerbos
1953 3186 1990 3231 e
2027 3163 2305 3230 Zenonis
2341 3163 2559 3229 schola

490 3259 669 3324 exire
703 3293 809 3335 --,
844 3280 1104 3343 prorsus
1142 3255 1248 3344 [si‚
1285 3258 1397 3343 qui
1432 3259 1791 3335 audierunt,
1829 3257 2039 3323 vitiosi
2074 3268 2286 3324 essent
2320 3257 2555 3322 disces-

491 3354 658 3430 suri,
703 3354 877 3437 quod
921 3375 1218 3438 perverse
1265 3353 1787 3439 philosophorum
1823 3353 2317 3438 disputationem
2361 3351 2555 3414 inter-

494 3443 930 3534 pretarentur]
967 3458 1179 3511 tacere
1213 3457 1566 3533 praestaret
1599 3447 2012 3534 philosophos
2056 3467 2250 3530 quam
2284 3444 2391 3520 iis,
2443 3441 2555 3526 qui

492 3563 567 3606 se
603 3541 950 3618 audissent,
985 3562 1236 3619 nocere,
1273 3541 1385 3619 sic,
1424 3541 1478 3606 si
1512 3541 1801 3607 homines
1838 3540 2168 3616 rationem,
2205 3538 2375 3602 bono
2404 3557 2556 3602 con-

493 3635 640 3699 silio
677 3657 716 3700 a
751 3633 849 3699 dis
893 3634 1337 3700 inmortalibus
1374 3635 1618 3713 datam,
1671 3635 1740 3701 in
1780 3634 2075 3701 fraudem
2119 3630 2555 3715 malitiamque

497 3740 908 3808 convertunt,
960 3751 1092 3795 non
1145 3729 1284 3796 dari
1332 3729 1510 3796 illam
1561 3752 1757 3815 quam
1810 3729 1947 3796 dari
2004 3729 2285 3793 humano
2336 3724 2560 3811 generi

493 3823 726 3888 melius
779 3823 922 3889 fuit.
1020 3835 1121 3903 ut,
1176 3825 1230 3890 si
1280 3825 1566 3891 medicus
1620 3825 1781 3891 sciat
1809 3847 1980 3891 *eum
2032 3831 2391 3908 aegrotum,
2445 3818 2559 3902 qui

495 3915 711 3981 iussus
740 3917 823 3982 sit
857 3918 1079 3984 vinum
1119 3942 1390 3997 sumere,
1425 3920 1741 3985 meracius
1778 3928 2201 4003 sumpturum.
2214 3913 2557 3997 statimque

499 4011 873 4096 periturum,
909 4037 1146 4107 magna
1181 4015 1263 4080 sit
1295 4016 1363 4080 in
1391 4015 1599 4102 culpa,
1637 4014 1729 4080 sic
1753 4025 1967 4079 vestra
2000 4011 2125 4076 ista
2157 4007 2559 4096 providentia

495 4106 1044 4193 reprehendenda,
1081 4131 1246 4195 quae
1282 4110 1591 4177 rationem
1626 4107 1872 4188 dederit
1905 4106 2004 4186 iis,
2043 4127 2201 4193 quos
2238 4103 2450 4170 scierit
2484 4125 2563 4168 ea

1635 4206 1644 4214 .
1710 4219 1729 4236 ,Ι
2131 4207 2201 4262 8,,

2595 1537 2647 1578 76

2596 2615 2645 2656 77
