3292 4559
1035 274 1142 331 DE
1178 274 1278 331 RE
1313 271 1657 331 PUBLIOA
1690 274 1768 328 11.
1806 269 1974 329 1-'4.
2412 260 2534 329 179

449 402 671 470 etiam
693 399 701 485 Ι
726 398 1080 465 diutissime
1116 409 1424 483 gesserat,
1461 408 1526 467 et
1557 396 1788 463 modus
1826 397 1895 462 in
1932 396 2223 475 dicende,
2264 394 2354 483 [p.
2384 398 2531 465 276.

451 509 534 563 et
580 494 902 583 gravitate
943 492 1184 557 mixtus
1227 493 1436 578 lepos,
1485 503 1548 557 et
1586 515 1908 557 summum
1942 492 2045 557 vel
2080 491 2368 557 discendi
2402 503 2536 559 stu-

451 592 658 656 dium
698 589 806 654 vel
847 586 1120 652 docendi
1165 596 1230 651 et
1273 586 1546 651 orationi
1588 585 1724 651 vita
1769 586 2115 651 admodum
2151 606 2531 671 congruens.

453 687 518 752 is
569 684 786 749 dicere
829 680 1076 747 solebat
1109 680 1196 744 ob
1231 680 1396 745 hanc
1429 702 1695 745 causam
1728 691 2055 766 praestare
2087 690 2344 745 nostrae
2378 679 2533 745 civi-
2584 710 2610 749 ει

453 778 624 843 tatis
662 788 902 843 statum
937 774 1164 841 ceteris
1201 773 1589 851 civitatibus,
1633 773 1810 857 quod
1843 774 1913 837 in
1944 772 2069 837 illis
2106 773 2343 859 singuli
2375 774 2536 841 fuis-

457 882 622 937 sent
657 872 814 947 fere,
851 867 965 952 qui
999 891 1185 933 suam
1221 868 1492 952 quisque
1527 890 1667 933 rem
1700 867 2026 953 publicam
2060 866 2533 935 constituissent

456 964 728 1051 legibus
763 976 957 1046 atque
992 960 1296 1028 institutis
1333 959 1346 1047 Ι
1383 961 1535 1036 suis,
1571 972 1646 1025 ut
1682 958 1951 1025 Cretum
1983 960 2223 1037 Minos,
2264 958 2356 1047 [p.
2384 962 2532 1025 277.

458 1055 1137 1123 Lacedaemoniorum
1179 1054 1557 1139 Lycurgus,
1600 1053 2126 1131 Atheniensium,
2181 1076 2347 1137 quae
2390 1076 2535 1141 per-

461 1174 672 1237 saepe
713 1161 1112 1215 commutata
1141 1160 1339 1225 esset,
1383 1158 1526 1211 tum
1559 1146 1883 1225 Theseus,
1928 1159 2067 1213 tum
2099 1147 2349 1225 Draco,
2395 1159 2533 1213 tum

462 1244 664 1321 Sole,
717 1255 857 1309 tum
902 1240 1261 1309 Clisthenes
1274 1288 1293 1319 ,
1347 1252 1485 1307 tum
1530 1241 1717 1306 multi
1764 1242 1871 1307 alii
1884 1290 1901 1319 ,
1947 1254 2269 1329 postremo
2304 1264 2533 1309 exsan-

461 1362 674 1424 guem
706 1338 837 1404 iam
883 1347 947 1403 et
979 1336 1295 1403 iacentem
1330 1335 1554 1401 doctus
1590 1336 1691 1400 vir
1723 1336 2079 1403 Phalereus
2114 1348 2533 1403 sustentasset

463 1431 877 1509 Demetrius,
910 1446 1130 1497 nostra
1162 1441 1378 1495 autem
1410 1451 1512 1495 res
1548 1429 1811 1516 publica
1842 1452 1972 1496 non
2007 1432 2195 1499 unius
2232 1441 2402 1497 esset
2435 1431 2533 1497 in-

463 1528 664 1613 genio
677 1574 696 1603 ,
738 1526 855 1592 sed
886 1527 1264 1603 multorum,
1305 1546 1427 1591 nec
1461 1547 1594 1589 una
1626 1523 1903 1594 hominis
1936 1525 2097 1604 vita,
2144 1525 2256 1593 sed
2292 1526 2534 1610 aliquot

465 1621 820 1687 constituta
861 1620 1131 1685 saeculis
1177 1630 1242 1686 et
1287 1618 1624 1685 aetatibus.
1722 1641 1875 1683 nam
1920 1616 1931 1705 Ι
1976 1640 2187 1703 neque
2240 1617 2335 1707 [p.
2383 1620 2530 1684 278.

467 1716 676 1779 ullum
711 1713 1040 1799 ingenium
1075 1724 1328 1779 tantum
1361 1712 1683 1778 exstitisse
1719 1712 2003 1788 dicebat,
2048 1724 2149 1789 ut,
2194 1733 2387 1797 quem
2431 1734 2532 1777 res

469 1808 652 1873 nulla
685 1806 937 1893 fugeret
950 1854 969 1884 ,
1005 1806 1350 1891 quisquam
1385 1806 1730 1890 aliquando
1766 1806 2024 1882 fuisset,
2059 1828 2267 1890 neque
2302 1816 2535 1871 cuncta

467 1901 732 1987 ingenia
766 1900 1020 1966 conlata
1051 1900 1121 1965 in
1154 1923 1357 1965 unum
1394 1910 1644 1965 tantum
1679 1922 1869 1986 posse
1902 1922 2031 1965 uno
2068 1913 2351 1986 tempore
2385 1922 2533 1986 pro-

470 1996 692 2060 videre
705 2042 724 2071 ,
769 2004 843 2059 ut
885 1993 1100 2062 omnia
1141 1995 1697 2079 conplecterentur
1732 1996 1869 2060 sine
1902 2017 2119 2060 rerum
2150 2016 2275 2059 usu
2310 2017 2387 2059 ac
2423 2016 2532 2059 ve-

469 2099 728 2154 tustate.
816 2109 1010 2173 quam
1047 2087 1132 2153 ob
1167 2111 1333 2165 rem,
1368 2098 1442 2152 ut
1475 2088 1582 2153 ille
1619 2088 1885 2166 solebat,
1921 2088 2013 2153 ita
2045 2109 2219 2153 nunc
2252 2110 2398 2153 mea
2431 2110 2531 2153 re·
2580 2114 2605 2153 3

472 2194 648 2271 petet
717 2184 919 2247 oratio
989 2182 1211 2269 populi
1271 2183 1550 2249 Romani
1609 2183 1955 2269 originem;
2026 2183 2302 2249 libenter
2361 2183 2530 2248 enim

473 2277 667 2344 etiam
709 2277 908 2342 verbo
947 2288 1092 2342 utor
1129 2274 1418 2343 Catonis.
1505 2276 1759 2343 facilius
1794 2288 2009 2343 autem
2044 2278 2219 2361 quod
2254 2288 2351 2343 est
2384 2298 2533 2363 pro-

475 2371 755 2458 positum
793 2368 803 2457 Ι
841 2392 1225 2455 consequar,
1273 2371 1330 2436 si
1373 2382 1661 2437 nostram
1701 2393 1840 2436 rem
1872 2371 2197 2457 publicam
2252 2370 2343 2458 [p.
2380 2371 2529 2437 287.

474 2467 657 2531 vobis
702 2476 768 2531 et
809 2477 1177 2533 nascentem
1211 2478 1277 2531 et
1311 2478 1704 2533 crescentem
1739 2479 1806 2532 et
1840 2467 2128 2533 adultam
2162 2478 2227 2533 et
2258 2468 2389 2532 iam
2424 2467 2531 2532 fir-

476 2583 646 2625 mam
687 2571 880 2643 atque
925 2561 1255 2625 robustam
1301 2561 1638 2627 ostendero
1651 2608 1670 2638 ,
1716 2583 1909 2644 quam
1947 2561 2002 2625 si
2036 2561 2191 2627 mihi
2228 2561 2528 2647 aliquam,

476 2667 549 2720 ut
581 2655 754 2739 apud
786 2653 1124 2719 Platonem
1161 2653 1481 2732 Socrates,
1515 2656 1657 2741 ipse
1690 2654 1978 2721 finxer0.’

604 2750 752 2812 Hoc
786 2768 934 2811 cum
969 2769 1189 2813 omnes
1227 2747 1776 2833 adprobavissent,
1814 2756 1832 2785 ‘
1846 2748 2021 2832 quod
2052 2748 2365 2813 habemus
2378 2749 2394 2777 '
2430 2749 2527 2813 in-
2578 2731 2615 2843 Ξ

477 2843 614 2926 quit
649 2839 1004 2905 ‘institutae
1040 2839 1132 2905 rei
1167 2839 1465 2925 publicae
1500 2851 1632 2905 tam
1669 2842 1915 2907 clarum
1950 2864 2028 2906 ac
2062 2852 2194 2905 tam
2230 2841 2527 2906 omnibus

477 2946 700 3001 notum
739 2932 1070 2997 exordium
1097 2954 1296 3015 quam
1320 2933 1512 2997 huius
1542 2935 1720 2999 urbis
1748 2935 2117 3000 condendae
2144 2934 2529 3021 principium

461 3028 830 3115 profectum
885 3050 924 3092 a
974 3026 1292 3092 Romulo?
1372 3028 1486 3110 qui
1537 3039 1720 3113 patre
1768 3028 1985 3094 Marte
2036 3040 2223 3094 natus
2257 3065 2347 3078 -··
2379 3052 2531 3097 con-

481 3121 795 3206 celdamus
831 3119 1003 3185 enim
1034 3119 1248 3185 famae
1283 3120 1646 3199 hominum,
1682 3123 2059 3207 praesertim
2092 3145 2221 3188 non
2256 3125 2349 3210 [p.
2376 3124 2525 3189 288.

483 3218 868 3282 inveteratae
905 3214 1139 3291 solum,
1185 3215 1300 3280 sed
1335 3215 1532 3281 etiam
1565 3216 1887 3303 sapienter
1922 3241 1962 3281 a
1996 3218 2342 3285 maioribus
2378 3241 2526 3305 pro-

481 3311 666 3386 ditae,
701 3310 866 3375 bene
901 3308 1110 3374 meriti
1146 3308 1228 3373 de
1262 3310 1453 3375 rebus
1491 3310 1935 3377 communibus
1971 3324 2045 3377 ut
2072 3336 2307 3398 genere
2336 3314 2529 3379 etiam

481 3415 877 3491 putarentur,
922 3424 1054 3467 non
1098 3404 1306 3468 solum
1348 3403 1608 3489 ingenio
1656 3428 1797 3472 esse
1838 3405 2059 3485 divino
2092 3442 2181 3453 —-
2211 3407 2267 3470 is
2311 3406 2526 3503 iae‘tur,

482 3510 552 3567 ut
592 3508 776 3563 natus
821 3497 932 3574 sit,
975 3519 1124 3561 cum
1174 3497 1382 3562 Remo
1426 3499 1622 3565 fratre
1671 3499 1903 3565 dicitur
1945 3500 2029 3565 ab
2064 3500 2329 3564 Amulio
2374 3522 2526 3585 rege

484 3592 733 3657 Albano
780 3591 864 3656 ob
915 3591 1348 3657 labefactandi
1389 3593 1573 3678 regni
1619 3592 1914 3659 timorem
1958 3594 2039 3659 ad
2088 3593 2375 3658 Tiberim
2419 3617 2529 3660 ex-

487 3688 628 3773 poni
676 3687 890 3753 iussus
943 3708 1111 3753 esse:
1167 3707 1295 3771 quo
1347 3687 1416 3751 in
1465 3688 1608 3753 loco
1660 3710 1811 3753 cum
1856 3698 2023 3753 esset
2067 3687 2372 3753 silvestris
2418 3688 2529 3753 be-

488 3782 622 3845 luae
675 3780 685 3865 Ι
741 3791 1130 3847 sustentatus
1192 3780 1498 3847 uberibus
1559 3792 1973 3867 pastoresque
2020 3804 2167 3847 eum
2230 3779 2324 3867 [p.
2377 3781 2523 3847 289.

489 3875 877 3941 sustulissent
919 3885 984 3941 et
1026 3875 1096 3939 in
1143 3875 1380 3961 agresti
1425 3876 1604 3941 cultu
1639 3876 1989 3958 laboreque
2024 3875 2348 3952 aluissent,
2381 3898 2527 3961 per-

491 3966 758 4044 hibetur,
804 3980 878 4033 ut
911 3968 1285 4046 aduleverit,
1332 3980 1398 4035 et
1431 3969 1715 4055 eorporis
1752 3969 1995 4034 viribus
2031 3981 2096 4034 et
2130 3969 2323 4033 animi
2358 3970 2526 4035 fero-

491 4061 666 4126 citate
699 4072 947 4127 tantum
983 4064 1207 4129 ceteris
1243 4063 1653 4149 praestitisse,
1701 4074 1774 4129 ut
1808 4084 2048 4140 omnes,
2094 4062 2205 4148 qui
2242 4073 2380 4131 tum
2415 4085 2525 4151 eos

2061 4162 2166 4217 12·
