3292 4559
1096 220 1204 274 DE
1241 213 1577 275 LEGIBUS
1614 214 1691 272 11.
1729 218 1938 273 6-10.
2406 196 2544 270 Ὶ273

484 338 637 406 nihil
691 342 911 409 deberi
962 352 1194 429 potest.
1292 341 1363 423 Q.
1430 338 1668 407 Ordire
1720 340 1918 427 igitur
1926 366 1944 420 3
1999 346 2151 407 nam
2205 341 2377 407 hunc
2429 344 2548 407 tibi

484 446 685 501 totum
724 438 1012 505 dicamus
1050 438 1241 503 diem.

609 532 701 596 M.
776 534 873 598 ‘A
918 534 1077 600 Iove
1126 531 1473 598 Musarum
1526 531 1875 617 primordia
1885 531 1924 613 ,’
1983 531 2144 599 sicut
2197 532 2266 596 in
2317 534 2546 599 Aratio

484 626 758 693 carmine
795 629 924 693 orsi
959 650 1201 694 sumus.
1279 625 1351 707 Q.
1400 624 1731 708 Quorsum
1753 626 1963 691 istuc?
2030 627 2122 690 M.
2171 625 2347 708 Quia
2374 650 2548 693 nunc

482 718 633 785 item
678 722 761 787 ab
806 724 1033 789 eodem
1086 733 1150 789 et
1202 746 1241 787 a
1286 722 1511 788 ceteris
1569 722 1668 787 dis
1731 721 2174 787 inmortalibus
2231 732 2380 786 sunt
2431 746 2548 788 no-
2595 778 2606 789 ,

486 811 581 877 bis
627 817 864 901 agendi
910 816 1222 902 capienda
1266 814 1635 901 primordia.
1724 813 1796 895 Q.
1863 811 2131 899 Optime
2184 836 2368 893 vero,
2419 816 2549 881 fra-

485 913 599 983 ter,
636 920 701 973 et
732 910 873 976 fieri
908 911 1001 976 sic
1038 910 1238 976 decet.
1326 912 1419 975 M.
1464 909 1824 977 Videamus
1858 908 2058 995 igitur
2091 932 2334 988 rursus,
2369 911 2546 995 prius

484 1022 673 1083 quam
720 1005 1174 1091 adgrediamur
1219 1004 1305 1068 ad
1348 1005 1527 1089 leges
1574 1004 1892 1091 singulae,
1939 1004 2071 1068 vim
2123 1014 2548 1089 naturamque

484 1092 661 1180 legis,
696 1122 800 1178 ne,
840 1122 989 1165 cum
1023 1098 1361 1165 referenda
1398 1099 1525 1163 sint
1562 1099 1645 1165 ad
1683 1122 1828 1164 eam
1865 1098 2051 1165 nobis
2089 1099 2322 1176 omnia,
2367 1099 2548 1164 laba-

482 1208 621 1254 mur
662 1191 990 1259 interdum
1036 1214 1247 1258 errore
1295 1192 1605 1259 sermonis
1650 1194 2148 1278 ignoremusque
2203 1192 2334 1259 vim
2383 1194 2540 1270 eius,

482 1304 607 1366 quo
642 1285 784 1353 iura
820 1288 1007 1376 nobis
1044 1288 1407 1353 definienda
1442 1287 1586 1352 sint.
1648 1285 1720 1367 Ω.
1771 1286 1943 1354 Sane
1979 1287 2240 1371 quidem
2267 1286 2546 1365 hercule,

482 1388 543 1441 et
579 1390 674 1445 est
707 1382 835 1448 ista
869 1392 1046 1448 recta
1082 1382 1353 1448 docendi
1389 1383 1513 1448 via.
1602 1384 1696 1447 M.
1751 1384 1944 1449 Hanc
1987 1383 2186 1468 igitur
2221 1379 2407 1449 video
2445 1406 2548 1448 sa-

480 1472 1023 1557 pientissimorum
1057 1477 1260 1542 fuisse
1298 1478 1699 1555 sententiam,
1735 1478 1948 1564 legem
1977 1500 2188 1562 neque
2213 1478 2546 1545 hominum

479 1566 747 1654 ingeniis
786 1572 1221 1659 excogitatam
1254 1594 1375 1637 nec
1410 1572 1641 1637 scitum
1679 1572 1940 1655 aliquod
1972 1595 2110 1638 esse
2139 1574 2547 1659 populorum,

482 1662 592 1726 sed
644 1678 978 1733 aeternum
1034 1666 1372 1750 quiddam,
1430 1667 1605 1751 quod
1659 1666 2032 1731 universum
2085 1667 2401 1732 mundum
2445 1690 2546 1733 re-

480 1769 657 1839 geret
699 1760 1063 1847 imperandi
1106 1760 1614 1845 prohibendique
1650 1760 1982 1846 sapientia.
2070 1760 2162 1825 ita
2193 1761 2548 1847 principem

475 1847 682 1937 legem
744 1857 927 1920 illam
983 1865 1073 1921 et.
1100 1855 1392 1919 ultimam
1447 1865 1729 1920 mentem
1784 1877 1924 1920 esse
1980 1854 2280 1921 dicebant
2333 1855 2552 1921 omnia

471 1947 712 2015 ratione
776 1961 889 2016 aut
944 1950 1233 2036 cogentis
1290 1960 1403 2015 aut
1448 1949 1724 2015 vetantis
1772 1950 1904 2027 dei:
1961 1973 2041 2015 ex
2087 1972 2216 2033 quo
2262 1950 2372 2016 illa
2415 1952 2544 2028 lex,

474 2059 663 2122 quam
698 2045 778 2110 di
813 2044 1099 2110 humano
1134 2044 1357 2129 generi
1392 2044 1732 2119 dederunt,
1769 2058 1941 2109 recte
1979 2055 2076 2111 est
2109 2044 2402 2122 laudata3
2451 2057 2546 2110 est

478 2135 643 2201 enim
687 2138 859 2205 ratio
906 2159 1217 2221 mensque
1266 2138 1570 2223 sapientis
1608 2140 1694 2203 ad
1727 2139 2080 2204 iubendum
2116 2150 2182 2205 et
2219 2139 2301 2205 ad
2338 2140 2546 2205 deter-

478 2231 748 2298 rendum
810 2232 1062 2297 idonea.
1158 2231 1230 2312 Ω.
1304 2232 1714 2317 Aliquotiens
1775 2234 1904 2298 iam
1967 2234 2088 2299 iste
2152 2234 2332 2299 locus
2388 2258 2427 2299 a
2478 2245 2540 2299 te

480 2332 687 2393 tactus
743 2339 871 2405 est;
929 2327 1045 2393 sed
1096 2338 1243 2392 ante
1288 2349 1493 2411 ,quam
1548 2328 1631 2393 ad
1685 2329 2012 2414 popularis
2066 2330 2244 2417 leges
2301 2330 2544 2408 veniaS,

480 2418 613 2483 vim
647 2421 829 2488 istius
868 2422 1157 2488 caelestis
1192 2423 1355 2509 legis
1392 2424 1688 2509 explana,
1725 2424 1779 2489 si
1807 2425 2037 2509 placet,
2073 2448 2156 2491 ne
2186 2436 2399 2492 aestus
2427 2447 2546 2490 nos

483 2515 959 2584 consuetudinis
1010 2516 1351 2583 absorbeat
1404 2529 1467 2583 et
1521 2519 1605 2583 ad
1660 2520 1968 2584 sermonis
2021 2542 2266 2586 morem
2327 2520 2546 2585 usitati

482 2608 709 2675 trahat.
797 2612 890 2676 M.
936 2610 1005 2674 A
1040 2610 1253 2695 parvis
1292 2611 1490 2688 enim,
1530 2611 1794 2693 Quint-e,
1833 2613 2173 2680 didicimus
2221 2616 2306 2678 ‘si
2341 2616 2410 2677 in
2445 2614 2545 2677 ius

482 2705 695 2767 vocat'
752 2719 947 2785 atque
1002 2705 1128 2769 alia
1180 2705 1317 2769 eius
1371 2704 1546 2768 modi
1592 2706 1772 2789 leges
1819 2708 2177 2783 nominare3
2233 2706 2348 2771 sed
2393 2726 2545 2769 vero

480 2794 769 2881 intellegi
813 2796 905 2860 sic
942 2808 1223 2881 oportet,
1268 2808 1331 2861 et
1368 2798 1492 2861 hoc
1528 2808 1591 2862 et
1628 2799 1754 2862 alia
1789 2799 1965 2863 iussa
2001 2820 2078 2862 ac
2111 2799 2310 2865 vetita
2345 2819 2550 2882 popu-

480 2887 693 2953 lorum
738 2890 871 2954 vim
916 2888 1155 2955 habere
1200 2890 1285 2955 ad
1328 2901 1502 2955 recte
1548 2890 1726 2955 facta
1770 2891 2047 2957 vocandi
2093 2902 2158 2957 et
2194 2915 2233 2955 a
2268 2892 2546 2976 peccatis

483 2987 827 3063 avocandi,
875 3006 1043 3069 quae
1078 2984 1175 3050 vis
1211 3008 1343 3049 non
1376 2985 1569 3049 modo
1607 2986 1820 3051 senior
1855 2995 1952 3051 est
1987 3008 2182 3069 quam
2219 2996 2394 3051 aetas
2431 3007 2548 3072 po-

482 3080 783 3163 pulorum
828 3094 892 3147 et
940 3079 1299 3157 civitatum,
1356 3079 1471 3145 sed
1514 3081 1799 3164 aequalis
1845 3080 2014 3145 illius
2062 3083 2309 3147 caelum
2355 3092 2548 3165 atque

480 3184 684 3241 terras
736 3175 977 3241 tuentis
1032 3184 1099 3241 et
1148 3174 1429 3261 regentis
1486 3174 1609 3241 dei.
1700 3196 1910 3258 neque
1965 3176 2134 3241 enim
2181 3198 2320 3242 esse
2364 3198 2545 3242 mens

482 3267 703 3335 divina
738 3271 873 3335 sine
908 3270 1155 3335 ratione
1188 3280 1421 3355 potest,
1458 3291 1579 3335 nec
1612 3269 1778 3335 ratio
1816 3268 2032 3335 divina
2066 3292 2197 3335 non
2221 3271 2390 3336 hanc
2415 3271 2548 3355 vim

479 3362 549 3427 in
583 3364 773 3429 rectis
810 3365 1155 3449 pravisque
1192 3365 1552 3429 sanciendis
1591 3364 1807 3441 habet,
1853 3386 1994 3443 nec,
2041 3366 2195 3449 quia
2228 3385 2549 3447 nusquam

484 3468 622 3522 erat
668 3459 1003 3543 scriptum,
1046 3470 1119 3524 ut
1168 3473 1387 3525 contra
1432 3459 1661 3524 omnis·
1685 3459 1964 3524 hostium
2001 3459 2216 3545 copias
2248 3458 2318 3523 in
2355 3470 2548 3544 ponte

480 3573 651 3618 unus
707 3552 1042 3619 adsisteret
1086 3576 1125 3619 a
1169 3568 1481 3641 tergoque
1542 3566 1802 3639 pontem
1854 3554 2224 3619 interscindi
2276 3554 2546 3629 iuberet,

481 3646 718 3714 idcirco
764 3647 977 3713 minus
1015 3645 1333 3716 Coclitem
1376 3648 1559 3714 illum
1603 3670 1741 3713 rem
1777 3649 2052 3735 gessisse
2087 3660 2332 3713 tantam
2367 3648 2548 3712 forti-

482 3742 721 3807 tudinis
764 3743 911 3829 lege
958 3755 1152 3828 atque
1186 3743 1457 3829 imperio
1493 3743 1902 3829 putabimus,
1947 3765 2100 3820 nec,
2146 3743 2200 3808 si
2235 3742 2546 3829 regnante

482 3833 564 3900 L.
592 3836 946 3921 Tarquinio
982 3838 1160 3903 nulla
1198 3849 1334 3904 erat
1360 3838 1609 3904 Romae
1641 3837 1880 3925 scripta
1903 3840 2009 3904 lex
2047 3839 2126 3904 de
2155 3838 2411 3923 stu-pris,
2447 3836 2546 3901 id-

484 3929 651 3997 circo
695 3953 826 3997 non
874 3950 1097 3999 contra
1129 3933 1306 3999 illam
1341 3933 1553 4018 legem
1589 3934 2043 4019 sempiternam
2079 3930 2231 3999 Sex.
2265 3932 2546 4016 ¹Tarqui-

481 4025 627 4091 nius
662 4027 794 4091 vim
830 4028 1195 4107 Lucretiae,
1242 4028 1605 4115 Tricipitini
1636 4028 1828 4106 filiae,
1877 4029 2107 4095 attulit.
2199 4040 2337 4095 erat
2371 4026 2543 4092 enim

588 4127 806 4172 Ciceronis
826 4130 907 4173 vol.
929 4130 1035 4175 VIII.
2146 4130 2213 4184 18

2599 835 2626 875 ω

2591 3199 2642 3239 10
