3292 4559
1011 254 1118 308 DE
1156 251 1486 316 OFFIGIIS
1517 253 1624 308 111.
1662 253 1987 310 114--119,ν
2398 239 2529 305 113

466 379 815 464 explorata,
849 387 924 442 ut
957 400 998 442 a
1031 376 1404 442 Metrodoro
1443 376 1751 462 scriptum
1786 387 1901 452 est,
1939 375 2318 453 continetur,
2356 387 2529 441 certe

465 474 628 538 haec
678 471 916 537 utilitas
969 481 1036 536 et
1077 471 1338 554 quidem
1383 493 1636 536 summa
1670 505 1759 518 -—
1792 471 1883 535 sic
1930 471 2101 537 enim
2146 480 2407 537 censent
2440 505 2527 515 -—

468 589 616 632 cum
667 566 998 632 honestate
1048 564 1384 650 pugnabit.
1471 588 1624 630 nam
1669 564 1783 631 ubi
1824 566 2105 651 primum
2147 563 2525 651 prudentiae

466 661 674 725 locus·
709 659 1000 724 dabitur?
1081 683 1160 724 an
1175 707 1194 736 ,
1261 672 1335 724 ut
1395 658 1732 744 conquirat
1793 659 2078 743 undique
2140 659 2527 724 suavitates?

467 776 661 838 quam
695 753 889 838 miser
922 752 1175 818 virtutis
1211 753 1560 820 famulatus
1595 753 1929 820 servientis
1964 752 2305 839 voluptati!
2351 752 2525 836 quod

467 860 684 914 autem
736 869 971 912 munus
1021 847 1438 932 prudentiae?
1508 841 1593 912 an
1645 848 1861 933 legere
1918 847 2362 932 intellegenter
2413 868 2527 911 vo-

467 943 786 1028 luptates?
869 941 976 1007 fac
1024 941 1183 1006 nihil
1233 941 1356 1006 isto
1411 964 1550 1006 esse
1603 941 1983 1017 iucundius,
2051 940 2209 1023 quid
2260 939 2528 1024 cogitari

467 1046 677 1122 potest
711 1034 999 1121 turpius?
1067 1034 1217 1112 iam,
1253 1035 1366 1117 qui
1399 1034 1690 1100 dolorem
1726 1057 2052 1099 summum
2086 1032 2329 1098 malum
2362 1031 2529 1096 iudi-

471 1141 604 1205 cat,
658 1129 832 1214 apud
883 1151 1032 1193 eum
1085 1150 1279 1212 quem
1331 1128 1528 1194 habet
1580 1130 1795 1194 locum
1838 1129 2174 1206 fortitud0‚
2219 1149 2386 1210 quae
2432 1137 2528 1192 est

471 1225 764 1290 dolorum
806 1222 1228 1306 laborumque
1277 1222 1708 1308 contemptio?
1778 1223 2071 1307 quamvis
2106 1223 2273 1288 enim
2311 1221 2529 1285 multis

468 1318 627 1382 locis
662 1316 833 1382 dicat
867 1315 1214 1402 Epicurus,
1253 1316 1440 1382 sicuti
1478 1317 1664 1394 dicit,
1701 1319 1855 1382 satis
1890 1318 2139 1383 fortiter
2173 1317 2253 1382 de
2290 1315 2529 1393 dolore,

470 1425 686 1476 tamen
719 1432 853 1476 non
883 1410 953 1475 id
989 1412 1410 1497 spectandum
1447 1423 1564 1488 est,
1599 1412 1758 1495 quid
1794 1411 1985 1489 dicat,
2023 1412 2156 1488 sed,
2194 1410 2352 1496 quid
2378 1432 2531 1476 con-

471 1516 849 1571 sentaneum
893 1505 976 1569 sit
1017 1505 1078 1573 ei
1124 1505 1367 1584 dicere,
1413 1506 1529 1590 qui
1570 1507 1743 1572 bona
1786 1506 2115 1590 voluptate
2150 1507 2531 1572 terminave-

471 1599 583 1677 rit,
626 1599 796 1664 mala
841 1597 1088 1665 dolore:
1143 1611 1247 1678 ut,
1293 1601 1348 1666 si
1391 1601 1577 1665 illum
1623 1600 1883 1665 audiam
1930 1599 2011 1664 de
2046 1599 2433 1666 continentia
2468 1612 2533 1664 et

472 1694 922 1780 temperantia,
975 1695 1131 1760 dicit
1181 1696 1288 1761 ille
1341 1696 1602 1781 quidem
1656 1697 1859 1761 multa
1910 1694 2127 1760 multis
2176 1695 2382 1772 locis,'
2417 1695 2533 1759 sed

474 1811 644 1872 aqua
694 1786 942 1862 haeret,
996 1798 1070 1853 ut
1125 1789 1324 1854 aiunt.
1411 1813 1566 1854 nam
1617 1789 1731 1873 qui
1784 1799 1995 1875 potest
2036 1783 2533 1874 ‘temperantiam

471 1882 735 1948 laudare
769 1882 855 1959 is,
899 1882 1012 1966 qui
1046 1894 1244 1968 ponat
1277 1907 1601 1950 summum
1635 1884 1879 1948 bonum
1912 1883 1979 1948 in
2015 1883 2381 1969 voluptate?
2434 1894 2531 1948 est

474 1976 646 2042 enim
679 1976 1096 2062 temperantia
1127 1977 1469 2044 libidinum
1493 1977 1773 2055 inimica,
1809 1977 2105 2043 libidines
2136 1989 2352 2042 autem
2380 1998 2533 2042 con-

475 2070 837 2136 sectatrices
872 2071 1238 2157 voluptatis.
1327 2084 1523 2157 atque
1559 2073 1627 2137 in
1662 2072 1763 2136 his
1796 2082 2011 2138 tamen
2046 2071 2249 2136 tribus
2284 2071 2533 2158 generi-

473 2167 617 2242 bus,
654 2185 912 2248 quoquo
945 2165 1139 2232 modo
1174 2178 1476 2252 possunt,
1513 2189 1643 2232 non
1678 2166 1975 2232 incallide
2010 2166 2529 2252 tergiversantur.

471 2258 878 2344 prudentiam
922 2259 1337 2326 introducunt
1394 2262 1726 2327 scientiam
1780 2258 2299 2346 suppeditantem
2351 2259 2535 2324 volu-

473 2363 704 2438 ptates,
744 2353 1168 2438 depellentem
1205 2356 1478 2422 dolores.
1552 2355 1993 2421 fortitudinem
2026 2375 2283 2439 quoque
2315 2354 2531 2437 aliquo

473 2447 666 2514 modo
728 2447 1106 2533 expediunt,
1181 2470 1330 2514 cum
1393 2451 1657 2515 tradunt
1714 2449 2025 2516 rationem
2093 2448 2533 2536 neglegendae

475 2541 724 2618 mortis,
771 2544 1171 2628 perpetiendi
1214 2545 1469 2609 doloris.
1572 2545 1763 2611 etiam
1809 2544 2295 2630 temperantiam
2345 2543 2535 2608 indu-

475 2645 630 2701 cunt
673 2657 801 2699 non
847 2635 1147 2705 facillime
1181 2639 1276 2703 illi
1311 2639 1603 2723 quidem,
1650 2640 1765 2705 sed
1800 2650 2017 2704 tamen
2049 2659 2308 2728 quoquo
2344 2636 2535 2701 modo

475 2741 774 2815 possunt3
839 2730 1057 2797 dicunt
1110 2733 1280 2797 enim
1333 2733 1681 2818 voluptatis
1735 2733 2246 2819 magnitudinem
2300 2730 2535 2795 doloris

477 2823 865 2887 detractione
909 2825 1098 2889 finiri.
1185 2827 1430 2892 iustitia
1475 2827 1735 2892 vacillat
1778 2828 1882 2892 vel
1933 2827 2099 2893 iacet
2142 2825 2355 2912 potius
2400 2846 2537 2889 om-

477 2937 720 2999 nesque
765 2938 878 2981 eae
922 2918 1188 2984 virtutes
1204 2967 1221 2995 ‚
1268 2941 1434 3004 quae
1477 2921 1546 2984 in
1593 2920 2047 2985 communitate
2094 2929 2439 2986 cernuntur
2475 2929 2538 2984 et

474 3011 546 3075 in
598 3009 898 3075 societate
951 3013 1204 3097 generis
1255 3013 1551 3092 humani3
1622 3035 1834 3098 neque
1887 3014 2058 3079 enim
2111 3013 2363 3080 bonitas
2416 3034 2537 3077 nec

437 3119 442 3124 ’
475 3103 820 3170 liberalitas
866 3128 985 3171 nec
1027 3106 1293 3172 comitas
1338 3131 1478 3172 esse
1515 3119 1755 3194 potest,
1800 3129 1931 3172 non
1965 3109 2111 3194 plus
2148 3129 2344 3192 quam
2380 3107 2537 3172 ami-

479 3198 657 3275 citia,
703 3199 758 3262 si
794 3198 954 3264 haec
986 3222 1118 3265 non
1152 3223 1270 3286 per
1304 3224 1374 3266 se
1412 3213 1824 3287 expetantur,
1872 3203 1988 3268 sed
2022 3202 2107 3267 ad
2140 3202 2536 3286 voluptatem

2562 2091 2636 2132 118

477 3294 899 3359 utilitatemve
926 3293 1302 3360 referantur.
1358 3297 1762 3362 conferamus
1789 3297 1986 3383 igitur
2010 3297 2079 3361 in
2103 3318 2331 3382 pauca.
2384 3319 2534 3360 nam
2564 3319 2640 3360 ιω

478 3399 553 3453 ut
585 3387 928 3452 utilitatem
961 3390 1206 3454 nullam
1245 3413 1386 3465 esse
1423 3391 1781 3468 docuimus,
1818 3412 1984 3474 quae
2018 3389 2335 3454 honestati
2372 3399 2535 3454 esset

481 3482 826 3560 contraria,
863 3482 956 3550 sic
1001 3505 1254 3550 omnem
1301 3486 1699 3572 voluptatem
1737 3485 2007 3550 dicimus
2043 3483 2360 3549 honestati
2396 3505 2537 3548 esse

482 3577 883 3643 contrariam.
963 3600 1090 3662 quo
1125 3580 1334 3666 magis
1367 3579 1927 3666 reprehendendos
1958 3575 2439 3663 ‘Calliphontem
2474 3587 2538 3641 et

480 3671 960 3739 Dinomachum
1004 3673 1218 3755 iudico
1229 3721 1248 3752 ,
1297 3674 1409 3757 qui
1456 3696 1525 3740 se
1572 3674 1995 3760 dirempturos
2042 3671 2536 3737 controversiam

481 3775 897 3852 putaverunt,
943 3768 998 3833 si
1041 3791 1190 3834 cum
1223 3768 1556 3835 honestate
1592 3769 1989 3854 voluptatem
2022 3780 2352 3851 tamquam
2388 3767 2537 3832 cum

481 3859 738 3926 homine
777 3863 1093 3947 pecudem
1140 3864 1642 3950 copulavissent:
1697 3885 1828 3928 non
1879 3862 2107 3949 recipit
2151 3861 2341 3927 istam
2385 3882 2537 3925 con-

481 3954 868 4020 iunctionem
901 3957 1234 4036 honestas,
1281 3969 1684 4044 aspernatur,
1719 3958 1968 4044 repellit
1976 3983 1995 4036 ;
2049 3978 2170 4022 nec
2206 3976 2357 4022 vero
2391 3954 2535 4020 finis

481 4049 796 4115 bonorum
832 4046 928 4136 [et
961 4049 1326 4138 malorum}
1362 4052 1475 4136 qui
1508 4051 1779 4140 simplex
1815 4075 1953 4119 esse
1990 4050 2200 4127 debet,
2238 4073 2318 4116 ex
2353 4048 2536 4114 dissi-

589 4149 806 4194 Giceronis
826 4151 906 4195 vol.
929 4151 1033 4196 VIII.
2134 4152 2171 4206 8
