3292 4559
667 250 822 321 275¹
1289 256 1369 313 M.
1407 256 1684 315 TULLII
1718 252 2121 313 CICERONIS

668 390 861 477 pione
897 384 1226 454 effecerint
1259 384 1396 450 sine
1430 379 1709 449 lacrimis
1744 402 1878 445 non
1911 401 2079 465 queo
2114 380 2347 447 dicere.
2400 404 2558 447 nam
2578 380 2744 447 Car-

667 486 933 560 bonem,
987 501 1398 567 quocumque
1447 477 1644 544 modo
1688 475 2046 563 potuimus,
2100 489 2361 563 propter
2412 492 2737 543 recentem
2802 551 2809 555 ‚

668 600 948 666 poenam
989 576 1092 642 Ti.
1133 574 1416 643 Gracchi
1461 571 1909 649 sustinuimus,
1956 572 2037 639 de
2072 568 2153 637 O.
2192 570 2477 638 Gracchi
2520 586 2736 641 autem

668 673 1001 739 tribunatu
1034 670 1193 756 quid
1227 678 1594 756 exspectem
1625 688 1759 733 non
1791 666 1974 733 lubet
2006 667 2343 753 augurari:
2391 666 2589 751 serpit
2623 667 2743 732 de·

669 766 822 833 inde
856 788 980 843 res,
1015 786 1183 848 quae
1210 762 1556 851 proclivius
1583 761 1669 825 ad
1692 759 2065 846 perniciem,
2101 782 2250 827 cum
2278 760 2475 827 semel
2502 760 2741 846 coepit,

668 860 925 927 labitur.
978 858 1210 925 videtis
1242 858 1314 924 in
1339 856 1577 923 tabella
1608 856 1741 921 iam
1768 865 1919 923 ante
1948 866 2190 941 quanta
2218 856 2303 921 sit
2334 856 2507 923 facta
2531 855 2742 934 labes,

670 957 876 1044 primo
913 952 1198 1025 Gabinia
1239 954 1413 1039 lege,
1469 950 1728 1017 biennio
1772 961 1988 1017 autem
2021 962 2170 1038 post
2206 950 2462 1019 Cassia:
2515 950 2734 1019 videre

669 1052 802 1116 iam
845 1049 1070 1115 videor
1112 1049 1428 1135 populum
1472 1070 1513 1112 a
1556 1056 1786 1112 senatu
1833 1045 2256 1125 disiunctum,
2308 1047 2735 1113 multitudinis

672 1145 933 1211 arbitrio
966 1166 1070 1210 res
1101 1143 1416 1209 maximas
1452 1142 1590 1229 agi3
1637 1142 1856 1228 plures
1892 1141 2065 1207 enim
2100 1140 2374 1219 discent,
2422 1162 2617 1226 quem
2654 1140 2739 1205 ad

673 1239 938 1306 modum
972 1238 1134 1303 haec
1167 1238 1344 1313 fiant,
1380 1257 1578 1321 quam
1595 1256 1791 1344 quem
1826 1234 1911 1299 ad
1945 1235 2214 1301 modum
2246 1230 2347 1302 his
2382 1236 2736 1302 resistatur

577 1355 630 1395 42
674 1355 983 1418 quorsum
1014 1330 1213 1398 haec?
1256 1331 1409 1414 quia
1449 1330 1588 1395 sine
1622 1328 1811 1396 sociis
1844 1351 2037 1395 nemo
2072 1330 2419 1415 quicquam
2462 1330 2589 1394 tale
2626 1350 2739 1394 co-

673 1439 882 1495 natur.
936 1426 1462 1514 praecipiendum
1491 1435 1590 1491 est
1621 1422 1822 1512 igitur
1848 1425 2035 1491 bonis
2068 1436 2161 1505 ut,
2199 1426 2254 1491 si
2289 1426 2357 1491 in
2384 1425 2521 1491 eius
2556 1422 2737 1489 modi

675 1522 984 1589 amicitias
1017 1521 1229 1608 ignari
1265 1542 1420 1586 casu
1455 1520 1673 1605 aliquo
1709 1518 2076 1598 inciderint,
2112 1543 2195 1586 ne
2240 1520 2605 1586 existiment
2640 1519 2740 1584 ita

675 1638 744 1683 se
771 1616 1108 1703 adligatos,
1143 1626 1219 1681 ut
1246 1615 1330 1680 ab
1359 1615 1582 1681 amicis
1609 1614 1679 1679 in
1703 1636 1944 1701 magna
1970 1614 2188 1700 aliqua
2215 1637 2286 1681 re
2316 1614 2734 1701 peccantibus

673 1733 803 1777 non
838 1711 1195 1788 discedant,
1247 1709 1534 1796 inprobis
1571 1718 1787 1776 autem
1819 1730 2031 1795 poena
2063 1709 2402 1775 statuenda
2435 1721 2562 1787 est,
2612 1730 2739 1775 nec

675 1828 828 1873 vero
863 1806 1070 1871 minor
1102 1805 1211 1882 iis,
1257 1805 1370 1890 qui
1404 1804 1611 1870 secuti
1645 1814 1835 1869 erunt
1868 1804 2170 1882 alterum,
2225 1825 2421 1888 quam
2462 1805 2539 1873 iis
2552 1852 2570 1882 ,
2621 1803 2737 1886 qui

674 1900 800 1987 ipsi
832 1900 1071 1965 fuerint
1103 1898 1426 1985 inpietatis
1462 1897 1679 1964 duces.
1734 1898 1879 1982 quis
1914 1898 2143 1964 clarior
2176 1899 2245 1964 in
2263 1897 2542 1966 Graecia
2565 1898 2741 1964 The-

675 1994 1002 2059 mistocle?
1054 1993 1200 2079 quis
1234 1992 1590 2080 potentior?
1644 1992 1757 2078 qui
1792 2015 1940 2058 cum
1983 1992 2331 2080 imperator
2374 1994 2543 2059 bello
2576 1992 2745 2057 Per·

677 2089 809 2155 sico
845 2088 1153 2155 servitute
1192 2086 1539 2155 Graeciam
1572 2086 1975 2153 liberavisset
2006 2100 2396 2174 propterque
2430 2088 2742 2153 invidiam.

675 2184 743 2249 in
777 2182 1074 2249 exsilium
1106 2182 1414 2268 expulsus
1449 2192 1639 2260 esset,
1675 2182 1967 2267 ingratae
2001 2183 2247 2268 patriae
2282 2183 2580 2250 iniuriam
2608 2206 2737 2261 non

675 2278 849 2355 tulit,
895 2298 1091 2361 quam
1134 2276 1313 2342 ferre
1347 2275 1598 2344 debuit:
1654 2276 1809 2342 fecit
1848 2276 2024 2342 idem
2068 2277 2245 2362 quod
2280 2278 2512 2364 viginti
2555 2280 2741 2345 annis

677 2384 825 2440 ante
877 2372 1051 2458 apud
1100 2393 1219 2437 nos
1272 2372 1512 2438 fecerat
1555 2368 1960 2437 Coriolanus.
2058 2371 2158 2437 his
2212 2372 2465 2439 adiutor
2517 2386 2739 2441 contra

675 2466 952 2555 patriam
983 2466 1281 2533 inventus
1325 2477 1423 2532 est
1467 2488 1687 2545 nem03
1733 2466 1953 2551 itaque
1988 2477 2262 2533 mortem
2298 2466 2422 2533 sibi
2468 2480 2738 2552 uterque

583 2581 636 2621 «13
681 2560 1007 2628 conscivit.
1097 2583 1228 2646 qua
1261 2584 1332 2626 re
1378 2561 1524 2627 talis
1559 2561 1979 2648 inproborum
2014 2562 2346 2645 consensio
2380 2584 2511 2627 non
2544 2562 2743 2629 modo

679 2655 1089 2724 excusatione
1134 2654 1453 2722 amicitiae
1497 2657 1778 2743 tegenda
1820 2678 1954 2721 non
2000 2667 2126 2734 est,
2182 2657 2297 2722 sed
2339 2658 2549 2743 potius
2586 2681 2744 2745 sup-

679 2752 867 2839 plicio
912 2751 1088 2817 omni
1121 2750 1506 2817 vindicanda
1551 2766 1677 2830 est,
1724 2762 1799 2818 ut
1840 2774 1924 2819 ne
1959 2752 2125 2836 quis·
2141 2773 2515 2818 concessum
2558 2762 2740 2839 putet

679 2846 957 2911 amicum
990 2845 1098 2911 vel
1140 2843 1382 2911 bellum
1426 2846 1674 2932 patriae
1708 2846 2092 2913 inferentem
2128 2846 2340 2931 sequi:
2388 2847 2562 2931 quod
2598 2847 2745 2931 qui·

680 2942 858 3018 dem,
902 2950 975 3005 ut
1007 2962 1111 3005 res
1145 2940 1240 3006 ire
1275 2942 1516 3028 coepit,
1562 2940 1739 3007 haud
1776 2941 1909 3007 scio
1945 2964 2031 3006 an
2065 2941 2409 3025 aliquando
2445 2942 2737 3007 futurum

680 3035 791 3111 sit3
834 3034 994 3099 mihi
1029 3045 1245 3101 autem
1277 3057 1409 3101 non
1442 3035 1674 3101 minori
1711 3058 1901 3101 curae
1938 3046 2064 3113 est,
2101 3036 2309 3120 qualis
2342 3058 2444 3102 res
2478 3036 2743 3123 publica

576 3125 646 3181 13
681 3139 828 3214 post
861 3141 1132 3194 mortem
1165 3152 1377 3196 meam
1412 3130 1651 3209 futura,
1688 3152 1886 3215 quam
1921 3132 2129 3215 qualis
2165 3131 2354 3198 hodie
2392 3132 2489 3197 sit.
2577 3131 2743 3196 haec

556 3286 587 3314 ἒ,
583 3199 878 3310 44igitur
909 3222 1116 3310 prima
1147 3225 1253 3291 lex
1280 3224 1597 3291 amicitiae
1625 3224 1969 3305 sanciatur,
2004 3236 2079 3291 ut
2104 3227 2189 3292 ab
2214 3226 2433 3293 amicis
2467 3226 2734 3291 honesta

679 3330 1001 3405 petamus,
1054 3320 1406 3385 amicorum
1449 3342 1646 3386 causa
1691 3320 1961 3387 honesta
2003 3321 2343 3400 faciamus,
2394 3343 2477 3388 ne
2513 3342 2746 3406 exspe-

681 3425 926 3480 ctemus
981 3415 1274 3499 quidem,
1331 3414 1487 3479 dum
1536 3436 1869 3502 rogemur,
1920 3416 2205 3482 studium
2256 3438 2511 3503 semper
2554 3415 2745 3491 adsit,

681 3509 1000 3574 cunctatio
1055 3509 1252 3586 absit,
1315 3508 1651 3575 consilium
1702 3533 1857 3576 vero
1911 3511 2064 3577 dare
2118 3510 2468 3576 audeamus
2518 3510 2745 3575 libere..

681 3604 1028 3690 plurimum
1061 3603 1128 3668 in
1165 3602 1446 3668 amicitia
1479 3604 1833 3670 amicorum
1875 3606 2041 3672 bene
2087 3603 2492 3670 suadentium
2527 3602 2742 3667 valeat

683 3697 1047 3774 auctoritas,
1085 3716 1289 3780 eaque
1325 3707 1391 3763 et
1425 3696 1807 3764 adhibeatur
1841 3698 1926 3765 ad
1959 3699 2347 3765 monendum
2380 3720 2511 3762 non
2543 3696 2747 3762 modo

685 3802 932 3877 aperte,
987 3790 1103 3857 sed
1136 3790 1331 3856 etiam
1364 3791 1623 3871 acriter,
1670 3792 1725 3859 si
1757 3814 1861 3861 res
1894 3792 2274 3879 postulabit,
2320 3802 2385 3858 et
2420 3791 2775 3875 adhibitae,¹

586 3900 642 3942 45
683 3898 1002 3970 pareatur.
1089 3908 1242 3952 nam
1279 3886 1689 3973 quibusdam,
1725 3909 1887 3973 quos
1922 3890 2114 3954 audio
2150 3889 2455 3975 sapientis
2493 3887 2745 3953 habitos

682 3979 752 4042 in
801 3978 1104 4058 Graecia,
1155 3982 1477 4069 placuisse
1523 3982 1749 4067 opinor
1791 3982 2109 4049 mirabilia
2155 3982 2475 4067 quaedam
2508 4016 2598 4029 -—
2630 3980 2751 4046 sed

682 4071 844 4137 nihil
879 4086 1003 4153 est,
1052 4077 1227 4160 quod
1259 4078 1354 4143 illi
1385 4099 1518 4143 non
1552 4088 2019 4163 persequantur
2052 4078 2323 4163 argutiis
2357 4101 2474 4141 -ε
2510 4073 2749 4163 partim
