3292 4559
1269 278 1606 336 LAELIUS
1641 279 1883 367 &Is-33.
1938 274 1941 277 ’
2477 268 2608 335 273

541 411 607 467 et
651 411 724 467 ut
766 400 1038 486 quisque
1089 400 1369 469 maxime
1412 402 1648 468 virtute
1694 412 1759 467 et
1810 402 2123 489 sapientia
2174 402 2267 468 sic
2318 404 2603 471 munitus

541 505 667 574 est,
713 506 785 561 ut
818 496 995 561 nullo
1031 506 1219 581 egeat
1262 518 1508 581 suaque
1544 496 1761 563 omnia
1800 496 1871 561 in
1905 520 1974 562 se
2009 497 2150 583 ipso
2184 498 2395 583 posita
2437 500 2605 565 iudi-

541 599 671 667 cet,
714 590 807 655 ita
848 590 918 655 in
960 589 1256 655 amicitiis
1301 591 1675 677 expetendis
1722 592 2131 675 colendisque
2166 592 2447 659 maxime
2492 617 2605 659 ex·-

541 684 728 749 cellit.
835 684 995 769 quid
1055 684 1262 750 enim?
1329 684 1683 751 Africanus
1745 684 2041 771 indigens
2106 685 2272 753 mei?
2340 687 2602 755 minime

538 776 826 843 hercule!
884 798 960 843 ac
1003 801 1086 844 ne
1131 800 1254 863 ego
1295 778 1557 862 quidem
1599 779 1799 843 illius:
1856 778 1971 845 sed
2015 800 2136 865 ego
2182 780 2603 847 admiratione

539 870 822 956 quadam
856 871 1110 939 virtutis
1148 873 1286 939 eius
1298 919 1317 949 ,
1361 873 1468 937 ille
1504 872 1788 937 vicissim
1822 872 2121 959 opinione
2164 873 2436 940 fortasse
2471 898 2603 940 non

537 966 747 1042 nulla,
785 986 984 1049 quam
1019 966 1101 1031 de
1136 966 1296 1030 meis
1331 965 1618 1031 moribus
1653 965 1955 1043 habebat,
1992 990 2095 1032 me
2131 966 2355 1032 dilexit
2364 992 2383 1044 3
2422 968 2599 1035 auxit

539 1059 1056 1123 benevolentiam
1126 1060 1538 1125 consuetudo·
1647 1060 1761 1125 sed
1834 1082 2228 1144 quamquam
2298 1061 2601 1126 utilitates

475 1146 480 1151 ’
539 1152 780 1217 multae
827 1163 891 1218 et
933 1176 1209 1239 magnae
1257 1164 1638 1221 consecutae
1676 1165 1853 1231 sunt,
1900 1176 2031 1219 non
2073 1165 2225 1219 sunt
2268 1164 2483 1221 tamen
2518 1156 2600 1220 ab

540 1270 762 1313 earum
805 1270 919 1333 spe
966 1270 1198 1315 causae
1243 1249 1551 1337 diligendi
1595 1250 1951 1335 profectae3
2007 1267 2079 1315 ut
2125 1250 2295 1316 enim
2330 1250 2600 1317 benefici
2642 1274 2691 1315 ει

538 1342 963 1427 liberalesque
1001 1367 1222 1409 sumus
1237 1393 1256 1423 ,
1311 1366 1442 1409 non
1477 1355 1550 1409 ut
1585 1344 1919 1431 exigamus
1962 1345 2238 1431 gratiam
2270 1380 2359 1393 ——
2390 1366 2601 1429 neque

541 1438 711 1502 enim
766 1438 1149 1505 beneficium
1211 1440 1646 1517 faeneramur,
1712 1441 1827 1506 sed
1880 1452 2113 1507 natura
2162 1442 2463 1527 propensi
2517 1442 2601 1506 ad

539 1530 984 1600 liberalitatem
1023 1558 1244 1601 sumus
1280 1571 1397 1613 ——,
1445 1535 1536 1601 sic
1581 1535 1928 1601 amicitiam
1962 1558 2093 1601 non
2128 1558 2245 1621 spe
2289 1535 2599 1603 mercedis

542 1626 823 1705 adducti,
861 1630 974 1694 sed
1009 1630 1183 1714 quod
1211 1630 1418 1696 omnis
1445 1630 1584 1695 eius
1620 1628 1867 1695 fructus
1892 1631 1961 1695 in
1992 1630 2135 1715 ipso
2164 1652 2378 1696 amore
2414 1630 2598 1707 inest,

542 1723 967 1807 expetendam
1002 1735 1326 1808 putamus.
1417 1724 1499 1789 ab
1535 1724 1665 1800 his,
1701 1725 1815 1807 qui
1847 1725 2170 1809 pecudum
2204 1724 2333 1788 ritu
2368 1723 2453 1788 ad
2486 1745 2601 1789 vo·
2641 1744 2695 1787 aa

539 1816 852 1900 luptatem
887 1818 1102 1883 omnia
1134 1817 1451 1896 referunt,
1494 1817 1689 1901 longe
1726 1817 2138 1893 dissentiunt,
2182 1840 2303 1883 nec
2337 1817 2570 1883 mirum
2578 1842 2599 1895 3

539 1910 700 1975 nihil
736 1910 905 1975 enim
943 1912 1163 1989 altum,
1200 1910 1360 1977 nihil
1394 1911 1809 1995 magnificum
1846 1932 1922 1975 ac
1952 1909 2241 1975 divinum
2276 1910 2599 1997 suspicere

539 2016 837 2090 possunt,
895 2004 1007 2087 qui
1052 2028 1203 2070 suas
1239 2005 1444 2070 omnis
1494 2005 1912 2091 cogitationes
1950 2004 2319 2071 abiecerunt
2360 2005 2429 2070 in
2462 2028 2599 2071 rem

465 2145 467 2147 -
542 2113 677 2163 tam
731 2098 1039 2165 humilem
1091 2110 1354 2183 tamque
1400 2110 1850 2185 contemptam.
1939 2120 2136 2209 quam
2180 2098 2263 2164 ob
2297 2121 2436 2164 rem
2482 2099 2597 2164 hos

545 2191 804 2277 quidem
839 2191 922 2257 ab
957 2191 1079 2257 hoc
1116 2216 1408 2259 sermone
1442 2215 1910 2287 removeamus,
1946 2193 2070 2279 ipsi
2106 2204 2321 2259 autem
2354 2194 2599 2259 intelle-

540 2309 772 2373 gamus
823 2298 1054 2352 natura
1103 2287 1286 2374 gigni
1337 2310 1596 2353 sensum
1644 2278 1952 2373 diligendi
2005 2298 2071 2353 et
2120 2287 2599 2353 benevolentiae

541 2382 872 2446 caritatem
907 2380 1080 2447 facta
1115 2382 1578 2468 significatione
1613 2380 1978 2467 probitatis.
2026 2402 2223 2465 quam
2256 2380 2369 2465 qui
2404 2380 2600 2466 adpe-

541 2474 847 2553 tiverunt,
903 2474 1226 2561 adplicant
1270 2498 1339 2541 se
1383 2486 1447 2541 et
1500 2476 1766 2562 propius
1812 2474 2183 2552 admovent,
2236 2485 2312 2540 ut
2362 2484 2426 2540 et
2480 2497 2599 2539 usu

543 2569 699 2647 eius,
735 2590 928 2653 quem
956 2570 1220 2656 diligere
1248 2579 1616 2656 coeperunt,
1654 2568 1950 2634 fruantur
1978 2578 2041 2635 et
2066 2568 2383 2645 moribus3
2420 2582 2599 2634 sunt-

541 2686 668 2747 que
701 2687 887 2750 pares
922 2664 991 2729 in
1027 2688 1242 2731 amore
1279 2674 1344 2729 et
1377 2664 1679 2749 aequales
1715 2662 2289 2749 propensioresque
2315 2661 2399 2728 ad
2434 2662 2598 2727 bene

541 2758 917 2823 merendum
951 2779 1147 2841 quam
1184 2758 1268 2823 ad
1311 2757 1812 2844 reposcendum,
1858 2766 2049 2841 atque
2091 2758 2251 2823 haec
2284 2756 2451 2822 inter
2486 2778 2597 2821 eos

545 2861 644 2915 est
683 2850 951 2915 honesta
993 2854 1272 2917 certatio.
1363 2853 1456 2917 sic
1500 2862 1563 2917 et
1605 2851 1909 2917 utilitates
1947 2875 2027 2919 ex
2071 2852 2349 2917 amicitia
2392 2852 2597 2917 maxi-

544 2966 689 3008 mae
725 2943 1054 3029 capientur
1091 2956 1156 3010 et
1189 2946 1310 3011 erit
1345 2945 1480 3011 eius
1517 2955 1693 3011 ortus
1731 2956 2035 3011 anatura
2069 2954 2264 3031 quam
2299 2947 2381 3011 ab
2416 2946 2597 3011 inbe-
2650 2946 2656 2951 ’

545 3038 804 3104 cillitate
847 3038 1104 3124 gravior
1141 3050 1204 3104 et
1246 3040 1484 3117 verior3
1537 3062 1686 3104 nam
1736 3039 1791 3103 si
1824 3040 2064 3105 utilitas
2100 3040 2409 3107 amicitias
2446 3064 2597 3107 con-

542 3132 910 3219 glutinaret,
947 3133 1174 3199 eadem
1201 3144 1592 3199 commutata
1617 3133 2010 3212 dissolveret,
2046 3135 2162 3200 sed
2189 3134 2343 3218 quia
2368 3146 2598 3200 natura

542 3228 777 3295 mutari
827 3249 958 3292 non
1002 3237 1239 3314 potest,
1292 3227 1530 3293 idcirco
1573 3250 1765 3295 verae
1818 3228 2131 3294 amicitiae
2176 3228 2597 3314 sempiternae

543 3333 713 3386 sunt.
786 3332 998 3387 ortum
1032 3322 1294 3407 quidem
1332 3322 1660 3388 amicitiae*
1681 3320 1933 3399 videtiS,
1968 3320 2091 3387 nisi
2128 3321 2285 3405 quid
2319 3322 2403 3386 ad
2438 3320 2596 3386 haec

542 3416 708 3481 forte
742 3416 951 3482 voltis.

672 3510 880 3577 Fann.
953 3512 1060 3577 Tu
1111 3532 1263 3576 vero
1316 3532 1548 3598 perge,
1603 3510 1790 3577 Laeli
1801 3535 1820 3588 3
1885 3529 2002 3594 pro
2053 3508 2177 3573 hoc
2232 3506 2431 3585 enim,
2486 3507 2599 3591 qui

542 3606 750 3671 minor
785 3616 883 3672 est
917 3615 1093 3685 natu,
1130 3628 1274 3671 meo
1311 3606 1450 3671 iure
1484 3606 1857 3692 respondeO.

673 3701 879 3767 scaev.
953 3703 1154 3769 Recte
1188 3712 1262 3767 tu
1296 3700 1585 3787 quidem:
1623 3722 1819 3783 quam
1855 3699 1938 3763 ob
1973 3720 2109 3763 rem
2144 3696 2499 3761 audiamus.
2639 3718 2691 3757 ss

673 3796 849 3861 Lael.
923 3797 1165 3862 Audite
1199 3818 1382 3874 vero,
1421 3795 1668 3881 optumi
1702 3794 1853 3869 viri,
1891 3816 1987 3870 ea,
2021 3814 2187 3875 quae
2224 3790 2595 3876 saepissime
2633 3806 2702 3861 10

544 3888 712 3954 inter
743 3912 847 3955 me
884 3900 948 3957 et
986 3889 1359 3977 Scipionem
1397 3890 1476 3956 de
1513 3888 1793 3954 amicitia
1829 3886 2330 3951 disserebanturz
2369 3906 2597 3969 quam-

546 4004 743 4066 quam
777 3983 881 4049 ille
918 3985 1178 4074 quidem
1211 3986 1372 4051 nihil
1409 3984 1731 4049 difficilius
1759 4006 1897 4049 esse
1927 3967 2179 4046 dicebat
2209 4002 2404 4065 quam
2439 3980 2597 4045 ami·-

545 4077 761 4143 citiam
791 4098 1000 4161 usque
1037 4081 1121 4145 ad
1165 4091 1523 4147 extremum
1557 4079 1729 4147 vitae
1774 4078 1944 4145 diem
1990 4100 2391 4165 permanere3
2444 4099 2597 4143 nam

650 4178 867 4223 Ciceronis
893 4179 972 4224 v.ol
1003 4178 2240 4232 V11.18
