3292 4559
876 281 984 338 DE
1017 278 1346 336 DEORUM
1379 278 1707 336 NATURA
1740 277 1816 332 11.
1855 277 2163 334 125—129.
2396 305 2399 308 ⁴
2468 263 2551 328 79

619 405 733 474 Ut·
755 426 904 471 vero
939 413 1287 492 perpetuus
1331 401 1557 468 mundi
1599 411 1770 468 esset.
1813 411 2101 480 ornatus,
2153 421 2393 488 magna
2438 395 2565 464 ad?
2585 419 2655 474 51

492 501 696 568 hibita
731 523 884 566 cura
926 509 1022 564 est
1055 521 1096 564 a
1127 497 1532 584 providentia
1575 497 1877 574 deorum,
1928 505 1999 560 ut
2042 517 2297 582 semper
2340 506 2553 561 essent

493 607 559 662 et
592 595 940 661 bestiarum
973 614 1215 680 genera
1250 602 1315 657 et
1348 592 1651 656 arborum
1676 590 2090 674 omniumque
2114 613 2349 668 rerum,
2384 587 2552 678 quae

493 713 534 755 a
567 700 737 755 terra
771 687 1076 774 stirpibus
1113 685 1587 752 continerentur
1594 708 1613 762 3
1660 705 1827 768 quae
1864 685 2125 769 quidem
2160 683 2373 749 omnia
2408 706 2552 750 eam
2590 687 2595 692 ’

493 783 624 849 vim
670 782 930 848 seminis
978 780 1220 846 habent
1262 779 1332 844 in
1377 801 1476 857 se,
1530 789 1604 844 ut
1636 801 1720 844 ex
1753 798 1883 843 uno
1917 779 2105 865 plura
2145 787 2551 864 generentur,

489 879 688 962 idque
723 899 942 943 semen
986 876 1306 940 inclusum
1350 884 1446 940 est
1480 875 1548 939 in
1588 873 1838 939 intuma
1878 883 2061 960 parte
2096 895 2318 939 earum
2360 872 2554 938 baca-

492 995 668 1049 rum,
713 991 881 1055 quae
917 993 998 1036 ex
1042 990 1300 1054 quaque
1334 969 1528 1054 stirpe
1563 968 1952 1046 funduntur,
1997 967 2329 1052 isdemque
2363 966 2553 1032 semi-

493 1066 686 1131 nibus
739 1076 805 1130 et
855 1063 1145 1129 homines
1199 1062 1466 1128 adfatim
1517 1073 1865 1129 vescuntur
1909 1072 1973 1128 et
2015 1072 2221 1128 terrae
2265 1061 2552 1128 eiusdem

493 1159 750 1248 generis
796 1159 1088 1245 stirpium
1136 1157 1549 1224 renovatione
1602 1158 2000 1243 conplentur.
2099 1156 2253 1242 quid
2304 1156 2551 1241 loquar,
2582 1177 2659 1218 128

495 1264 738 1338 quanta
796 1254 960 1319 ratio
1021 1254 1092 1318 in
1141 1253 1360 1318 bestiis
1421 1252 1505 1317 ad
1565 1262 1944 1339 perpetuam
2006 1251 2555 1317 conservationem

495 1371 716 1414 earum
751 1348 1003 1435 generis
1041 1347 1386 1435 adpareat?
1417 1343 1572 1412 nam
1604 1347 1884 1434 primum
1918 1345 2079 1413 aliae
2113 1369 2354 1424 mares,
2390 1345 2553 1412 aliae

492 1442 770 1509 feminae
823 1454 1001 1521 sunt,
1054 1443 1229 1528 quod
1279 1442 1723 1529 perpetuitatis
1776 1463 1973 1507 causa
2030 1442 2396 1509 machinata
2438 1463 2557 1507 na-

495 1548 640 1602 tura
686 1549 812 1616 est,
867 1538 1098 1604 deinde
1138 1549 1354 1623 partes
1400 1537 1683 1623 corporis
1727 1547 1793 1602 et
1845 1537 1929 1601 ad
1980 1537 2449 1623 procreandum
2490 1547 2557 1602 et

497 1633 583 1698 ad
609 1632 1099 1720 concipiendum
1129 1632 1515 1718 aptissimae,
1545 1631 1702 1696 etin
1729 1630 1889 1694 mari
1916 1639 1981 1695 et
2012 1631 2081 1695 in
2114 1630 2356 1697 femina
2381 1651 2557 1696 com-

492 1727 963 1793 miscendorum
1010 1747 1350 1811 corporum
1395 1726 1593 1790 mirae
1639 1724 1936 1788 libidines
1948 1749 1967 1801 ;
2020 1748 2169 1790 cum
2220 1738 2437 1792 autem
2486 1723 2556 1789 in

492 1820 650 1886 locis
710 1843 927 1886 semen
979 1819 1241 1896 insedit,
1295 1819 1464 1903 rapit
1517 1840 1774 1882 omnem
1826 1818 1963 1883 fere
2022 1818 2240 1882 cibum
2285 1819 2370 1883 ad
2413 1841 2555 1885 sese

496 1934 702 1998 eoque
739 1924 1033 1998 saeptum
1059 1912 1246 1997 fingit
1271 1911 1527 1989 animal,
1564 1911 1739 1996 quod
1766 1932 1915 1976 cum
1939 1932 2023 1975 ex
2048 1921 2231 1976 utero
2266 1912 2557 1997 elapsum

495 2006 762 2083 excidit,
813 2005 882 2070 in
924 2006 1002 2070 iis
1055 2005 1485 2070 animantibus
1499 2051 1518 2082 ,
1572 2027 1740 2090 quae
1790 2005 1957 2070 lacte
2008 2006 2297 2083 aluntur,
2350 2007 2555 2072 omnis

494 2102 632 2168 fere
677 2100 858 2166 cibus
893 2110 1174 2164 matrum
1206 2099 1552 2165 lactescere
1585 2099 1840 2184 incipit,
1878 2121 2109 2184 eaque,
2158 2121 2326 2185 quae
2358 2102 2553 2188 paulo

495 2205 644 2262 ante
678 2205 831 2259 nata
874 2203 1053 2270 sunt,
1108 2193 1244 2259 sine
1277 2193 1586 2278 magistro
1623 2193 1789 2260 duce
1830 2203 2061 2259 natura
2093 2217 2407 2260 mammas
2443 2196 2559 2260 ad-

493 2299 722 2377 petunt
765 2308 1114 2374 earumque
1157 2288 1446 2352 ubertate
1492 2299 1878 2354 saturantur.
1968 2298 2161 2372 atque
2195 2299 2268 2354 ut
2310 2289 2559 2356 intelle-

493 2406 723 2471 gamus
775 2383 933 2448 nihil
985 2382 1216 2447 horum
1262 2404 1401 2447 esse
1452 2382 1790 2448 fortuitum
1833 2391 1901 2448 et
1949 2381 2111 2448 haec
2154 2384 2367 2450 omnia
2418 2407 2558 2451 esse

495 2499 690 2564 opera
723 2475 1032 2564 providae
1068 2476 1467 2561 sollertisque
1501 2487 1802 2553 naturae,
1847 2497 2014 2561 quae
2060 2477 2427 2564 multiplicis
2462 2478 2559 2545 fe·-

494 2581 598 2638 tus
633 2581 992 2659 procreant,
1028 2581 1103 2635 ut
1136 2593 1306 2649 sues,
1342 2580 1418 2636 ut
1451 2593 1663 2648 canes,
1696 2570 1777 2636 iis
1811 2593 2237 2636 mammarum
2275 2573 2427 2638 data
2460 2583 2560 2639 est

493 2667 858 2744 multitudo,
894 2686 1058 2749 quas
1095 2666 1353 2732 easdem
1387 2687 1630 2750 paucas
1666 2664 1907 2732 habent
1941 2687 2055 2731 eae
2090 2665 2355 2742 bestiae,
2384 2677 2559 2751 *quae

494 2781 706 2847 pauca
756 2760 1052 2845 gignunt.
1152 2759 1310 2843 quid
1357 2759 1564 2825 dicam
1577 2805 1598 2836 ,
1651 2769 1931 2843 quantus
1983 2780 2163 2824 amor
2206 2759 2560 2826 bestiarum
2584 2773 2662 2814 12⁹

497 2853 582 2917 sit
614 2853 683 2916 in
717 2853 1068 2918 educandis
1105 2852 1669 2937 custodiendisque
1703 2853 1803 2930 iis,
1838 2874 2005 2937 quae
2040 2864 2558 2939 procreaverunt,

496 2967 705 3034 usque
740 2945 825 3010 ad
859 2967 1010 3010 eum
1042 2945 1238 3011 finem
1271 2946 1427 3012 dum
1458 2947 1709 3033 possint
1742 2969 1813 3012 se
1846 2947 1990 3034 ipsa
2024 2946 2407 3015 defendere?
2440 2947 2561 3014 etsi

498 3042 737 3129 pisces,
781 3049 856 3104 ut
889 3039 1099 3115 aiunt,
1146 3059 1270 3104 ova
1305 3062 1454 3106 cum
1488 3052 1879 3127 genuerunt,
1922 3042 2323 3127 relinquunt3
2368 3043 2559 3111 facile

497 3135 672 3202 enim
712 3134 824 3200 illa
869 3155 1038 3218 aqua
1073 3144 1139 3200 et
1183 3134 1576 3202 sustinentur
1621 3146 1689 3202 et
1730 3136 1934 3203 fetum
1978 3137 2276 3204 fundunt.
2363 3151 2564 3207 testu·
2593 3149 2664 3206 52

497 3231 680 3297 dines
733 3240 949 3294 autem
986 3239 1050 3294 et
1085 3229 1435 3295 crocodilos
1482 3229 1730 3308 dicunt,
1784 3253 1933 3298 cum
1976 3232 2045 3298 in
2088 3243 2259 3300 terra
2305 3245 2560 3321 partum

498 3323 843 3400 ediderint,
887 3322 1157 3389 obruere
1192 3345 1344 3402 ova,
1393 3323 1622 3392 deinde
1658 3325 2016 3392 discedere:
2060 3328 2153 3393 ita
2188 3339 2253 3394 et
2282 3350 2561 3394 nascun-

497 3431 606 3486 tur
656 3429 722 3484 et
773 3418 1130 3484 educantur
1181 3419 1324 3504 ipsa
1365 3441 1483 3504 per
1527 3443 1687 3489 sese.
1774 3421 1905 3486 iam
1955 3421 2233 3508 gallinae
2280 3443 2560 3507 avesque

490 3513 784 3597 reliquae
837 3522 903 3577 et
955 3513 1245 3596 quietum
1286 3509 1621 3598 requirunt
1672 3514 1757 3580 ad
1800 3515 2180 3601 pariendum
2230 3515 2445 3580 locum
2496 3525 2562 3581 et

501 3606 739 3674 cubilia
790 3605 914 3671 sibi
965 3606 1280 3691 nidosque
1332 3618 1709 3673 construunt
1762 3630 2000 3692 eosque
2052 3631 2249 3693 quam
2293 3620 2562 3695 possunt

493 3701 893 3766 mollissume
937 3701 1375 3780 substernunt,
1425 3712 1499 3768 ut
1545 3724 1741 3788 quam
1775 3701 2099 3768 facillume
2136 3725 2259 3768 ova
2302 3725 2561 3770 serven-

501 3816 637 3872 tur,
681 3818 719 3862 e
755 3793 990 3879 quibus
1025 3796 1235 3882 pullos
1272 3818 1421 3862 cum
1457 3797 1885 3874 excuderunt,
1929 3795 2022 3862 ita
2057 3808 2344 3873 tuentur,
2387 3807 2461 3863 ut
2495 3809 2560 3865 et

505 3888 713 3974 pinnis
755 3890 1047 3969 foveant,
1100 3912 1184 3956 ne
1228 3890 1480 3978 frigore*
1512 3891 1879 3968 laedantur,
1932 3901 2025 3966 et,
2082 3890 2135 3955 si
2171 3902 2266 3956 est
2312 3891 2487 3957 calor
2520 3916 2559 3957 a

507 3983 660 4058 sole,
697 4006 766 4049 se
801 3995 1157 4070 opponant3
1196 4006 1346 4051 cum
1381 3995 1596 4051 autem
1630 3983 1791 4072 pulli
1822 3983 2104 4069 pinnulis
2139 3985 2237 4050 uti
2271 3998 2557 4073 possunt,

503 4083 645 4139 tum
695 4076 944 4144 volatus
989 4099 1211 4144 eorum
1262 4091 1499 4145 matres
1549 4089 2053 4165 prosequuntur,
2107 4079 2355 4166 reliqua
2406 4104 2563 4149 cura
