3292 4559
754 1762 824 1817 12

762 1834 815 1875 re

762 3585 811 3626 29

860 224 991 293 304
1474 236 1551 289 u.
1590 232 1867 291 TULLII
1900 230 2322 289 CICERONIS

856 367 925 429 in
966 360 1239 449 inproba
1280 358 1665 425 maluerunt.
1749 356 2144 441 Pompeium
2195 378 2366 421 vero
2425 357 2616 441 quod
2673 380 2796 421 una
2825 360 2870 420 {2-

854 456 925 522 in
966 478 1037 521 re
1080 476 1211 520 non
1252 456 1345 520 ita
1386 452 1575 518 valde
1618 451 1887 539 probas,
1931 450 2044 513 vix
2085 451 2242 514 satis
2291 450 2478 515 mihi
2521 452 2696 515 illud
2737 454 2866 515 vid÷r

858 547 1218 624 attendere,
1260 570 1393 613 non
1438 548 1648 613 solum
1691 545 1754 611 ei
1795 543 1954 629 quid
2001 556 2174 610 esset
2217 544 2570 630 optimum
2613 546 2874 610 vidend:

856 643 1087 720 fuisse,
1134 642 1249 709 sed
1294 640 1487 707 etiam
1528 639 1694 750 quid
1731 639 2200 704 necessarium·
2255 640 2486 704 sensit
2533 641 2718 705 enim
2753 642 2872 705 de}

857 758 987 802 non
1026 758 1217 823 posse
1258 735 1411 801 huic
1454 732 1698 800 civitati
1741 732 1918 797 illam
1969 743 2402 817 potestatem3
2465 736 2726 821 quippe
2773 757 2852 817 qu·
2812 781 2876 796 ι.

856 840 1035 897 tanto
1081 852 1274 917 opere
1316 829 1595 917 populus
1628 838 1850 892 noster
1879 826 2168 912 ignotam
2207 828 2628 913 expetisset,
2677 830 2852 912 qui·
2809 867 2868 913 s-

856 934 955 991 set
1006 946 1223 990 carere
1277 922 1589 1033 cognita?·
1642 920 1946 1007 sapientis
1999 932 2222 985 autem
2274 921 2458 985 civis
2515 922 2657 986 fuit
2709 946 2850 987 cau:

854 1040 978 1085 nec
1011 1018 1435 1129 perniciosam
1470 1027 1536 1081 et
1571 1016 1662 1080 ita
1685 1015 2103 1125 popularem,
2147 1018 2226 1078 'ut
2255 1036 2402 1081 non
2443 1028 2694 1102 posset
2727 1018 2860 1081 ob-‘s
2878 1092 2879 1105 χ

856 1113 1213 1201 perniciose
1280 1110 1577 1198 populari
1646 1110 1774 1175 civi
1839 1130 1972 1173 non
2029 1108 2428 1193 relinquere.
2544 1134 2684 1176 ems
2745 1112 2879 1175 sola-3

856 1208 1075 1284 frater,
1111 1208 1181 1271 in
1214 1206 1405 1271 huius
1438 1204 1615 1269 modi
1651 1224 1965 1281 sermone,
2000 1214 2076 1267 ut
2101 1204 2368 1269 transiri
2397 1205 2546 1269 alio
2573 1207 2796 1292 possit,
2823 1206 2856 1266 ξ

856 1300 1264 1367 ‘admodum’
1299 1309 1413 1381 aut
1448 1306 1742 1385 ‘prorsus
1776 1298 1869 1363 ita
1903 1296 2040 1362 est.’
2115 1296 2191 1377 Q.
2237 1298 2459 1363 Haud
2503 1301 2807 1383 equidem

858 1396 1115 1472 sentior,
1164 1404 1237 1458 tu
1270 1404 1487 1458 tamen
1522 1392 1607 1457 ad
1640 1392 1889 1477 reliqua
1919 1412 2155 1478 pergas
2189 1392 2414 1457 velim.
2497 1396 2606 1458 Μ
2656 1394 2870 1459 Perse-

854 1510 962 1555 ras
996 1499 1069 1553 tu
1102 1486 1364 1572 quidem
1400 1498 1467 1553 et
1498 1488 1568 1552 in
1602 1497 1718 1552 tua
1753 1498 1969 1553 vetere
2005 1486 2326 1552 sententia
2361 1510 2760 1573 permanes.
2814 1498 2862 1553 sl·

854 1583 997 1651 Nec
1030 1602 1135 1648 me
1170 1582 1430 1649 hercule
1466 1602 1590 1667 ego
1624 1604 1781 1647 sane
1817 1604 1857 1645 a
1891 1580 2138 1663 Quinto
2169 1591 2398 1645 nostro
2435 1582 2796 1661 dissentio,
2827 1607 2858 1646 :r

858 1698 939 1744 ea
970 1698 1137 1763 quae
1170 1686 1413 1742 restant
1446 1674 1805 1740 audiamus.

988 1773 1079 1837 M.
1143 1770 1470 1857 Deinceps
1524 1770 1724 1857 igitur
1767 1768 2063 1833 omnibus
2107 1768 2632 1855 magistratibus
2681 1773 2830 1857 auspi
2839 1794 2866 1832 ,··.

858 1878 924 1933 et
964 1865 1203 1932 iudicia
1247 1864 1507 1931 dantur:
1561 1863 1832 1940 iudicia,
1877 1874 1950 1928 ut
1996 1874 2165 1928 esset
2208 1864 2445 1949 populi
2499 1878 2811 1951 potestas.
2840 1890 2854 1925 ;

856 1983 1053 2047 quam
1088 1970 1573 2047 provocaretur,
1618 1958 1937 2045 auspicia,
1979 1968 2054 2022 ut
2087 1958 2326 2023 multos
2363 1960 2644 2026 inutilis
2681 1962 2870 2027 comiti.-

858 2066 962 2121 tus
1004 2055 1371 2142 probabiles
1416 2052 1778 2139 inpedirent
1809 2074 2056 2139 morae3
2114 2074 2306 2137 saepe
2343 2054 2548 2119 enim
2584 2057 2794 2143 populi
2815 2056 2868 2117 in·

855 2161 1081 2236 petum
1116 2149 1427 2215 iniustum
1464 2146 1764 2233 auspiciis
1799 2145 1866 2211 di
1899 2146 2268 2211 inmortales
2303 2162 2784 2232 represserunt
2832 2171 2866 2209 (τ

858 2246 935 2309 iis
981 2255 1225 2321 autem,
1270 2242 1384 2328 qui
1417 2242 1866 2329 magistratum
1901 2252 2235 2327 ceperunt,
2283 2244 2472 2325 quod
2515 2257 2774 2311 senatus
2799 2243 2866 2307 (ἓ-

859 2338 1042 2415 citur,
1077 2337 1388 2424 populare
1426 2350 1513 2402 est
1546 2360 1701 2402 sane
1733 2335 2056 2401 neminem
2089 2335 2159 2399 in
2193 2357 2546 2403 summum
2585 2340 2785 2405 locum
2809 2336 2862 2400 εἰ

856 2454 973 2517 per
1026 2433 1337 2516 populum
1388 2430 1609 2497 venire
1663 2430 1916 2496 sublata
1967 2430 2374 2517 cooptatione
2424 2435 2754 2499 censoria.
2816 2454 2844 2494 se:

856 2536 1111 2610 praesto
1146 2533 1245 2589 est
1278 2524 1469 2590 huius
1504 2524 1643 2589 vitii
1679 2524 2076 2611 temperatim
2123 2524 2298 2609 quod
2333 2538 2628 2593 senatus
2665 2530 2793 2613 lege
2814 2548 2861 2587 n·-

859 2629 989 2683 stra
1016 2618 1428 2683 confirmatur
1456 2618 1831 2696 auctoritas3
1869 2618 2157 2702 sequitur
2175 2619 2376 2684 enim:
2421 2622 2566 2686 eiu
2581 2646 2616 2687 s
2647 2624 2736 2689 de
2749 2640 2859 2687 orez·

854 2724 1023 2781 rata
1056 2725 1301 2780 sunto.
1392 2736 1545 2779 nam
1576 2714 1670 2780 ita
1705 2736 1774 2779 se
1809 2736 1912 2780 res
1949 2714 2161 2791 habet,
2197 2724 2300 2791 ut,
2339 2715 2394 2778 si
2435 2729 2721 2783 senatus
2754 2716 2863 2780 don-‘-

854 2833 977 2876 nus
1042 2810 1125 2876 sit
1183 2808 1443 2896 publici,
1482 2809 1730 2875 consilii
1783 2809 2085 2893 quodque
2138 2809 2192 2873 is
2246 2811 2539 2875 creverit
2607 2812 2855 2879 defendat

856 2926 1109 2983 omnes,
1164 2915 1257 2982 et,
1311 2905 1367 2969 si
1418 2902 1672 2969 ordines
1703 2903 1954 2987 reliqui
2006 2902 2310 2988 principis
2340 2904 2637 2972 ordinis
2693 2905 2854 2972 censii

854 3022 991 3065 rem
1036 2998 1364 3085 publicam
1410 2997 1760 3085 gubernari
1805 2997 2034 3075 velint,
2079 2997 2281 3084 possit
2335 3020 2421 3063 ex
2443 3001 2867 3107 ‘temperatior‘

856 3092 1039 3168 iuris,
1094 3114 1243 3157 cum
1294 3103 1577 3178 potestas
1620 3093 1690 3157 in
1733 3093 2001 3178 popule,
2048 3091 2392 3157 auctoritas
2439 3093 2516 3158 in
2569 3108 2796 3162 senatu
2825 3114 2879 3159 ετ1

856 3186 1059 3251 teneri
1094 3186 1199 3252 ille
1236 3187 1602 3253 moderatus
1640 3197 1706 3253 et
1739 3208 2006 3252 concors
2043 3186 2318 3251 civitatis
2355 3195 2616 3267 status,
2665 3210 2870 3277 praeser-

855 3280 971 3346 tim
1014 3281 1070 3346 si
1114 3281 1443 3391 proximae
1487 3282 1619 3369 legi
1663 3276 2020 3368 parebitur3
2074 3290 2224 3346 na‘m
2267 3279 2662 3365 proximum
2708 3296 2812 3351 est·
2844 3282 2879 3343 i:

856 3374 1042 3441 ordo
1078 3376 1269 3441 vitio
1308 3385 1595 3454 caret0,
1633 3376 1913 3441 ceteris
1951 3375 2340 3461 specimen
2376 3386 2576 3441 esto.
2639 3379 2712 3460 Q.
2749 3379 2879 3443 Prae

856 3471 1031 3535 clara
1056 3492 1231 3549 vere,
1259 3470 1476 3548 frater,
1512 3471 1635 3536 ista
1659 3471 1766 3537 lex
1796 3482 1900 3546 est,
1939 3470 2054 3535 sed
2081 3479 2147 3535 et
2175 3469 2302 3534 late
2327 3480 2518 3555 patet
2543 3484 2633 3539 ut
2661 3476 2801 3539 vitio
2820 3484 2879 3563 (ιῇ

856 3575 994 3630 reat
1030 3564 1185 3630 ordo
1214 3574 1279 3629 et
1310 3584 1637 3630 censorem
1665 3565 1916 3649 quaerit
1938 3564 2368 3649 interpretem.
2431 3566 2579 3630 Att.
2643 3569 2762 3634 Ille
2786 3588 2879 3641 ven

856 3658 977 3724 etsi
1018 3667 1169 3723 tuus
1216 3669 1314 3724 est
1356 3667 1529 3724 tot-us
1572 3658 1730 3723 ordo
1774 3658 2334 3745 gratissimamque
2384 3664 2784 3729 memoriam
2825 3656 2879 3723 re}

856 3753 1015 3819 tinet
1051 3753 1417 3818 consulatus
1454 3748 1577 3829 t'ui,
1612 3771 1774 3839 pace
1811 3764 1924 3817 tua
1959 3752 2262 3829 dixerim,
2305 3770 2439 3816 non
2477 3756 2688 3821 modo
2723 3774 2879 3823 censs

756 3853 823 3908 13
856 3868 979 3925 res,
1006 3846 1120 3913 sed
1149 3846 1343 3912 etiam
1370 3846 1616 3913 iudices
1644 3847 1852 3913 omnis
1877 3855 2093 3932 potest
2122 3844 2504 3932 defatigare.
2553 3850 2654 3915 M.
2695 3850 2871 3916 Omir
2862 3870 2879 3907 ι

856 3942 1011 4017 ista,
1048 3938 1268 4007 Attice
1279 3966 1299 4019 ;
1345 3962 1475 4007 non
1521 3943 1693 4009 enim
1728 3941 1810 4008 de
1843 3940 1968 4007 hoc
2005 3952 2232 4007 senatu
2265 3962 2388 4006 nec
2421 3940 2508 4007 iis
2547 3943 2637 4011 de
2671 3944 2880 4011 homini*

857 4031 1013 4110 bus,
1048 4034 1160 4116 qui
1192 4057 1365 4101 nunc
1401 4048 1577 4115 sunt,
1616 4036 1732 4103 sed
1767 4036 1849 4103 de
1885 4036 2151 4115 futuris,
2188 4035 2244 4102 si
2279 4036 2393 4121 qui
2427 4035 2607 4104 forte
2647 4038 2742 4105 his
2771 4036 2880 4122 legi*
