3292 4559
744 954 793 992 ss

732 2367 785 2406 43

606 3459 775 3522 ’44

836 219 925 284 90
1453 233 1532 287 M.
1559 231 1844 290 'TULLII
1879 231 2282 292 CICERONIS
2311 297 2318 301 ,

830 354 1001 422 lium-
1032 356 1155 422 hoe
1197 355 1519 442 prinoipes
1564 356 1911 442 cepissent,
1960 358 2413 443 cognationem
2459 355 2720 445 Superbi
2753 381 2837 424 no-

830 471 1108 534 menque
1153 447 1652 533 Tarquiniorum
1703 461 1767 516 et
1817 452 2188 518 memoriam
2241 452 2436 539 regni
2489 476 2622 520 esse
2663 453 2836 522 tollen-

832 545 980 610 dam
994 592 1015 623 ,
1060 544 1234 629 quod
1278 556 1415 611 erat
1459 545 1615 610 utile
1628 593 1647 624 ,
1693 544 1938 631 patriae
1975 547 2308 614 consulere
2321 595 2342 626 ,
2386 547 2456 612 id
2491 558 2624 614 erat
2651 548 2731 615 ita
2757 548 2837 612 ho-

831 650 1115 717 nestum,
1161 650 1234 704 ut
1280 640 1469 706 etiam
1504 640 1627 725 ipsi
1667 637 1986 706 Collatino
2019 641 2278 726 plaeere
2313 642 2597 708 deberet.
2669 643 2836 726 itaque

829 734 1069 800 utilitas
1122 734 1324 800 valuit
1375 744 1634 820 propt-er
1683 733 2110 812 honestatem,
2165 737 2310 803 sine
2357 758 2492 820 qua
2531 757 2612 802 ne
2650 737 2838 803 utilitas

830 828 1091 913 quidem
1136 851 1275 894 esse
1320 829 1652 914 potuisset.
1741 840 1808 894 at
1852 829 1922 894 in
1963 851 2043 895 eo
2087 852 2244 916 rege
2253 823 2296 908 ,’
2321 830 2442 915 qui
2484 831 2696 899 urbem
2725 852 2836 896 eon-

830 922 1023 999 didit,
1068 943 1199 988 non
1240 922 1395 988 item
1406 947 1425 1000 3
1478 923 1724 1009 speeies
1771 923 1942 990 enim
1986 923 2278 989 utilitatis
2327 925 2616 992 animum
2644 924 2836 1011 pepulit
2913 919 2916 928 ’

828 1017 994 1082 eius:
1033 1017 1138 1082 eui
1172 1038 1320 1082 eum
1356 1017 1563 1082 visum
1601 1027 1767 1084 esset
1801 1017 2021 1084 utilius
2053 1017 2264 1084 solum
2293 1039 2495 1102 quam
2521 1041 2660 1086 eum
2683 1019 2832 1082 altero

828 1133 1127 1198 regnare,
1190 1111 1453 1178 fratrem
1504 1111 1841 1178 interemit.
1929 1111 2144 1178 omisit
2195 1111 2306 1178 hie
2361 1123 2427 1180 et
2477 1113 2752 1200 pietatem
2789 1122 2832 1175 et

826 1207 1316 1282 humanitatem,
1370 1217 1445 1270 ut
1494 1205 1593 1284 id,
1648 1207 1824 1290 quod
1876 1207 2032 1272 utile
2089 1207 2439 1276 videbatur
2481 1228 2678 1292 neque
2715 1215 2829 1280 erat,

827 1301 1091 1384 adsequi
1126 1311 1361 1385 posset,
1396 1312 1467 1368 et·
1498 1313 1714 1368 tamen
1747 1303 1915 1367 muri
1951 1324 2212 1368 eausam
2249 1302 2576 1388 opposuit,
2609 1299 2830 1387 speeiem

824 1395 1173 1460 honestatis
1224 1417 1346 1461 nee
1400 1397 1800 1481 probabilem
1845 1417 1968 1462 nee
2011 1419 2166 1462 sane
2211 1395 2548 1476 idoneam=
2599 1391 2829 1481 peccavit

822 1488 1047 1574 igitur,
1082 1511 1243 1575 paee
1277 1490 1383 1556 vel
1418 1489 1678 1572 Quirini
1711 1490 1814 1556 vel
1847 1490 2110 1560 Romuli
2145 1490 2446 1557 dixerim.
2517 1511 2634 1557 nee
2664 1498 2829 1552 tamen

822 1593 1077 1650 nostrae
1121 1583 1309 1648 nobis
1353 1584 1658 1651 utilitates
1705 1584 2100 1652 omittendae
2137 1596 2291 1652 sunt
2327 1585 2597 1670 aliisque
2629 1579 2826 1648 traden-

824 1677 975 1754 dae,
1038 1700 1187 1743 eum
1237 1677 1317 1743 iis
1367 1678 1492 1764 ipsi
1542 1701 1878 1766 egeamus,
1943 1678 2058 1746 sed
2109 1703 2270 1746 suae
2327 1681 2558 1764 cuique
2606 1671 2825 1746 utilitati,
2914 1735 2916 1760 ,

824 1771 999 1856 quod
1050 1772 1187 1838 sine
1240 1772 1501 1840 alterius
1555 1774 1787 1840 iniuria
1837 1772 1980 1851 flat,
2047 1772 2464 1840 serviendum
2514 1782 2623 1838 est.
2707 1766 2823 1834 scite
2914 1803 2917 1858 ξ

826 1863 1249 1953 Chrysippus,
1286 1879 1357 1932 ut
1392 1858 1626 1946 multa,
1677 1868 1818 1952 ‘qui
1845 1867 2131 1933 stadium
2144 1867 2160 1896 ’
2199 1869 2417 1953 inquit
2452 1865 2680 1942 ‘currit,
2711 1857 2823 1926 eniti
2914 1847 2920 1876 ²¹

823 1972 888 2026 et
949 1961 1329 2030 contendere
1392 1963 1584 2030 debet
1648 1984 1844 2046 quam
1905 1984 2207 2028 maxume
2271 1961 2478 2049 possit
2527 1970 2598 2026 ut
2641 1957 2820 2026 vincat,

822 2055 1231 2140 supplantare
1286 2079 1465 2134 eum,
1528 2056 1793 2140 quicum
1855 2066 2082 2134 certet,
2147 2068 2268 2122 aut
2319 2077 2516 2122 manu
2565 2049 2820 2137 depellere

820 2149 997 2214 nullo
1044 2150 1236 2216 modo
1274 2150 1493 2217 debet:
1542 2149 1635 2216 sio
1669 2150 1738 2216 in
1774 2151 1905 2216 vita
1939 2150 2064 2216 sibi
2097 2172 2426 2238 quemque
2457 2157 2660 2235 petere
2689 2136 2818 2226 quod

820 2245 1135 2328 pertineat
1182 2246 1267 2312 ad
1308 2245 2011 2342 usgmmnonainiqupm
2055 2255 2184 2323 est,
2235 2245 2422 2313 alteri
2457 2241 2717 2327 deripere
2743 2235 2816 2340 ill-⁸

820 2359 947 2401 non
1002 2339 1149 2404 est..'
1240 2334 1541 2404 m'axume
1588 2347 1806 2404 autem
1849 2339 2312 2422 perturbantur
2357 2337 2564 2404 officia
2599 2333 2664 2398 in
2699 2349 2816 2393 aml-

820 2430 981 2494 eitiis
994 2477 1011 2502 ‚
1065 2431 1298 2513 quibus
1351 2442 1415 2496 et
1465 2452 1595 2496 non
1647 2430 1929 2496 tribuere
1973 2431 2148 2516 quod
2189 2441 2369 2526 reete
2412 2431 2608 2519 possis
2647 2435 2702 2492 et
2735 2418 2815 2484 tri·

716 2577 723 2586 .
818 2523 1017 2590 buere
1068 2523 1242 2607 quod
1295 2547 1425 2590 non
1478 2525 1563 2590 sit
1614 2546 1897 2608 aequum
1947 2536 2170 2592 eontra
2222 2525 2510 2626 offici-{m
2557 2531 2658 2589 est.
2731 2507 2815 2578 sed

816 2615 1007 2682 huius
1058 2618 1311 2703 generis
1360 2617 1553 2683 totius
1608 2619 1805 2686 breve
1859 2630 1920 2686 et
1973 2641 2105 2687 non
2155 2619 2428 2688 difficile
2451 2620 2816 2710 praeceptum
2914 2697 2916 2702 ³

817 2721 941 2778 estz
996 2734 1163 2797 quae
1214 2712 1383 2778 enim
1435 2712 1735 2784 videntur
1787 2713 2000 2792 utilia,
2052 2715 2370 2793 honores,
2433 2713 2688 2799 OEQW
2729 2723 2818 2766 ΥΟ·
2914 2739 2916 2754 “

813 2807 1123 2893 luptates,
1176 2819 1387 2875 cetera
1438 2809 1691 2894 generis
1745 2809 2030 2876 eiusdem
2043 2855 2062 2886 ,
2115 2809 2288 2878 haee
2341 2808 2654 2876 amicitiam
2670 2817 2816 2867 num·

815 2923 1011 2986 quam
1054 2902 1497 2989 anteponenda
1542 2914 1721 2980 sunt3
1776 2915 1844 2969 at
1875 2925 2088 2987 neque
2123 2917 2355 2972 eontra
2387 2926 2522 2972 rem
2553 2896 2813 2996 puhlicmun

812 3017 1023 3080 neque
1086 3008 1307 3064 eontra
1358 2998 1459 3064 ius
1511 2999 1856 3065 iurandum
1887 3020 1986 3064 .ae
2037 2997 2236 3064 fidem
2295 2998 2479 3066 amici
2531 3003 2704 3069 cauta
2742 3003 2812 3049 vlf

812 3089 1019 3154 bonus
1066 3091 1291 3168 faeiet,
1334 3115 1417 3157 ne
1468 3093 1523 3156 si
1574 3093 1770 3158 iudex
1823 3093 2084 3176 quidem
2137 3094 2259 3160 erit
2314 3094 2394 3158 de
2441 3091 2578 3174 ipso
2629 3081 2806 3174 8131003

811 3184 991 3270 ponit
1044 3183 1215 3250 enim
1266 3207 1607 3271 personam
1660 3187 1877 3264 amici,
1933 3209 2081 3252 eum
2131 3188 2342 3254 induit
2390 3179 2628 3248 iudicis.
2714 3193 2806 3276 nl}-

810 3288 948 3342 tum
994 3276 1173 3342 dabit
1216 3279 1565 3358 amieitiae,
1612 3289 1686 3344 ut
1720 3303 1940 3345 veram
1975 3281 2164 3346 amici
2200 3298 2454 3350 eausam
2487 3292 2622 3336 esse
2707 3276 2716 3294 ‘
2777 3272 2806 3334 t,

810 3382 884 3436 ut
928 3371 1207 3438 orandae
1248 3372 1377 3438 litis
1414 3384 1697 3460 tempus,
1743 3375 1960 3458 quoad
1992 3397 2108 3460 per
2141 3374 2318 3462 leges
2349 3371 2560 3442 liceat,
2601 3381 2672 3427 ao
2727 3377 2808 3460 0113·

811 3465 1045 3532 modet.
1134 3487 1281 3534 eum
1324 3489 1477 3534 vero
1522 3468 1730 3534 iurato
1777 3470 2092 3536 sententia
2135 3465 2402 3534 dicenda
2443 3459 2582 3534 erit,
2624 3472 2746 3550 me,
2789 3479 2808 3491 ‘
2914 3495 2916 3502 ·

810 3561 976 3625 uerit
1020 3561 1213 3626 deum
1258 3584 1328 3627 se
1374 3562 1678 3628 adhibere
1713 3573 1975 3642 testem,
2023 3562 2091 3628 id
2135 3573 2258 3641 est,
2305 3570 2378 3625 ut
2410 3574 2525 3642 ego
2557 3544 2682 3614 arbi
2716 3635 2730 3648 .
2771 3560 2806 3611 r,

790 3665 1087 3723 ,mentem
1140 3677 1355 3734 suam,
1408 3677 1541 3740 qua
1588 3656 1749 3722 nihil
1803 3657 2044 3723 homini
2097 3657 2272 3724 dedit
2313 3654 2466 3718 deus
2505 3645 2634 3730 ipse
2751 3631 2808 3698 vi·

808 3748 972 3814 nius.
1057 3749 1276 3833 itaque
1320 3751 1721 3835 praeclarum
1755 3773 1796 3816 a
1829 3751 2175 3840 maioribus
2221 3745 2562 3832 accepimus
2591 3751 2690 3797 mo
2745 3745 2806 3880 9,πὲ

806 3842 1077 3928 rogandi
1136 3844 1397 3923 iudicis,
1460 3844 1517 3909 si
1578 3868 1730 3910 eum
1793 3857 2180 3924 teneremus,
2241 3863 2398 3918 Qun
2457 3848 2636 3900 mvs

807 3957 1047 4000 nom
1076 3959 1304 4006 Possm.
1391 3940 1551 4006 haee
1594 3941 1844 4026 rogatio
1887 3940 1974 4006 ‚ad
2009 3964 2087 4008 ea
2119 3941 2410 4027 pertinet,
2451 3943 2602 4029 qua?
2631 3935 2704 4002 1³⁸

805 4038 953 4095 ante
1006 4031 1139 4096 dixi
1189 4032 1455 4102 honeste
1508 4033 1713 4100 'amieo
1768 4057 1807 4100 a
1859 4034 2068 4103 iudice
2119 4055 2306 4122 posse
2353 4014 2621 4096 conced13
2665 4028 2702 4070 Β
2777 4027 2800 4096 „¹¹

2786 4147 2920 4326 ‘ir-1
