3292 4559
749 238 873 303 172
1354 246 1432 302 Μ.
1470 244 1745 302 TULLII
1780 241 2181 301 CICERONIS

741 372 1021 460 perium,
1091 370 1265 456 quod
1334 369 1624 454 quidem,
1694 367 1818 432 nisi
1885 389 2089 432 unum
2156 367 2266 443 sit,
2339 387 2489 431 esse
2572 364 2837 429 nullum

640 524 710 579 39
743 465 994 554 potest.’

650 596 700 635 m
874 560 1046 625 Tum
1082 557 1377 623 Laelius:
1431 555 1651 640 ‘quid,
1687 576 1958 639 quaes0,
2002 555 2265 620 interest
2295 554 2471 620 inter
2507 577 2734 618 unum
2774 568 2833 619 et

743 677 806 739 p.
828 651 1005 739 268.]
1035 650 1255 739 pluris,
1287 650 1342 715 si
1369 649 1610 715 iustitia
1628 648 2184 735 estinpluribus?’
2222 658 2286 714 et
2305 646 2569 735 Scipio:
2597 648 2608 731 Ι
2632 656 2833 732 ‘quo-

744 747 919 812 niam
952 744 1224 811 testibus
1256 743 1418 809 meis
1453 743 1758 820 intellexi,
1796 741 2015 820 Laeli,
2050 752 2114 806 te
2146 762 2277 806 non
2313 742 2509 807 valde
2546 742 2827 818 moveri,

743 863 877 907 non
921 840 1207 907 desinam
1253 849 1319 904 te
1350 838 1447 903 uti
1481 849 1673 913 teste,
1728 848 1801 901 ut
1843 836 1996 914 hoc,
2050 837 2223 921 quod
2267 836 2441 915 dioc,
2498 836 2826 924 probem!

749 947 765 971 *
781 963 878 999 ms
893 935 909 963 ¹*
957 934 1160 1019 inquit
1201 933 1310 999 ille
1354 939 1668 1017 ‘quonam
1700 930 1961 995 mod0?’
2016 930 2201 1014 ‘quia
2234 931 2525 995 animum
2569 931 2825 996 adverti

749 1055 980 1115 nuper,
1024 1051 1172 1095 cum
1217 1049 1502 1094 essemus
1545 1025 1616 1091 in
1647 1025 2023 1102 FormianO,
2069 1035 2134 1090 te
2168 1024 2451 1090 familiae
2488 1026 2696 1091 valde
2732 1025 2825 1090 in-

749 1127 1054 1191 terdicere
1109 1134 1184 1187 ut
1241 1122 1353 1186 uni
1406 1119 1576 1185 dicto
1627 1120 1897 1185 audieus
1952 1118 2160 1184 esset!
2249 1119 2523 1205 ‘quippe
2585 1119 2818 1184 vilico?

749 1219 933 1303 *quid
993 1216 1207 1281 domi?
1274 1216 1575 1301 pluresne
1625 1224 1933 1300 praesunt
1983 1211 2258 1298 negotiis
2308 1212 2507 1277 tuis?
2590 1213 2817 1278 ‘immo

749 1335 897 1375 rere
937 1309 1129 1375 unus’
1163 1308 1390 1393 inquit.
1477 1306 1705 1393 ‘quid?
1737 1317 1939 1372 totam
1973 1306 2238 1371 domum
2271 1329 2429 1371 num
2467 1307 2625 1391 quis
2662 1308 2819 1373 alter

749 1417 998 1491 praeter
1065 1413 1130 1469 te
1195 1402 1431 1488 regit?
1520 1400 1812 1467 ‘minime
1880 1400 2086 1466 vero!
2210 1401 2400 1485 ‘quin
2469 1411 2546 1465 tu
2621 1402 2817 1489 igitur

749 1523 809 1583 11-
855 1494 1027 1583 1552]
1074 1496 1389 1581 conlcedis
1421 1496 1595 1563 idem
1629 1497 1700 1561 in
1732 1518 1802 1562 re
1836 1494 2125 1582 publica,
2170 1495 2574 1582 singulorum
2616 1497 2817 1561 domi-

695 1667 705 1671 ,
749 1611 933 1655 natus
949 1639 966 1667 ,
1010 1590 1067 1656 si
1109 1590 1304 1656 modo
1337 1589 1490 1656 iusti
1524 1590 1681 1667 sint,
1726 1612 1868 1656 csse
1902 1589 2246 1675 optimos?’
2317 1588 2682 1667 ‘adducor,
2725 1592 2822 1654 in-

644 1663 713 1759 di]
753 1687 905 1767 quil,
941 1696 1014 1751 ut
1047 1708 1248 1773 prope
1282 1685 1550 1750 modum
1583 1683 1945 1750 adsentiar?
2018 1693 2082 1749 et
2112 1681 2356 1768 Scipio:
2395 1690 2570 1749 ‘tum
2609 1684 2816 1770 magis

753 1780 1136 1858 =1‚‹·]sssntiare,
1179 1779 1398 1858 Laeli,
1444 1779 1528 1857 si,
1572 1790 1650 1843 ut
1691 1778 1983 1843 omittam
2018 1777 2492 1855 similitudines,
2543 1780 2668 1843 uni
2702 1803 2821 1866 gu-

753 1875 1099 1951 bernatori,
1150 1874 1263 1939 uni
1312 1874 1594 1951 medico,
1647 1873 1704 1937 si
1756 1872 1937 1958 digni
1986 1871 2180 1936 modo
2235 1872 2362 1936 sint
2411 1872 2495 1937 iis
2542 1874 2817 1949 artibus,

751 1971 982 2033 rectius
1043 1991 1184 2034 esse
1245 1968 1430 2034 alteri
1490 1989 1725 2034 navem
1786 1967 2181 2032 committere
2195 2013 2215 2042 ,
2277 1988 2553 2052 aegrum
2610 1969 2817 2044 alteri,

753 2087 945 2143 [luam
1011 2061 1261 2138 multis,
1329 2062 1414 2127 ad
1480 2061 1727 2126 maiora
1794 2059 2184 2146 pervenero!
2271 2066 2291 2096 ‘
2304 2080 2639 2143 quaenam
2700 2062 2820 2126 ista

750 2179 809 2239 p.-
858 2153 1029 2242 ffiQ]
1067 2155 1283 2220 sunt?’
1355 2162 1374 2191 ‘
1383 2155 1576 2238 quid?
1620 2166 1696 2219 tu
1728 2176 1859 2219 non
1893 2153 2074 2219 vides
2108 2152 2297 2217 unius
2331 2154 2817 2239 inlportunitate

753 2263 809 2315 et
861 2275 933 2315 su
941 2248 1160 2335 perbia
1195 2248 1530 2332 Tarquinii
1572 2271 1812 2314 nomen
1850 2248 2000 2313 huic
2043 2248 2284 2333 populo
2327 2247 2397 2311 in
2442 2248 2677 2313 odium
2712 2271 2817 2314 ve-

753 2347 921 2407 nisse
970 2342 1302 2427 regium?’-
1344 2341 1562 2406 ‘video
1607 2342 1809 2418 ver0,’
1862 2340 2088 2424 inquit.
2177 2347 2360 2427 ‘ergo
2406 2341 2609 2407 etiam
2656 2342 2809 2407 illud

753 2439 958 2511 vides,
1003 2435 1084 2499 de
1131 2455 1261 2516 quo
1305 2435 1752 2520 progrediente
1798 2434 2082 2500 oratione
2128 2435 2314 2521 plura
2346 2458 2451 2500 me
2486 2436 2812 2501 dicturum

754 2544 905 2615 pum
921 2579 937 2603 ‚
984 2526 1335 2611 Tarquinio
1379 2539 1606 2594 exacto
1647 2529 1814 2593 mira
1865 2529 2149 2614 quadam
2202 2528 2563 2595 exsultasse
2606 2553 2811 2615 popu-

749 2627 881 2687 lum
937 2620 1271 2686 insolentia
1320 2622 1659 2688 libertatis:
1712 2633 1853 2687 tum
1906 2623 2115 2688 exacti
2166 2622 2234 2687 in
2278 2622 2581 2687 exsilium
2627 2624 2812 2687 inno-

749 2732 982 2792 eentes,
1017 2726 1155 2781 tum
1189 2715 1360 2782 bona
1394 2716 1642 2803 direpta
1678 2717 2046 2794 multorum,
2081 2727 2222 2782 tum
2256 2738 2454 2783 annul
2487 2718 2808 2795 consules,

749 2826 881 2875 tum
957 2809 1211 2877 demissi
1280 2811 1519 2898 populo
1587 2811 1797 2897 fasces
1812 2859 1830 2887 ,
1900 2821 2040 2876 tum
2112 2811 2601 2897 provocationes
2678 2834 2812 2876 om-

749 2931 809 2991 ]1.
857 2903 1027 2990 NL]
1065 2905 1262 2987 nilum
1295 2927 1538 2983 rerum,
1574 2916 1715 2970 tum
1749 2905 2142 2971 secessiones
2178 2904 2416 2989 plebei,
2454 2916 2596 2969 tum
2628 2927 2812 2991 pror·

750 3023 857 3063 sus
893 3003 982 3063 ita
1016 3009 1160 3063 acta
1191 3000 1528 3084 pleraque,
1563 3011 1636 3064 ut
1670 2999 1739 3063 in
1772 3001 2015 3085 populo
2052 3010 2266 3065 essent
2299 2999 2557 3063 omnia?
2639 3000 2808 3077 ‘est‚’

656 3111 705 3151 ω
753 3095 957 3175 inquit.
1009 3097 1110 3156 ‘ut
1163 3092 1361 3157 diois?
1450 3099 1580 3159 ‘est
1623 3094 1809 3159 vero’
1862 3093 2072 3177 inquit
2116 3092 2334 3178 Scipio
2389 3093 2484 3157 ‘in
2535 3116 2706 3179 pace
2749 3105 2809 3160 et

749 3187 909 3259 otim
962 3184 1127 3249 licet.
1155 3187 1324 3251 enim
1356 3186 1681 3264 lascivire,
1731 3186 1885 3251 dum
1922 3187 2081 3251 nihil
2117 3199 2397 3265 metuas,
2445 3199 2519 3251 ut
2554 3188 2623 3251 in
2660 3188 2809 3252 navi

749 3303 825 3343 ae
869 3300 1058 3364 saepe
1102 3280 1294 3344 etiam
1337 3279 1408 3344 in
1441 3280 1665 3345 morbo
1700 3280 1847 3345 levi.
1938 3281 2051 3345 sed
2090 3292 2163 3345 ut
2195 3280 2343 3355 ille,¹
2368 3280 2485 3363 qui
2518 3281 2807 3367 navigat,

753 3399 893 3439 *zum
941 3372 1150 3439 subito
1194 3396 1367 3439 mare
1412 3374 1621 3459 coepit
1665 3373 2031 3441 horrescere
2044 3422 2061 3450 ‚
2109 3386 2181 3439 et
2217 3374 2326 3439 ille
2361 3397 2557 3459 aeger
2591 3375 2807 3461 ingra-

753 3478 1044 3535 vescente
1087 3468 1311 3532 morbo
1346 3468 1538 3533 unius
1575 3490 1765 3554 opem
1799 3468 2106 3554 inplorat,
2152 3468 2245 3533 sic
2278 3480 2495 3533 noster
2528 3471 2802 3553 populus

749 3587 809 3647 p.
837 3559 1006 3646 103]
1043 3561 1110 3625 in
1136 3584 1297 3647 pace
1322 3572 1386 3627 et
1412 3561 1584 3627 domi
1600 3562 1875 3648 imperat
1895 3574 1960 3628 et
1977 3562 2133 3647 ipsis
2150 3562 2636 3647 magistratibus
2658 3568 2668 3641 Q
2690 3563 2805 3626 mi-

749 3673 962 3735 natur,
1007 3667 1286 3733 recusat,
1333 3657 1641 3741 appellat,
1685 3668 2023 3743 provocat,
2068 3656 2137 3720 in
2182 3656 2373 3734 bellos
2388 3656 2480 3720 sic
2514 3667 2703 3740 paret
2735 3668 2804 3719 ut

749 3751 917 3835 reg-fh
969 3750 1140 3815 valet
1191 3751 1361 3815 enim
1411 3752 1583 3815 salus
1636 3752 1781 3836 plus
1836 3773 2031 3835 quam
2083 3740 2363 3852 libido<
2399 3749 2804 3835 gravioribus

752 3867 901 3907 ver-[1
962 3842 1143 3907 bellis
1204 3843 1397 3909 etiam
1459 3844 1595 3909 sine
1660 3845 1908 3931 collega
1971 3867 2159 3910 omne
2212 3844 2551 3930 imperium
2605 3843 2806 3908 nostri

749 3959 945 4019 penes
1003 3935 1289 4021 singulos
1351 3959 1490 4003 esse
1543 3938 1910 4016 voluerunt,
1975 3961 2249 4022 quorum
2298 3937 2513 4023 ipsum
2565 3958 2803 4002 nomen

753 4031 877 4089 vim
925 4050 1077 4092 suae
1119 4031 1447 4113 potestatis
1484 4031 1753 4108 indicat3
1806 4055 1959 4098 nam
1992 4033 2264 4097 dictator
2299 4030 2563 4117 quidem
2602 4031 2689 4097 ab
2726 4053 2801 4096 eo
