3292 4559
738 270 823 335 34
1350 275 1429 331 Μ.
1466 274 1742 333 TULLII
1775 272 2179 333 CICERONIS

632 424 709 467 106
733 417 809 472 ut
842 405 945 471 Ti.
984 396 1357 472 Gracchum
1400 424 1551 469 cum
1592 401 1818 469 videor
1861 400 2336 467 contionantem
2369 398 2438 465 111
2474 398 2798 489 Capitolio

670 514 675 517 '
708 500 953 565 ⁴videre
989 498 1070 564 de
1104 497 1203 563 Μ.
1224 495 1502 563 Octavio
1540 496 1936 561 deferentem
1971 493 2265 574 sitellam,
2299 506 2438 560 tum
2473 516 2622 561 eum
2659 520 2798 562 mo-

734 604 875 658 tum
926 591 1124 657 animi
1177 591 1321 657 dico
1373 612 1516 657 esse
1566 590 1846 667 inanem,
1898 601 1972 655 tu
2025 601 2241 656 autem
2291 600 2356 655 et
2403 586 2684 656 Gracchi
2733 603 2800 655 et

738 684 1000 753 Octavii
1050 686 1365 771 imagines
1417 706 1779 761 remanere,
1833 706 2028 769 quae,
2083 685 2151 749 in
2198 682 2592 771 Capitolium
2645 707 2798 750 cum

733 780 1155 868 pervenerim,
1190 791 1328 845 tum
1364 779 1448 844 ad
1482 778 1768 844 animum
1799 802 2019 845 meum
2053 780 2430 856 referantur,
2466 778 2588 844 hoc
2621 779 2798 845 idem

735 874 875 939 fieri
907 874 977 939 in
1014 873 1164 950 deo,
1218 873 1401 939 cuius
1436 872 1662 938 crebra
1696 872 1861 939 facie
1904 873 2226 959 pellantur
2267 872 2494 951 animi,
2549 896 2631 939 ex
2666 894 2798 957 quo

635 994 711 1037 107
737 990 877 1035 esse
911 968 1084 1033 beati
1118 977 1311 1051 atque
1348 966 1588 1033 aeterni
1621 966 2094 1052 intellegantur.
2149 967 2254 1032 fac
2279 968 2593 1053 imagines
2631 990 2794 1044 esse,

736 1062 970 1147 quibus
1004 1061 1340 1147 pulsentur
1374 1060 1602 1126 animi:
1640 1061 1884 1147 species
1911 1060 2066 1126 dum
2093 1071 2273 1126 taxat
2299 1060 2573 1127 obicitur
2599 1084 2798 1148 quae·-

660 1198 665 1201 -
738 1157 920 1233 dam3
972 1178 1130 1220 num
1184 1155 1376 1221 etiam
1429 1176 1545 1221 cur
1588 1176 1668 1221 ea
1716 1155 1908 1221 beata
1952 1154 2064 1234 sit,
2119 1178 2234 1221 cur
2278 1156 2574 1221 aeterna?
2627 1178 2797 1241 quae

736 1260 955 1316 autem
1006 1250 1167 1317 istae
1224 1248 1538 1334 imagines
1590 1258 1843 1315 vestrae
1895 1260 2007 1315 aut
2059 1250 2270 1317 unde?
2331 1275 2371 1316 a
2421 1250 2796 1318 Democrito

738 1344 994 1409 omnino
1029 1342 1189 1409 haec
1222 1343 1507 1422 licentia3
1544 1342 1660 1410 sed
1695 1355 1761 1409 et
1793 1344 1901 1411 ille
1927 1344 2350 1431 reprehensus
2387 1369 2427 1410 a
2452 1346 2670 1413 multis
2697 1357 2797 1412 est

736 1460 858 1505 nec
890 1460 1007 1503 vos
1043 1438 1287 1504 exitum
1320 1437 1609 1525 reperitis
1646 1449 1912 1524 totaque
1940 1462 2042 1505 res
2077 1441 2333 1508 vacillat
2359 1452 2424 1507 et
2459 1440 2795 1506 claudicat.

736 1556 889 1597 nam
923 1532 1081 1617 quid
1115 1543 1213 1597 est
1248 1534 1423 1617 quod
1454 1534 1666 1599 minus
1703 1534 1960 1619 probari
2005 1535 2207 1620 possit
2245 1559 2429 1621 quam
2464 1535 2800 1600 hominum

736 1626 807 1691 in
838 1649 942 1692 me
986 1626 1267 1693 incidere
1310 1627 1657 1711 imagines,
1711 1626 2014 1704 Homeri,
2065 1628 2468 1706 Archilochi,
2513 1629 2798 1705 Romuli,

736 1720 1020 1798 Numae,
1071 1720 1513 1805 Pythagorae,
1564 1719 1886 1798 Platonis,
1937 1742 2059 1785 nec
2112 1743 2190 1785 ea
2238 1721 2467 1798 forma,
2521 1744 2653 1806 qua
2705 1723 2802 1787 illi

736 1812 1034 1879 fuerunt?
1085 1834 1213 1895 quo
1249 1812 1441 1875 modo
1476 1812 1570 1876 illi
1604 1812 1799 1899 ergo?
1851 1823 1918 1879 et
1961 1834 2236 1897 quorum
2269 1814 2622 1900 imagines?
2666 1813 2820 1881 Or-'

737 1906 978 1995 pheum
1010 1911 1268 1991 positam
1311 1906 1499 1971 docet
1531 1906 1914 1973 Aristoteles
1947 1929 2304 1992 numquam
2338 1908 2538 1975 fuisse
2573 1920 2638 1975 et
2673 1908 2801 1976 hoc

741 1999 1102 2089 Orphicum
1164 2021 1422 2065 carmen
1472 2000 1871 2087 Pythagorei
1932 2002 2150 2067 ferunt
2202 2004 2536 2069 cuiusdam
2597 2001 2826 2069 fuisse

742 2091 1079 2179 Cercopisz
1135 2103 1201 2157 at
1236 2091 1573 2181 Orpheus,
1616 2096 1686 2161 id
1723 2107 1820 2162 est
1861 2096 2077 2183 imago
2113 2098 2282 2174 eius,
2326 2108 2400 2163 ut
2434 2120 2551 2163 vos
2585 2098 2798 2175 voltis,

636 2219 715 2261 108
739 2188 806 2252 in
850 2187 1136 2252 animum
1178 2210 1399 2253 meum
1442 2212 1634 2276 saepe
1679 2189 1963 2255 incurrit.
2052 2191 2241 2274 quid,
2295 2190 2469 2275 quod
2511 2192 2800 2259 eiusdem

739 2280 1014 2345 hominis
1047 2281 1116 2345 in
1150 2304 1369 2348 meum
1394 2283 1577 2361 aliae,
1616 2284 1780 2350 aliae
1813 2284 1880 2348 in
1907 2285 2126 2349 tuum?
2160 2284 2339 2369 quid,
2375 2285 2550 2369 quod
2577 2308 2796 2351 earum

739 2398 973 2454 rerum,
1010 2396 1177 2459 quae
1211 2379 1566 2463 numquam
1601 2378 1859 2443 omnino
1893 2378 2156 2446 fuerunt
2187 2401 2400 2465 neque
2437 2402 2575 2446 esse
2609 2391 2800 2465 potu-

741 2480 953 2547 erunt,
998 2481 1074 2535 ut
1110 2470 1396 2557 Scyllae,
1440 2483 1515 2537 ut
1552 2470 1970 2539 Chimaerae?
2013 2473 2200 2559 quid,
2229 2474 2413 2558 ’911οᾱ
2445 2474 2799 2552 11011111111111,

738 2565 1055 2643 locorum,
1100 2566 1357 2631 urbium
1390 2588 1641 2644 earum,
1677 2588 1840 2650 quas
1873 2587 2228 2650 numquam
2265 2566 2578 2632 vidimus?
2617 2566 2801 2651 quid,

741 2660 947 2745 quod,
999 2660 1189 2727 simul
1224 2684 1301 2727 ac
1334 2660 1493 2727 mihi
1538 2661 1891 2726 collibitum
1935 2672 2060 2740 est,
2113 2664 2368 2748 praesto
2403 2673 2503 2727 est
2543 2662 2802 2747 imago?

742 2754 919 2840 quid,
954 2756 1131 2839 quod
1165 2756 1358 2822 etiam
1393 2756 1477 2821 ad
1504 2755 1924 2822 dormientem
1960 2756 2223 2822 veniunt
2257 2756 2630 2823 invocatae?
2662 2766 2804 2821 tota

742 2871 875 2926 res,
919 2849 1160 2928 Vellei,
1210 2849 1553 2935 nugatoria
1596 2860 1723 2927 est3
1777 2871 1893 2914 vos
1937 2862 2153 2915 autem
2195 2872 2328 2915 non
2370 2850 2562 2915 modo
2597 2848 2802 2915 oculis

741 2941 1086 3028 imagines,
1130 2944 1246 3008 sed
1290 2944 1483 3009 etiam
1520 2943 1748 3009 animis
1783 2944 2146 3010 inculcatisz
2199 2953 2379 3009 tanta
2413 2955 2512 3009 est
2543 2943 2802 3031 inpuni-

638 3032 717 3145 ᾖξ’
744 3044 841 3100 tas
895 3037 1236 3121 garriendi.
1325 3047 1392 3102 at
1442 3058 1640 3121 quam
1689 3037 1981 3103 licenter!
2044 3038 2381 3103 fluentium
2429 3038 2803 3121 frequenter

744 3130 1035 3194 transitio
1070 3130 1143 3194 fit
1176 3130 1517 3208 visionum,
1553 3142 1626 3197 ut
1662 3154 1698 3197 e
1733 3132 1949 3196 multis
1983 3153 2116 3195 una
2149 3129 2461 3197 videatur.
2530 3131 2804 3216 puderet

742 3245 847 3289 me
882 3222 1094 3289 dicere
1128 3246 1260 3289 non
1291 3225 1693 3311 intellegere,
1741 3226 1796 3291 si
1839 3248 1954 3291 vos
1997 3226 2122 3312 ipsi
2161 3225 2640 3312 intellegeretis,
2686 3226 2802 3309 qui

742 3318 867 3383 ista
902 3318 1259 3385 defenditis.
1346 3340 1476 3405 quo
1510 3319 1703 3384 modo
1739 3319 1909 3385 enim
1943 3319 2178 3405 probas
2215 3320 2608 3385 continenter
2637 3314 2804 3383 ima-

744 3412 929 3499 gines
964 3413 1156 3479 ferri?
1192 3424 1324 3491 aut,
1360 3415 1416 3478 si
1448 3414 1873 3491 continenter,
1911 3436 2039 3498 quo
2074 3413 2267 3479 modo
2303 3414 2637 3481 aeternae?
2673 3414 2802 3479 ‘in-

656 3563 661 3568 .
745 3504 1251 3574 numerabilitas'
1288 3500 1518 3594 inquis
1537 3508 1934 3595 ‘suppeditat
1950 3508 2347 3573 atomorum?
2398 3531 2555 3572 num
2574 3506 2803 3575 eadem

748 3623 901 3688 ergo
935 3602 1059 3667 ista
1090 3601 1311 3678 faciet,
1363 3612 1439 3665 ut
1482 3602 1608 3666 sint
1652 3601 1866 3666 omnia
1911 3602 2332 3687 sempiterna?
2375 3602 2668 3688 confugis
2710 3601 2801 3665 ad

748 3695 1283 3779 aequilibritatem
1314 3730 1405 3743 —-
1436 3696 1528 3761 sic
1571 3696 1744 3761 enim
1791 3695 2020 3778 ἰσονομ
2028 3700 2162 3772 ίαν,
2209 3695 2264 3759 si
2298 3696 2534 3782 placet,
2580 3695 2804 3781 appel-

748 3790 955 3855 lemus
972 3826 1073 3837 --
1096 3800 1161 3856 et
1193 3789 1307 3867 ais,
1342 3789 1647 3874 quoniam
1683 3790 1766 3853 sit
1799 3800 2028 3855 natura
2060 3790 2365 3866 mortalis,
2399 3790 2799 3858 inmortalem

750 3881 946 3946 etiam
981 3906 1120 3949 esse
1155 3894 1466 3971 oportere.
1554 3884 1677 3947 isto
1710 3884 1936 3961 mod0,
1971 3883 2276 3967 quoniam
2308 3883 2595 3949 homines
2629 3904 2800 3949 mor-

750 3975 911 4041 tales
949 3987 1124 4055 sunt,
1169 3978 1294 4043 sint
1330 3977 1527 4063 aliqui
1558 3978 1950 4055 inmortales,
1987 3988 2080 4056 et,
2117 3977 2418 4063 quoniam
2451 3988 2800 4043 nascuntur

750 4066 819 4133 in
853 4079 1049 4149 terra,
1092 4083 1437 4137 nascantur
1476 4073 1545 4139 in
1590 4092 1778 4157 aqua.
1868 4077 1962 4138 ‘et
2003 4072 2154 4157 quia
2189 4084 2338 4138 sunt
2382 4094 2546 4157 quae
2579 4070 2799 4137 interi-
