3292 4559
960 295 1067 350 DE
1099 293 1627 354 DIVINATIONE
1660 297 1738 354 H.
1776 298 2014 353 17-22,
2391 287 2516 354 175

462 423 777 501 vertisset,
810 422 879 488 in
914 443 991 488 eo
1028 420 1317 487 conclavi
1351 421 1413 487 ei
1449 422 1819 490 cubandum
1853 421 2111 502 fuisset,
2159 421 2335 507 quod
2367 446 2519 510 pro-

462 541 653 584 xuma
684 528 872 584 nocte
909 517 1159 584 conruit
1166 541 1186 596 3
1232 518 1421 584 ruina
1454 517 1655 605 igitur
1689 540 2042 605 oppressus.
2070 528 2258 584 esset.
2346 517 2519 583 auid

461 635 687 698 neque,
723 612 780 677 si
812 612 1020 678 fatum
1054 613 1295 692 fuerat,
1333 612 1697 704 effugisset,
1733 635 1876 691 nec,
1914 612 1970 679 si
2001 635 2132 679 non
2166 611 2412 692 fuerat,
2447 613 2519 677 in

461 731 603 778 cum
637 728 858 772 casum
892 707 1239 773 incidisset.
1329 707 1487 791 quid
1523 717 1680 794 ergo
1717 706 1983 774 adiuvat
2017 706 2368 774 divinatio?
2404 717 2517 772 aut

460 802 613 888 quid
644 813 744 869 est
776 801 966 888 quod·
988 825 1101 868 -me
1135 813 1439 878 moneant
1486 813 1601 868 aut
1647 813 1850 868 sortes
1898 813 2010 868 aut
2044 813 2196 869 exta
2227 812 2343 868 aut
2365 802 2520 868 -una

460 897 846 984 praedictio?
912 896 968 961 si
1022 895 1195 963 enim
1242 896 1452 962 fatum
1513 896 1638 963 fuit
1691 897 1913 963 classis
1964 897 2183 983 populi
2238 895 2519 964 Romani

459 993 625 1060 bello
656 990 917 1062 Punice,
932 992 1178 1079 primo,
1214 991 1483 1060 alteram
1518 992 1884 1080 naufragio,
1921 994 2189 1060 alteram
2216 1015 2256 1058 a
2279 991 2520 1060 Poenis

462 1087 829 1173 depressam
866 1086 1159 1165 interire,
1207 1088 1401 1154 etiam
1437 1089 1489 1154 si
1536 1089 1890 1176 tripudium
1925 1089 2330 1155 solistumum
2361 1088 2520 1176 pulli

460 1181 760 1248 fecissent
796 1179 912 1268 [L.
946 1181 1139 1248 Iunio
1186 1193 1251 1249 et
1284 1183 1364 1248 P.
1405 1181 1635 1250 Clodio
1682 1181 2084 1272 consulibus]
2097 1233 2116 1262 ,
2154 1183 2390 1252 classes
2425 1197 2522 1250 ta-

458 1297 605 1342 men
636 1275 1003 1343 interissent
1010 1301 1030 1354 3
1076 1277 1175 1342 sin
1186 1323 1207 1354 ,
1256 1300 1404 1344 cum
1439 1279 1742 1366 auspiciis
1779 1280 2294 1366 obtemperatum
2329 1290 2516 1356 esset,

459 1368 825 1437 interiturae
852 1371 1089 1438 classes
1107 1393 1237 1437 non
1264 1373 1549 1452 fuerunt,
1574 1395 1706 1440 non
1731 1374 2295 1454 interieruntfato3
2332 1375 2520 1441 voltis

458 1474 672 1530 autem
714 1465 933 1532 omnia
975 1465 1141 1532 fato·
1195 1469 1373 1533 nulla
1422 1469 1623 1554 igitur
1667 1479 1766 1535 est
1817 1468 2146 1536 divinatio.
2238 1470 2416 1554 quod
2466 1469 2524 1535 si
2548 1491 2595 1529 21

458 1559 661 1624 fatum
704 1559 829 1625 fuit
872 1560 1043 1626 bello
1084 1560 1338 1627 Punico
1383 1564 1668 1630 secundo
1715 1563 2068 1630 exercitum
2118 1564 2358 1674 populi
2387 1563 2522 1630 Ro-

458 1654 630 1720 mani
671 1653 757 1718 ad
788 1655 1003 1721 lacum
1036 1655 1511 1722 Trasumenum
1542 1657 1836 1734 interire,
1878 1680 2038 1722 num
2069 1657 2140 1722 id
2173 1657 2364 1723 vitari
2405 1679 2522 1743 po-

457 1748 595 1825 tuit,
633 1748 689 1812 si
706 1741 1065 1814 Flaminius
1093 1751 1369 1816 consul
1350 1751 1429 1815 iis
1457 1749 1659 1836 signis
1689 1751 1900 1834 iisque
1927 1751 2250 1836 auspiciis,
2287 1751 2520 1836 quibus

456 1862 747 1927 pugnare
799 1842 1288 1927 prohibebatur,
1354 1844 1714 1929 paruisset?
1771 1843 1982 1929 [certe
2033 1841 2332 1931 potuit.]
2411 1854 2525 1910 aut

458 1934 656 2022 igitur
688 1956 819 2000 non
853 1935 988 2000 fato
1021 1936 1262 2002 interiit
1296 1937 1613 2003 exercitus
1630 1971 1721 1986 —
1746 1937 1982 2002 mutari
2017 1938 2188 2002 enim
2219 1925 2360 2002 fata
2392 1960 2524 2003 non

458 2042 728 2116 possunt
758 2065 849 2078 --·
867 2041 994 2096 -aut
1044 2030 1103 2096 si
1150 2031 1286 2095 fato
1299 2077 1321 2107 ,
1373 2031 1549 2116 quod
1604 2043 1778 2098 certe
1821 2031 2004 2096 vobis
2048 2032 2140 2097 ita
2182 2031 2524 2098 dicendum

458 2135 589 2202 est,
640 2124 835 2190 etiam
882 2124 938 2189 si
979 2125 1487 2210 obtemperasset
1526 2125 1860 2212 auspiciis,
1915 2125 2091 2191 idem
2143 2135 2524 2192 eventurum

456 2219 703 2284 fuisset.
741 2219 855 2284 ubi
869 2230 968 2286 est
996 2218 1195 2306 igitur
1239 2218 1362 2284 ista
1406 2218 1714 2285 divinatio
1759 2217 2164 2288 Stoicorum?
2216 2241 2414 2304 quae,
2467 2221 2522 2284 si

454 2313 590 2378 fato
624 2313 841 2378 omnia
872 2313 1069 2391 fiunt,
1113 2312 1273 2380 nihil
1319 2335 1439 2380 nos
1475 2313 1820 2382 admonere
1854 2324 2070 2402 potest
2100 2325 2173 2380 ut
2208 2314 2523 2382 cautiores

456 2408 684 2484 simus3
736 2429 999 2492 quoquo
1045 2408 1217 2475 enim
1266 2407 1459 2474 modo
1501 2429 1619 2474 nos
1671 2409 2061 2496 gesserimus
2075 2456 2094 2488 ,
2146 2409 2257 2475 fiet
2309 2419 2525 2476 tamen

454 2501 645 2581 illud,
690 2502 865 2586 quod
900 2501 1190 2570 futurum
1226 2513 1353 2580 est3
1402 2502 1502 2568 sin
1537 2514 1758 2570 autem
1786 2502 1858 2570 id
1899 2513 2110 2590 potest
2143 2502 2342 2581 flecti,
2377 2505 2524 2570 nul-

453 2594 591 2662 lum
607 2607 707 2662 est
732 2597 969 2662 fatum.
952 2621 969 2637 ·
1005 2598 1097 2664 ita
1125 2619 1209 2663 ne
1230 2596 1537 2664 divinatio
1564 2598 1851 2682 quidem,
1883 2598 2191 2682 quoniam
2215 2619 2292 2662 ea
2303 2619 2524 2666 rerum

454 2689 819 2758 futurarum
856 2702 973 2757 est.
1062 2692 1220 2758 nihil
1255 2703 1471 2757 autem
1508 2704 1607 2757 est
1639 2714 1759 2778 pro
1794 2705 1968 2760 certo
2002 2691 2313 2768 futurum,
2349 2692 2523 2777 quod

454 2796 667 2870 potest
703 2786 919 2870 aliqua
952 2787 1402 2872 procuratione
1437 2787 1726 2854 accidere
1758 2810 1842 2854 ne
1876 2788 2010 2855 fiat.

591 2879 813 2962 Atque
859 2901 981 2964 ego
1017 2902 1099 2946 ne
1146 2879 1367 2947 utilem
1405 2880 1668 2965 quidem
1703 2881 1976 2950 arbitror
2011 2905 2160 2948 esse
2185 2881 2371 2948 nobis
2417 2869 2591 2946 fu-9

456 2984 751 3038 turarum
785 2994 1003 3038 rerum
1030 2972 1381 3040 scientiam.
1436 2995 1603 3059 quae
1632 2976 1803 3041 enim
1829 2977 1964 3042 vita
1995 2977 2222 3044 fuisset
2237 2975 2522 3055 PriamO,

456 3066 517 3130 si
569 3064 654 3130 ab
700 3065 1134 3132 adulescentia
1178 3067 1403 3134 scisset
1446 3089 1610 3152 quos
1658 3081 1923 3136 eventus
1969 3072 2311 3140 senectutis
2357 3083 2526 3140 esset

456 3159 838 3226 habiturus?
875 3159 1179 3227 abeamus
1208 3185 1247 3227 a
1275 3161 1533 3241 fabulis,
1568 3165 1871 3274 propiora
1897 3165 2250 3233 videamus.
2307 3167 2526 3233 claris-

456 3254 769 3321 simorum
804 3254 1137 3320 hominum
1172 3267 1427 3323 nostrae
1464 3258 1738 3324 civitatis
1773 3259 2185 3346 gravissimos
2214 3261 2422 3327 exitus
2456 3260 2525 3324 in

457 3345 918 3416 Consolatione
980 3351 1394 3436 conlegimus.
1503 3352 1662 3436 quid
1721 3353 1958 3440 igitur?
2020 3366 2094 3420 ut
2154 3354 2524 3420 omittamus

455 3443 850 3530 superiores,
884 3443 1198 3512 Marcone
1236 3442 1475 3514 Crasso
1511 3457 1702 3533 putas
1737 3449 1896 3514 utile
1930 3448 2160 3525 fuisse,
2198 3459 2340 3511 tum
2375 3467 2526 3512 cum

453 3537 782 3606 maxumis
810 3536 1041 3624 opibus
1080 3539 1483 3626 fortunisque
1517 3541 1806 3618 florebat,
1842 3541 2004 3607 scire
2035 3541 2159 3606 sibi
2189 3539 2524 3606 interfecto

453 3631 699 3699 Publio
756 3632 888 3699 filio
945 3633 1359 3720 exercituque
1423 3635 1631 3702 deleto
1694 3647 1870 3701 trans
1923 3633 2327 3722 Euphratem
2378 3655 2528 3700 cum

454 3728 817 3814 ignominia
867 3739 934 3794 et
986 3727 1303 3797 dedecore
1348 3752 1488 3796 esse
1539 3730 1979 3817 pereundum?
2031 3753 2116 3796 an
2160 3726 2283 3795 Cn.
2326 3727 2528 3794 Pom-

453 3823 682 3908 peium
716 3845 937 3892 censes
981 3825 1187 3891 tribus
1224 3825 1357 3892 suis
1395 3824 1863 3904 consulatibus,
1916 3826 2120 3892 tribus
2165 3823 2525 3911 triumphis,

452 3917 888 3984 maximarum
928 3941 1145 3986 rerum
1190 3920 1398 4006 gloria
1429 3921 1819 3987 laetaturum
1864 3920 2093 3998 fuisse,
2140 3920 2198 3986 si
2230 3919 2424 3986 sciret
2456 3940 2526 3985 se

452 4011 531 4074 in
567 4011 909 4078 solitudine
927 4012 1404 4100 Aegyptiorum
1435 4014 1827 4084 trucidatum
1852 4015 1931 4080 iri
1959 4015 2192 4080 amisso
2221 4013 2525 4091 exercitu,

452 4116 611 4192 post
645 4117 913 4172 mortem
947 4130 1101 4174 vero
1129 4131 1206 4175 ea
1233 4122 1675 4188 consecutura,
1711 4129 1879 4194 quae
1907 4109 2044 4177 sine
2079 4108 2355 4176 lacrimis
2391 4132 2524 4176 non
