3292 4559
1054 303 1137 364 {¹2⁴2
1675 310 1754 365 M.
1791 309 2064 366 TULLII
2099 306 2501 366 CICERONIS

1053 436 1364 501 desidero.
1421 435 1701 499 abuteris
1738 434 1820 498 ad
1855 432 2068 498 omnia
2103 442 2457 497 atomorum
2492 452 2691 518 regno
2726 442 2792 497 ct
2824 431 3114 511 licentia3

1053 535 1230 607 hinc,
1286 530 1736 615 quodcumque
1778 528 1848 608 in
1891 527 2099 592 solum
2152 527 2359 603 venit,
2416 536 2489 590 ut
2541 526 2799 603 dicitur,
2856 508 3116 614 effingis

1054 646 1245 711 atque
1281 625 1505 692 efficis.
1595 646 1760 709 quae
1802 623 2081 709 primum
2125 622 2340 687 nullae
2377 633 2555 700 sunt;
2607 622 2765 688 nihil
2800 635 2898 688 est
2940 623 3117 689 enim

1049 739 1089 775 ’τ’
1109 739 1145 772 ÷÷
1185 720 1357 804 quod
1392 730 1577 785 vacet
1611 740 1903 805 corpore3
1942 716 2314 804 corporibus
2350 726 2567 785 autem
2604 717 2810 782 omnis
2857 716 3119 783 obside·-

1057 835 1157 879 tur
1193 815 1398 892 locus;
1435 815 1526 879 ita
1557 813 1806 879 nullum
1840 812 2052 888 inane,
2087 810 2246 875 nihil
2274 832 2413 876 esse
2448 810 2854 876 individuum
2880 823 3116 897 potest.

949 907 1021 991 Ξξῑὶ
1057 911 1214 975 haec
1249 931 1370 995 ego
1405 931 1577 973 nunc
1611 907 2029 994 physicorum
2066 904 2326 970 oracula
2361 904 2596 983 fundo,
2640 927 2795 971 vera
2830 928 2914 971 an
2948 905 3116 971 falsa

961 984 1013 1015 Μ]
1057 1005 1288 1081 nese-ic,
1324 1003 1437 1069 sed
1472 1003 1608 1068 veri
1643 1015 1860 1067 tamen
1896 1000 2199 1065 similiora
2233 1020 2430 1083 quam
2463 1009 2696 1066 vestra.
2782 998 2907 1065 ista
2941 1001 3115 1067 enim

1053 1098 1292 1183 flagitia
1326 1097 1683 1164 Democriti
1720 1096 1855 1163 sive
1893 1096 2085 1161 etiam
2121 1104 2267 1160 ante
2301 1093 2641 1181 Leucippi,
2678 1117 2817 1162 esse
2853 1117 3122 1183 corpus-

1053 1195 1197 1259 cula
1241 1193 1562 1277 quaedam
1606 1191 1808 1268 levia,
1862 1190 1987 1255 alia
2030 1211 2286 1275 aspera,
2338 1189 2621 1255 rutunda
2673 1190 2825 1266 alia,
2878 1190 3116 1276 partim

1053 1299 1268 1351 autem
1313 1286 1650 1373 angulata,
1700 1284 1959 1349 hamata
2003 1283 2323 1368 quaedam
2358 1293 2425 1349 et
2467 1283 2651 1368 quasi
2695 1284 2975 1361 adunca,
3032 1306 3116 1350 ex

1053 1381 1153 1443 his
1209 1379 1508 1447 effectum
1564 1402 1706 1445 esse
1758 1378 2005 1444 caelum
2065 1388 2258 1462 atque
2318 1388 2554 1444 terram
2606 1377 2783 1443 nulla
2845 1390 3116 1464 cogente

1057 1487 1312 1551 natura,
1367 1474 1481 1541 sed
1529 1496 1844 1540 concursu
1889 1472 2168 1559 quodam
2203 1472 2497 1551 fortuito,
2550 1472 2720 1538 hanc
2764 1485 2836 1539 tu
2870 1474 3117 1559 opinio-

1054 1595 1224 1647 nem,
1261 1566 1341 1635 O.
1362 1568 1592 1646 Vellei,
1627 1587 1831 1654 usque
1866 1568 1950 1634 ad
1982 1568 2149 1634 hanc
2185 1578 2458 1634 aetatem
2492 1567 2869 1655 perduxisti,
2905 1568 3116 1654 prius-

1057 1687 1181 1747 que
1215 1673 1280 1727 te
1315 1662 1461 1747 quis
1497 1663 1577 1729 de
1614 1662 1786 1728 omni
1820 1662 1989 1728 vitae
2026 1672 2198 1728 statu
2232 1683 2430 1746 quam
2467 1661 2548 1727 de
2581 1661 2705 1728 ista
2738 1663 3115 1730 auctoritate

1061 1755 1376 1823 [lfliecerit.
1463 1768 1610 1823 ante
1657 1757 1825 1822 enim
1869 1756 2167 1822 iudicasti
2202 1755 2597 1842 Epicureum
2639 1767 2706 1822 te
2753 1779 2893 1823 esse
2929 1779 3115 1845 opor-

1057 1867 1189 1915 tere
1243 1873 1436 1936 quam
1497 1851 1621 1916 ista
1684 1852 2069 1938 cognovisti:
2134 1851 2228 1916 ita
2278 1872 2541 1919 necesse
2602 1850 2727 1915 fuit
2791 1863 2905 1917 aut
2955 1851 3113 1918 haec

1053 1944 1296 2031 flagitia
1340 1946 1675 2031 concipere
1719 1946 1933 2011 animo
1980 1956 2093 2010 aut
2137 1956 2474 2030 susceptae
2519 1943 2958 2032 philosophiae
3000 1967 3115 2011 no-

961 2063 1009 2100 m
1057 2063 1201 2103 men
1228 2041 1557 2105 amittere.
1657 2041 1815 2124 quid
1870 2040 2042 2106 enim
2104 2062 2385 2118 mereas,
2440 2050 2513 2104 ut
2563 2037 2923 2125 Epicureus
2976 2063 3114 2106 esse

1057 2134 1346 2197 desinas?
1383 2133 1571 2198 ‘nihil
1599 2134 1940 2217 equidem,’
1976 2134 2192 2218 inquis
2229 2139 2334 2198 ‘ut
2357 2133 2667 2198 rationem
2694 2133 2863 2199 vitae
2887 2134 3114 2200 beatae

1057 2227 1517 2309 veritatemque
1554 2228 1889 2293 deseram?
1978 2228 2103 2293 ista
2152 2228 2349 2313 igitur
2383 2238 2480 2293 est
2512 2227 2787 2293 veritas?
2836 2252 2989 2294 nam
3035 2229 3134 2295 de-

1059 2323 1193 2383 vita
1224 2320 1416 2385 beata
1448 2319 1606 2384 nihil
1642 2343 1955 2407 repugno,
1998 2342 2192 2405 quam
2226 2331 2299 2387 tu
2323 2344 2405 2387 ne
2439 2321 2509 2387 in
2542 2324 2663 2388 deo
2689 2322 2950 2407 quidem
2976 2346 3115 2390 esse

1061 2437 1301 2491 censes,
1336 2415 1460 2479 nisi
1492 2416 1685 2501 plane
1720 2417 1850 2481 otio
1885 2417 2207 2503 langueat.
2295 2417 2410 2484 sed
2442 2417 2558 2482 ubi
2592 2429 2691 2483 est
2723 2418 2996 2484 veritas?
3047 2420 3116 2484 in

1061 2508 1312 2573 mundis
1323 2556 1342 2587 ,
1390 2509 1609 2587 credo,
1664 2510 2259 2590 innumerabilibus,
2312 2512 2609 2578 omnibus
2642 2512 2921 2577 minimis
2956 2524 3116 2579 tem-

1061 2627 1286 2687 porum
1319 2604 1575 2690 punctis
1611 2604 1753 2669 aliis
1787 2605 2226 2683 nascentibus,
2273 2607 2414 2672 aliis
2448 2605 2843 2672 cadentibus.
2931 2630 3016 2673 an
3047 2606 3116 2672 in

1058 2697 1400 2763 individuis
1447 2699 1842 2785 corpusculis
1888 2710 2019 2765 tam
2063 2702 2392 2785 praeclara
2434 2722 2629 2786 opera
2674 2702 2853 2767 nulla
2896 2702 3119 2767 mode-

1057 2807 1236 2859 rante
1304 2804 1567 2869 natura,
1629 2793 1808 2860 nulla
1876 2795 2150 2872 ratione,
2211 2796 2642 2881 fingentibus?
2711 2795 2827 2861 sed
2880 2795 3114 2861 oblitus

1057 2886 1456 2952 liberalitatis
1502 2910 1714 2965 meae,
1768 2909 1896 2972 qua
1940 2900 2153 2956 tecum
2196 2889 2390 2975 paulo
2426 2900 2573 2955 ante
2616 2890 2714 2956 uti
2758 2911 3115 2976 coeperam,

1059 2983 1246 3067 plura
1281 2981 1665 3067 conplector.
1714 2983 2060 3050 concedam
2093 2983 2292 3070 igitur
2327 3006 2408 3049 ex
2442 2984 2788 3050 individuis
2825 2997 3115 3050 constare

1061 3075 1291 3139 munia.
1391 3076 1547 3159 quid
1599 3077 1684 3141 ad
1734 3079 1909 3145 rem?
1961 3079 2230 3145 deorum
2282 3078 2451 3145 enim
2493 3091 2724 3145 natura
2769 3078 3117 3164 quaeritur.

969 3199 1017 3235 cs
1065 3175 1189 3235 sint
1234 3195 1386 3239 sane
1433 3196 1513 3238 ex
1555 3175 1811 3241 atomis:
1864 3197 1996 3242 non
2038 3176 2249 3262 igitur·
2282 3175 2521 3241 aeterni
2532 3200 2551 3253 ;
2608 3176 2782 3260 quod
2829 3175 2998 3241 enim
3034 3197 3116 3241 ex

1062 3267 1321 3345 atomiS,
1355 3268 1423 3332 id
1457 3281 1679 3335 nat-um
1714 3270 2058 3356 aliquando
2094 3281 2218 3337 est:
2263 3271 2316 3335 si
2350 3281 2601 3349 natum,
2635 3270 2796 3335 nulli
2829 3270 2935 3336 dei
2969 3281 3118 3335 ante

1065 3386 1257 3447 quam
1291 3364 1452 3441 nati,
1507 3377 1570 3432 et
1605 3367 1659 3431 si
1695 3377 1871 3431 ortus
1906 3377 2004 3432 est
2038 3366 2335 3441 deorum,
2387 3366 2677 3432 interitus
2725 3366 2807 3433 sit
2853 3386 3117 3432 necesse

1062 3471 1177 3535 est,
1212 3468 1287 3522 ut
1321 3469 1392 3524 tu
1425 3462 1616 3545 paulo
1654 3474 1801 3527 ante
1839 3462 1918 3527 de
1954 3461 2244 3527 Platonis
2279 3460 2520 3525 mundo
2557 3460 2947 3546 disputabas.
3002 3460 3120 3524 ubi

1061 3555 1257 3639 igitur
1289 3553 1447 3619 illud
1480 3567 1767 3621 vestrum
1800 3555 2064 3621 beatum
2098 3566 2161 3620 et
2196 3565 2555 3632 aeternum,
2588 3554 2823 3639 quibus
2860 3554 3118 3619 duobus

1065 3647 1271 3713 rei-bis
1307 3648 1682 3737 significatis
1719 3649 1949 3715 deum?
1985 3649 2156 3731 quod
2184 3670 2330 3713 cum
2360 3648 2612 3715 efficere
2637 3649 2854 3724 voltis,
2892 3650 2960 3713 in
2997 3647 3119 3712 du-

1062 3755 1230 3807 meta
1257 3744 1628 3830 conrepitis3
1665 3743 1758 3807 ita
1784 3743 1954 3808 enim
1982 3743 2261 3820 dicebas,
2297 3765 2428 3808 non
2456 3764 2685 3829 corpus
2719 3765 2859 3808 esse
2883 3742 2953 3807 in
2972 3742 3116 3819 dee,

1001 3915 1021 3924 -
1065 3839 1173 3899 sed
1197 3839 1376 3922 quasi
1394 3861 1647 3924 corpus,
1667 3858 1787 3902 nec
1808 3837 2205 3923 sanguinem,
2227 3836 2341 3902 sed
2366 3848 2695 3920 tamquam
2714 3836 3117 3924 sanguinem.

961 3915 1027 4024 {j}
1062 3931 1181 3995 hoc
1209 3954 1517 4017 persaepe
1543 3930 1773 4007 facitis,
1803 3942 1894 4009 ut,
1916 3954 2062 3996 cum
2090 3931 2330 4015 aliquid
2355 3952 2485 3996 non
2502 3931 2636 3997 veri
2665 3932 2869 3997 simile
2888 3931 3119 3997 dicatis

1065 4040 1124 4088 et.
1157 4024 1441 4108 effugere
1470 4022 2025 4107 reprehensionem
2052 4025 2281 4103 velitis,
2319 4024 2621 4093 adferatis
2644 4024 2904 4107 aliquid,
2942 4024 3125 4107 quod

1069 4119 1325 4183 omnino
1343 4139 1425 4182 ne
1453 4116 1592 4182 fieri
1611 4117 1869 4199 quidem
1897 4118 2118 4203 possit,
2155 4130 2228 4185 ut
2248 4120 2444 4185 satius
2474 4118 2666 4183 fuerit
2691 4117 2852 4182 illud
2878 4118 3125 4202 ipsum,
