3292 4559
738 1126 807 1182 12

853 224 973 288 142
1469 236 1545 288 Μ,
1581 232 1854 292 TULLH
1890 232 2286 288 [uenustus

843 382 1084 436 meam,
1120 379 1249 442 qua
1283 380 1387 423 me
1422 356 1489 422 in
1524 367 1738 422 vestro
1775 366 1919 422 ortu
1953 379 2144 422 usum
2179 378 2315 422 esse
2348 353 2711 420 meministis.
2773 356 2823 420 in

840 453 1074 543 quibus
1137 453 1253 537 qui
1312 451 1473 517 tales
1534 452 1947 528 creabuntur,
2011 461 2083 515 ut
2152 451 2413 516 deorum
2461 449 2823 513 inmortalium

843 547 1027 632 quasi
1077 545 1347 632 gentiles
1402 568 1542 610 esse
1586 545 1890 621 debeant,
1945 543 2143 610 divini
2193 543 2443 630 generis
2491 542 2824 628 appellentur

840 651 1225 726 teneantque
1277 640 1560 704 omnium
1622 639 2041 704 animantium
2107 638 2528 724 principatum
2574 636 2825 719 vobisque
2907 700 2911 710 Σ

839 736 978 800 iure
1021 745 1090 801 et
1130 737 1276 821 lege
1312 735 1595 800 volentes
1630 743 1925 818 pareant3
1981 754 2252 817 quorum
2286 730 2468 796 vobis
2502 730 2725 795 initium
2753 752 2826 793 sa·
2906 719 2910 764 Γ

840 840 1071 914 tueque
1104 829 1392 894 tradetur
1425 851 1465 892 a
1495 847 1621 905 me,
1658 848 1772 892 vos
1810 838 2025 892 autem
2059 827 2145 892 ad
2176 825 2263 902 id,
2301 824 2474 910 quod
2508 824 2618 890 erit
2641 824 2828 887 inmor-

840 924 993 1002 tale„
1024 933 1272 1010 partem
1306 922 1638 988 attexitote
1673 921 2034 993 mortalem:
2072 921 2163 986 ita
2196 921 2481 986 orientur
2513 918 2826 990 animantes,

841 1038 1001 1101 quos
1037 1022 1101 1082 et
1135 1018 1315 1081 vivos
1352 1016 1536 1080 alatis
1568 1025 1639 1082 et
1673 1023 2081 1100 consumptos
2115 1013 2262 1078 sinu
2295 1011 2644 1099 recipiatis!

968 1112 1153 1176 Haec
1194 1110 1302 1174 ille
1348 1109 1527 1174 dixit.
1615 1108 1848 1174 deinde
1902 1108 1987 1173 ad
2040 1106 2557 1194 temperationem
2600 1103 2823 1190 superio-

839 1227 975 1270 rem
1018 1204 1305 1279 revertit,
1350 1203 1419 1267 in
1462 1225 1593 1286 qua
1636 1225 1893 1268 omnem
1938 1203 2225 1268 animum
2259 1200 2586 1266 universae
2613 1209 2822 1263 naturae

839 1310 1199 1390 temperans
1251 1296 1677 1382 permiscebat
1730 1296 2201 1384 superiorisque
2261 1295 2678 1382 permixtionis
2717 1291 2824 1356 reli-

837 1393 1021 1476 quias
1064 1391 1339 1457 fundens
1383 1393 1735 1476 aequabat,
1783 1392 2009 1457 eodem
2050 1391 2243 1456 modo
2276 1391 2510 1466 ferme,
2554 1387 2667 1454 nisi
2695 1383 2824 1469 quod

836 1507 967 1550 non
1000 1486 1092 1550 ita
1123 1485 1522 1571 incorrupta,
1557 1496 1631 1551 ut
1663 1509 1772 1562 ea,
1807 1507 1977 1570 quae
2013 1507 2264 1570 semper
2297 1484 2498 1561 idem,
2542 1482 2648 1547 sed
2676 1480 2743 1544 ab
2769 1477 2824 1540 iis
2916 1523 2917 1527 ,

838 1579 1190 1644 seeundum
1251 1580 1546 1646 sumebat
1608 1590 1802 1663 atque
1862 1580 2058 1645 etiam
2121 1579 2400 1644 tertium.
2503 1586 2626 1641 toto
2677 1573 2825 1659 igitur

837 1674 1011 1738 omni
1046 1674 1389 1740 constituto
1427 1673 1742 1740 sideribus
1775 1695 2000 1759 parem
2031 1695 2375 1740 numerum
2410 1668 2702 1736 distribuit
2725 1664 2824 1730 ani-

836 1785 1089 1832 morum
1128 1780 1197 1834 et
1238 1769 1523 1854 singulos
1568 1767 1860 1832 adiunxit
1903 1767 1986 1832 ad
2030 1767 2287 1852 singula
2336 1777 2524 1849 atque
2565 1763 2646 1827 ita
2684 1755 2822 1843 quasi

836 1863 903 1927 in
945 1885 1202 1928 currum
1244 1862 1674 1928 universitatis
1707 1860 1991 1947 inposuit
2035 1860 2663 1941 commonstravitque
2690 1856 2822 1937 leges

834 1957 1047 2021 fatalis
1098 1979 1176 2021 ac
1224 1957 1614 2023 necessa-rias
1652 1967 1732 2022 >et
1783 1955 2059 2020 ostendit
2108 1954 2392 2040 primum
2437 1963 2632 2018 ortum
2670 1967 2822 2012 unum

834 2050 974 2116 fore
1017 2051 1313 2116 omnibus
1358 2072 1633 2134 eumque
1679 2049 2078 2114 moderatum
2112 2059 2307 2131 atque
2347 2055 2709 2114 constantem
2733 2059 2821 2103 nec

835 2145 919 2208 ab
962 2145 1092 2208 ullo
1140 2144 1524 2209 inminutum
1537 2192 1557 2221 ‚
1604 2144 1757 2208 satis
1803 2153 2018 2208 autem
2060 2153 2126 2208 et
2170 2143 2360 2225 qua-si
2395 2140 2616 2228 sparsis
2646 2131 2820 2201 animis

835 2238 971 2304 fore
1007 2240 1102 2304 uti
1127 2239 1319 2304 certis
1348 2249 1708 2323 temporum
1734 2237 2080 2304 intervallis
2109 2248 2402 2302 oreretur
2426 2233 2660 2309 animal,
2689 2223 2820 2312 quod

836 2342 1004 2397 esset
1046 2333 1131 2396 ad
1180 2331 1424 2396 cultum
1472 2331 1743 2396 deornm
1793 2331 2210 2417 aptissimum.
2299 2329 2418 2396 sed
2461 2350 2598 2394 cum
2637 2320 2819 2406 duplex

834 2434 1003 2490 esset
1036 2436 1264 2488 natura
1298 2425 1551 2510 generis
1585 2425 1870 2504 humani,
1907 2425 1998 2490 sic
2034 2448 2104 2491 se
2137 2417 2240 2490 res
2270 2424 2565 2496 habebat,
2597 2428 2661 2483 ut
2680 2433 2817 2501 prae·

834 2516 1103 2581 stantius
1137 2540 1342 2603 genus
1380 2528 1548 2583 esset
1582 2539 1804 2582 eorum
1818 2565 1836 2594 ,
1881 2518 1994 2603 qui
2031 2528 2243 2584 essent
2276 2517 2480 2582 futuri
2512 2514 2637 2579 viri.
2710 2525 2818 2572 oum

832 2621 1049 2676 autem
1090 2611 1334 2676 animos
1376 2611 1752 2696 corporibus
1798 2612 2178 2678 necessitate
2232 2611 2564 2678 insevisset
2601 2617 2819 2682 cumque

831 2706 916 2770 ad
952 2726 1216 2791 corpora
1249 2716 1387 2770 tum
1422 2706 1700 2772 accessio
1735 2705 1914 2771 fieret
1926 2751 1946 2783 ‚
1995 2718 2135 2770 tum
2180 2705 2530 2780 abscessiO,
2568 2691 2820 2786 principio

829 2821 1091 2866 necesse
1137 2809 1274 2866 erat
1318 2822 1575 2865 sensum
1610 2800 1912 2866 exsistere
1947 2822 2148 2864 unum
2183 2814 2687 2878 communemque
2714 2807 2818 2852 om-

828 2896 1011 2960 nium
1052 2894 1525 2961 vehementiore
1568 2906 1749 2960 motu
1797 2895 2146 2960 excitatum
2191 2894 2697 2972 coniunctumque
2731 2902 2817 2946 na-

830 3000 1041 3065 turae,
1104 2988 1333 3055 deinde
1397 2990 1724 3074 voluptate
1786 2999 1850 3054 et
1913 2982 2206 3053 molestia
2255 2987 2522 3052 mixtum
2571 2994 2814 3048 amorem,

828 3093 975 3167 post
1024 3083 1208 3161 iram¹
1240 3095 1304 3148 et
1354 3095 1597 3149 metum
1650 3092 1716 3150 et
1759 3082 2038 3166 reliquos
2084 3092 2298 3148 motus
2341 3079 2556 3153 animi,
2606 3069 2814 3169 comitet}

825 3175 1229 3258 superiorum
1276 3186 1341 3241 et
1381 3175 1483 3242 his
1525 3176 1720 3247 etiam
1766 3176 2076 3243 contrarie
2121 3175 2508 3243 dissidentis:
2554 3188 2696 3253 quos
2731 3179 2814 3266 <131¹

826 3268 1071 3334 ratione
1106 3269 1370 3348 rexerit,
1413 3271 1580 3335 iuste
1625 3269 1882 3346 vixerit,
1929 3269 2041 3353 qui
2072 3280 2293 3334 autem
2325 3268 2403 3333 iis
2439 3289 2505 3332 se
2538 3257 2812 3328 dediderit,

827 3363 1079 3427 iniuste.
1170 3373 1362 3447 atque
1404 3363 1511 3428 ille
1524 3410 1545 3439 ,
1588 3363 1702 3446 qui
1744 3373 1916 3430 recte
1962 3373 2157 3448 atque
2189 3362 2457 3428 honeste
2488 3348 2813 3424 curriculum

828 3457 1087 3521 vivendi
1122 3481 1162 3521 a
1195 3468 1425 3522 natura
1458 3456 1681 3521 datum
1717 3457 2080 3534 confecerit,
2116 3456 2201 3521 ad
2234 3455 2398 3520 illud
2424 3463 2660 3522 astrum,
2685 3457 2814 3524 ‘1¹³⁰‘

827 3573 976 3615 cum
1020 3561 1209 3636 aptus
1257 3551 1478 3628 fuerit,
1521 3561 1904 3629 revertetur3
1958 3551 2070 3636 qui
2109 3561 2329 3616 autem
2379 3544 2724 3614 inmoderate
2758 3537 2813 3594 et

826 3645 1243 3729 intemperate
1281 3644 1537 3722 vixerit,
1578 3668 1729 3711 eum
1764 3638 2080 3711 secundus
2118 3654 2294 3710 ortus
2329 3644 2395 3708 in
2426 3643 2675 3727 figuram
2700 3645 2813 3692 mu·

825 3738 1090 3803 liebrem
1124 3738 1493 3814 transferet,
1540 3749 1630 3816 et,
1680 3739 1735 3804 si
1769 3762 1850 3806 ne
1886 3750 2025 3804 tum
2059 3739 2319 3823 quidem
2353 3739 2539 3802 finem
2569 3725 2812 3795 vitiorum

824 3832 1049 3910 faciet,
1098 3833 1359 3918 gravius
1396 3833 1586 3898 etiam
1619 3833 1961 3900 iactabitur
1995 3844 2060 3898 et
2092 3834 2161 3899 in
2195 3832 2328 3898 suis
2363 3828 2626 3896 moribus
2656 3810 2813 3883 simil-

825 3926 1009 3990 limas
1070 3927 1309 4011 figuras
1372 3927 1694 4011 pecudum
1753 3938 1818 3994 et
1867 3929 2150 3994 ferarum
2201 3925 2601 3992 transferetur
2643 3923 2809 3990 neque

826 4020 1165 4084 terminum
1209 4021 1523 4088 malorum
1568 4021 1744 4108 prius
1782 4022 2042 4108 aspiciet
2077 4041 2272 4106 quam
2304 4019 2472 4086 illam
2507 4007 2670 4096 sequi
2699 4019 2811 4069 009‘
