3292 4559
644 329 656 334 ,
696 262 1139 334 PARADOXA
1158 260 1617 320 ⁴&romonum
1652 263 1702 334 ι,
1739 263 1963 321 11-15,
1999 263 2078 334 11,
2115 238 2344 320 16-'1-1.
2445 253 2578 322 119

490 389 737 468 didam,
773 409 988 456 rerum
1026 385 1313 452 omnium
1348 396 1579 451 natura
1615 385 1864 453 dederit
1900 385 2214 464 animum,
2250 409 2378 472 quo
2411 389 2572 456 nihil

492 497 599 553 est
628 482 1060 572 praestantius
1092 489 1305 566 neque
1342 480 1647 558 divinius,
1697 482 1788 546 sie
1821 491 1888 548 te
1927 481 2068 568 ipse
2103 482 2342 550 abicies
2377 495 2570 570 atque

491 593 887 668 prosternes,
922 587 998 643 ut
1026 575 1187 642 nihil
1221 577 1387 642 inter
1420 588 1485 642 te
1520 587 1715 660 atque
1757 576 1925 642 inter
1959 577 2420 666 quadripedem
2453 581 2570 646 ali-

494 698 699 761 quam
738 683 931 759 putes
968 671 1317 737 interesse?
1382 670 1732 756 quicquam
1782 669 2023 736 bonum
2060 684 2185 749 est,
2229 673 2404 758 quod
2437 697 2570 741 non

494 791 679 846 eum,
716 766 833 852 qni
864 765 934 832 id
966 765 1285 852 possidet,
1319 765 1648 832 meliorem
1681 763 1878 831 feeit?
1945 775 2022 829 ut
2053 766 2226 832 enim
2261 779 2358 834 est
2389 769 2568 853 qnis-
2603 794 2654 835 ιε

495 887 627 950 que
678 862 961 928 maxime
1011 860 1167 927 boni
1210 861 1563 946 particeps,
1604 860 1698 925 ita
1741 871 1840 926 est
1880 859 2222 926 laudabilis
2264 864 2566 943 maxime,

494 954 2024 1136 ffisssse²⁸ssoeussffi1ffi¹ssssa³⁹⁹qffidquaigff{22
2061 954 2568 1118 ‘isssssshssb‘ffii

496 1145 783 1233 lupttte?
832 1144 1247 1210 melioremne
1281 1143 1479 1210 efficit
1512 1154 1627 1208 aut
1659 1143 2148 1210 laudabiliorem
2182 1145 2428 1212 virum?
2480 1169 2566 1212 an

498 1241 841 1326 quisquam
872 1239 941 1304 in
974 1238 1292 1324 potiendis
1328 1238 1770 1324 voluptatibus
1803 1238 2138 1324 gloriando
2175 1261 2244 1304 se
2279 1250 2346 1306 et
2377 1262 2566 1327 prae·-

499 1333 817 1402 dieatione
852 1332 1093 1399 ecfert?
1136 1334 1313 1418 atqui
1348 1333 1405 1398 si
1438 1335 1758 1420 voluptas,
1795 1355 1962 1416 qnae
1996 1333 2418 1419 plurimorum
2448 1355 2566 1421 pa.-

496 1428 783 1494 troeiniis
844 1427 1239 1505 defenditur,
1300 1426 1371 1492 in
1420 1427 1613 1496 rebus
1671 1427 1858 1492 bonis
1916 1427 2212 1494 habenda
2261 1451 2394 1496 non
2445 1440 2562 1508 est,

498 1545 712 1608 eaque
750 1545 882 1607 quo
927 1534 1027 1591 est
1066 1522 1299 1600 maior,
1341 1543 1421 1588 eo
1466 1523 1675 1608 magis
1719 1532 2004 1590 mentem
2045 1545 2127 1588 ex
2161 1546 2280 1590 sua
2313 1525 2464 1592 sede
2499 1536 2566 1590 et

498 1629 673 1686 statu
724 1619 1053 1695 demovet,
1106 1618 1399 1705 profecto
1450 1619 1611 1684 nihil
1665 1629 1764 1684 est
1813 1617 1995 1683 aliud
2043 1617 2210 1685 bene
2259 1629 2326 1685 et
2375 1619 2564 1686 beate

498 1714 717 1780 vivere
749 1713 875 1778 nisi
906 1712 1173 1780 honeste
1208 1724 1275 1778 et
1292 1723 1481 1780 reete
1514 1712 1752 1778 vivere.

1156 1939 1784 1997 PARADOXON
1831 1939 1909 1996 Π.

701 2059 835 2132 ‘'Ou
871 2060 1197 2150 αὐτάρκης
1231 2060 1269 2150 ἡ
1312 2059 1508 2151 ἀρετὴ
1546 2059 1721 2148 πρὸς
1757 2059 2202 2147 εὐδαιμονίαν.

687 2156 827 2244 ἚΙη
886 2180 1015 2243 quo
1066 2160 1267 2236 virtus
1315 2158 1426 2236 sit,
1490 2157 1550 2224 ei
1600 2157 1760 2222 nihil
1816 2157 2038 2224 deesse
2089 2156 2174 2224 ad
2229 2157 2414 2224 beate
2469 2159 2564 2223 vi·-

582 2251 919 2340 vendum.]

626 2371 772 2440 Nee
810 2394 963 2439 vero
1008 2394 1131 2459 ego
1172 2372 1274 2438 M.
1320 2372 1647 2458 Regulum
1694 2392 2146 2438 aerumnosum
2189 2392 2311 2437 nee
2353 2371 2565 2438 infeli-
2597 2397 2648 2438 ιε

500 2489 643 2535 eem
672 2489 797 2534 nee
828 2467 1135 2534 miserum
1168 2487 1477 2551 umquam
1512 2467 1768 2554 putavi3
1811 2467 2150 2532 non-enim
2183 2467 2560 2552 magnitudo

498 2562 699 2628 animi
732 2562 1137 2630 cruciabamr
1171 2562 1311 2626 eius
1344 2585 1387 2626 a.
1417 2561 1680 2638 Poenis,
1715 2582 1848 2626 non
1881 2560 2185 2648 gravitas,
2221 2582 2354 2626 non
2378 2561 2558 2636 fides,

496 2679 631 2722 non
682 2656 1069 2733 constantia,
1131 2663 1262 2720 non
1314 2655 1448 2720 ulla
1499 2655 1731 2732 virtus,
1793 2678 1926 2722 non
1979 2655 2256 2739 denique
2307 2656 2559 2720 animus

496 2753 666 2838 ipse,
702 2752 817 2836 qui
848 2761 945 2816 tot
978 2750 1290 2816 virtutum
1323 2750 1644 2836 praesidio
1681 2761 1989 2835 tantoque
2025 2750 2362 2826 comitatu,
2409 2771 2559 2813 eum

500 2866 731 2931 eorpus
782 2845 919 2912 eius
974 2853 1337 2931 caperetur,
1391 2843 1537 2929 capi
1591 2853 1763 2908 eerte
1805 2843 1947 2930 ipse
1989 2864 2119 2908 non
2161 2841 2388 2927 potuit.
2478 2837 2556 2904 C.

500 2961 651 3004 vero
686 2938 976 3004 Marium
1020 2938 1327 3015 vidimus,
1370 2936 1485 3020 qui
1519 2935 1679 3000 mihi
1713 2935 2012 3002 secundis
2045 2935 2238 3000 rebus
2271 2955 2440 2999 unus
2477 2957 2558 2999 ex

497 3032 837 3098 fortunatis
901 3031 1298 3108 hominibus,
1362 3029 1650 3096 adversis
1711 3051 1893 3094 unus
1944 3051 2025 3093 ex
2086 3026 2353 3092 summis
2403 3027 2554 3092 viris

496 3127 855 3203 videbatur,
898 3147 1029 3211 quo
1064 3125 1316 3192 beatius
1353 3147 1493 3192 esse
1527 3123 1786 3189 mortali
1817 3121 1977 3188 nih'il
2011 3134 2238 3210 potest.
2325 3123 2642 3200 neseis,1·1
2761 3155 2766 3160 ·

493 3224 759 3300 insane,
794 3221 1034 3298 neseis,
1077 3230 1351 3305 quantas
1397 3219 1549 3284 viris
1590 3218 1794 3284 virtus
1829 3217 2097 3296 habeat,
2145 3240 2382 3285 nomen
2415 3230 2557 3284 tan-

494 3329 637 3382 tum
688 3315 941 3382 virtutis
992 3337 1297 3401 usurpas,
1349 3313 1507 3398 quid
1557 3313 1701 3398 ipsa
1757 3313 1970 3379 valeat
2018 3311 2306 3399 ignoras.
2367 3335 2557 3378 nemo

492 3420 707 3497 potest
752 3425 885 3475 'non
929 3407 1339 3476 beatissimus
1374 3429 1544 3483 esse,
1588 3407 1702 3492 qui
1737 3415 1834 3474 est
1867 3417 2040 3472 totns
2074 3416 2263 3492 aptus
2301 3429 2384 3472 ex
2417 3427 2558 3472 sese

492 3505 739 3590 quique
781 3505 851 3570 in
894 3525 965 3570 se
1008 3526 1139 3570 uno
1186 3526 1307 3569 sua
1349 3501 1531 3588 ponit
1576 3501 1812 3567 omnia.
1899 3501 2006 3566 <mi
2049 3523 2197 3587 spes
2241 3499 2446 3564 omnis
2493 3510 2559 3563 et

493 3599 659 3665 ratio
711 3610 776 3666 et
828 3598 1133 3686 cogitatio
1182 3597 1422 3684 pendet
1467 3619 1549 3662 ex
1590 3595 1880 3672 fortuna,
1935 3593 2088 3660 huie
2137 3592 2295 3658 nihil
2347 3603 2558 3679 potest

494 3715 637 3760 esse
680 3692 867 3770 eerti,
911 3692 1071 3758 nihil
1116 3692 1292 3779 quod
1336 3690 1738 3777 exploratum
1789 3689 2025 3755 habeat
2067 3709 2557 3775 permansurum

494 3787 621 3855 sibi
652 3811 859 3854 unum
894 3788 1064 3856 diem
1076 3812 1107 3870 3„
1150 3809 1301 3854 eum
1336 3798 1408 3851 tu
1441 3784 1770 3850 hominem
1803 3794 2034 3850 terreto
2047 3827 2066 3862 ,
2111 3783 2170 3848 si
2203 3804 2400 3866 quem
2429 3781 2556 3846 eris

491 3894 799 3961 nanetus,
842 3882 981 3949 istis
1027 3882 1250 3949 mortis
1296 3891 1411 3946 aut
1452 3879 1661 3946 exsilii
1705 3878 1924 3944 minis:
1978 3876 2136 3944 mihi
2180 3897 2334 3942 vero
2378 3874 2559 3958 quie-

492 3978 656 4063 quid
698 3977 1001 4046 aeeiderit
1048 3977 1117 4045 in
1150 3987 1283 4043 tam
1317 3975 1572 4062 ingrata
1606 3973 1896 4050 civitate,
1937 3986 2020 4039 'ne
2061 3970 2382 4038 recusanti
2415 3969 2558 4054 qui-

493 4074 645 4140 dem
688 4072 971 4142 evenerit
984 4121 1005 4154 ,
1049 4095 1185 4140 non
1224 4071 1417 4138 modo
1462 4067 1654 4158 [non]
1699 4069 2104 4157 repugnanti.
2194 4067 2350 4155 quid
2385 4066 2566 4134 enim
