<?xml version="1.0" encoding="UTF-8"?>
<!DOCTYPE html PUBLIC "-//W3C//DTD XHTML 1.0 Transitional//EN"
    "http://www.w3.org/TR/xhtml1/DTD/xhtml1-transitional.dtd">
<html xmlns="http://www.w3.org/1999/xhtml" xml:lang="en" lang="en">
 <head>
  <title>
</title>
<meta http-equiv="Content-Type" content="text/html;charset=utf-8" />
  <meta name='ocr-system' content='tesseract 3.04.00' />
  <meta name='ocr-capabilities' content='ocr_page ocr_carea ocr_par ocr_line ocrx_word'/>
</head>
<body>
  <div class='ocr_page' id='page_1' title='image "./mtulliiciceroni03unkngoog_0144.png"; bbox 0 0 3292 4559; ppageno 0'>
   <div class='ocr_carea' id='block_1_1' title="bbox 961 246 2414 355">
    <p class='ocr_par' dir='ltr' id='par_1_1' title="bbox 961 246 2414 355">
     <span class='ocr_line' id='line_1_1' title="bbox 961 246 2414 355; baseline 0.003 -4"><span class='ocrx_word' id='word_1_1' title='bbox 961 246 1098 351; x_wconf 58' lang='lat'>&#39;114</span> <span class='ocrx_word' id='word_1_2' title='bbox 1588 297 1667 352; x_wconf 86' lang='lat' dir='ltr'><strong>M.</strong></span> <span class='ocrx_word' id='word_1_3' title='bbox 1705 296 1978 355; x_wconf 78' lang='lat' dir='ltr'><strong>TULLn</strong></span> <span class='ocrx_word' id='word_1_4' title='bbox 2013 258 2414 355; x_wconf 69' lang='lat' dir='ltr'><strong>cml-:aoms</strong></span> 
     </span>
    </p>
   </div>
   <div class='ocr_carea' id='block_1_2' title="bbox 875 410 2903 510">
    <p class='ocr_par' dir='ltr' id='par_1_2' title="bbox 875 410 2903 510">
     <span class='ocr_line' id='line_1_2' title="bbox 875 410 2903 510; baseline 0.002 -24"><span class='ocrx_word' id='word_1_5' title='bbox 875 446 922 486; x_wconf 68' lang='lat' dir='ltr'><strong><em>w</em></strong></span> <span class='ocrx_word' id='word_1_6' title='bbox 967 433 1158 507; x_wconf 87' lang='lat' dir='ltr'><strong>atque</strong></span> <span class='ocrx_word' id='word_1_7' title='bbox 1193 422 1343 487; x_wconf 89' lang='lat' dir='ltr'><strong>huic</strong></span> <span class='ocrx_word' id='word_1_8' title='bbox 1376 410 1733 487; x_wconf 84' lang='lat' dir='ltr'><strong>incredibili</strong></span> <span class='ocrx_word' id='word_1_9' title='bbox 1770 419 2122 488; x_wconf 85' lang='lat' dir='ltr'><strong>sententiae</strong></span> <span class='ocrx_word' id='word_1_10' title='bbox 2155 421 2546 487; x_wconf 88' lang='lat' dir='ltr'><strong>ratiunculas</strong></span> <span class='ocrx_word' id='word_1_11' title='bbox 2583 423 2903 510; x_wconf 79' lang='lat' dir='ltr'>suggerit:</span> 
     </span>
    </p>
   </div>
   <div class='ocr_carea' id='block_1_3' title="bbox 1092 524 2761 895">
    <p class='ocr_par' dir='ltr' id='par_1_3' title="bbox 1092 524 2761 895">
     <span class='ocr_line' id='line_1_3' title="bbox 1096 524 2574 611; baseline -0.001 -20"><span class='ocrx_word' id='word_1_12' title='bbox 1096 537 1207 591; x_wconf 88' lang='lat' dir='ltr'><strong>aut</strong></span> <span class='ocrx_word' id='word_1_13' title='bbox 1243 538 1313 591; x_wconf 90' lang='lat' dir='ltr'><strong>tu</strong></span> <span class='ocrx_word' id='word_1_14' title='bbox 1348 526 1529 590; x_wconf 89' lang='lat' dir='ltr'><strong>illum</strong></span> <span class='ocrx_word' id='word_1_15' title='bbox 1564 524 1777 590; x_wconf 86' lang='lat' dir='ltr'><strong>fructu</strong></span> <span class='ocrx_word' id='word_1_16' title='bbox 1814 524 2000 590; x_wconf 87' lang='lat' dir='ltr'><strong>fallas</strong></span> <span class='ocrx_word' id='word_1_17' title='bbox 2034 536 2149 590; x_wconf 84' lang='lat' dir='ltr'><strong>aut</strong></span> <span class='ocrx_word' id='word_1_18' title='bbox 2181 546 2299 611; x_wconf 91' lang='lat' dir='ltr'><strong>per</strong></span> <span class='ocrx_word' id='word_1_19' title='bbox 2331 524 2574 590; x_wconf 89' lang='lat' dir='ltr'><strong>litteras</strong></span> 
     </span>
     <span class='ocr_line' id='line_1_4' title="bbox 1095 618 2564 706; baseline 0 -21"><span class='ocrx_word' id='word_1_20' title='bbox 1095 629 1346 686; x_wconf 83' lang='lat' dir='ltr'><strong>avertas</strong></span> <span class='ocrx_word' id='word_1_21' title='bbox 1383 618 1643 702; x_wconf 78' lang='lat' dir='ltr'><strong>aliquod</strong></span> <span class='ocrx_word' id='word_1_22' title='bbox 1677 641 1913 686; x_wconf 88' lang='lat' dir='ltr'><strong>nomen</strong></span> <span class='ocrx_word' id='word_1_23' title='bbox 1948 631 2061 685; x_wconf 89' lang='lat' dir='ltr'><strong>aut</strong></span> <span class='ocrx_word' id='word_1_24' title='bbox 2094 641 2211 706; x_wconf 90' lang='lat' dir='ltr'><strong>per</strong></span> <span class='ocrx_word' id='word_1_25' title='bbox 2245 621 2564 685; x_wconf 87' lang='lat' dir='ltr'><strong>servolum</strong></span> 
     </span>
     <span class='ocr_line' id='line_1_5' title="bbox 1092 714 2761 804; baseline -0.001 -22"><span class='ocrx_word' id='word_1_26' title='bbox 1092 715 1410 802; x_wconf 86' lang='lat' dir='ltr'><strong>percutias</strong></span> <span class='ocrx_word' id='word_1_27' title='bbox 1445 714 1774 801; x_wconf 88' lang='lat' dir='ltr'><strong>pavidum,</strong></span> <span class='ocrx_word' id='word_1_28' title='bbox 1808 725 2130 801; x_wconf 90' lang='lat' dir='ltr'><strong>postremo</strong></span> <span class='ocrx_word' id='word_1_29' title='bbox 2167 737 2207 779; x_wconf 90' lang='lat' dir='ltr'><strong>a</strong></span> <span class='ocrx_word' id='word_1_30' title='bbox 2239 735 2434 802; x_wconf 89' lang='lat' dir='ltr'><strong>parco</strong></span> <span class='ocrx_word' id='word_1_31' title='bbox 2468 727 2650 804; x_wconf 88' lang='lat' dir='ltr'><strong>patre</strong></span> <span class='ocrx_word' id='word_1_32' title='bbox 2754 749 2761 755; x_wconf 95' lang='lat'>·</span> 
     </span>
     <span class='ocr_line' id='line_1_6' title="bbox 1093 808 2488 895; baseline 0.001 -21"><span class='ocrx_word' id='word_1_33' title='bbox 1093 811 1266 895; x_wconf 87' lang='lat' dir='ltr'><strong>quod</strong></span> <span class='ocrx_word' id='word_1_34' title='bbox 1302 832 1538 885; x_wconf 88' lang='lat' dir='ltr'><strong>sumas,</strong></span> <span class='ocrx_word' id='word_1_35' title='bbox 1573 820 1815 894; x_wconf 87' lang='lat' dir='ltr'><strong>quanto</strong></span> <span class='ocrx_word' id='word_1_36' title='bbox 1851 808 2121 895; x_wconf 77' lang='lat' dir='ltr'>dissipes</span> <span class='ocrx_word' id='word_1_37' title='bbox 2154 808 2488 875; x_wconf 71' lang='lat' dir='ltr'><strong>libentius!</strong></span> 
     </span>
    </p>
   </div>
   <div class='ocr_carea' id='block_1_4' title="bbox 962 921 3021 1103">
    <p class='ocr_par' dir='ltr' id='par_1_4' title="bbox 962 921 3021 1103">
     <span class='ocr_line' id='line_1_7' title="bbox 962 921 3021 1008; baseline 0.001 -22"><span class='ocrx_word' id='word_1_38' title='bbox 962 921 1259 1006; x_wconf 83' lang='lat' dir='ltr'>idemque</span> <span class='ocrx_word' id='word_1_39' title='bbox 1304 922 1555 988; x_wconf 78' lang='lat' dir='ltr'><strong>facilem</strong></span> <span class='ocrx_word' id='word_1_40' title='bbox 1593 934 1659 988; x_wconf 89' lang='lat' dir='ltr'><strong>et</strong></span> <span class='ocrx_word' id='word_1_41' title='bbox 1702 921 2031 987; x_wconf 90' lang='lat' dir='ltr'><strong>liberalem</strong></span> <span class='ocrx_word' id='word_1_42' title='bbox 2076 930 2325 1008; x_wconf 88' lang='lat' dir='ltr'><strong>patrem</strong></span> <span class='ocrx_word' id='word_1_43' title='bbox 2369 921 2845 987; x_wconf 88' lang='lat' dir='ltr'><strong>incommodum</strong></span> <span class='ocrx_word' id='word_1_44' title='bbox 2880 943 3021 989; x_wconf 86' lang='lat' dir='ltr'><strong>esse</strong></span> 
     </span>
     <span class='ocr_line' id='line_1_8' title="bbox 963 1016 1718 1103; baseline 0.003 -23"><span class='ocrx_word' id='word_1_45' title='bbox 963 1017 1204 1081; x_wconf 88' lang='lat' dir='ltr'><strong>amanti</strong></span> <span class='ocrx_word' id='word_1_46' title='bbox 1237 1016 1366 1082; x_wconf 87' lang='lat' dir='ltr'><strong>filio</strong></span> <span class='ocrx_word' id='word_1_47' title='bbox 1405 1017 1718 1103; x_wconf 87' lang='lat' dir='ltr'><strong>disputat,</strong></span> 
     </span>
    </p>
   </div>
   <div class='ocr_carea' id='block_1_5' title="bbox 1089 1127 3020 1497">
    <p class='ocr_par' dir='ltr' id='par_1_5' title="bbox 1089 1127 3020 1497">
     <span class='ocr_line' id='line_1_9' title="bbox 1091 1127 3020 1213; baseline 0 -21"><span class='ocrx_word' id='word_1_48' title='bbox 1091 1149 1287 1212; x_wconf 89' lang='lat' dir='ltr'><strong>quem</strong></span> <span class='ocrx_word' id='word_1_49' title='bbox 1319 1151 1529 1212; x_wconf 87' lang='lat' dir='ltr'><strong>neque</strong></span> <span class='ocrx_word' id='word_1_50' title='bbox 1566 1149 1696 1212; x_wconf 89' lang='lat' dir='ltr'><strong>quo</strong></span> <span class='ocrx_word' id='word_1_51' title='bbox 1724 1138 1911 1213; x_wconf 91' lang='lat' dir='ltr'><strong>pacto</strong></span> <span class='ocrx_word' id='word_1_52' title='bbox 1939 1127 2159 1194; x_wconf 88' lang='lat' dir='ltr'><strong>fallam</strong></span> <span class='ocrx_word' id='word_1_53' title='bbox 2182 1147 2392 1211; x_wconf 86' lang='lat' dir='ltr'><strong>neque</strong></span> <span class='ocrx_word' id='word_1_54' title='bbox 2426 1138 2499 1192; x_wconf 89' lang='lat' dir='ltr'><strong>ut</strong></span> <span class='ocrx_word' id='word_1_55' title='bbox 2532 1127 2682 1193; x_wconf 89' lang='lat' dir='ltr'><strong>inde</strong></span> <span class='ocrx_word' id='word_1_56' title='bbox 2708 1127 3020 1206; x_wconf 81' lang='lat' dir='ltr'><strong>auferam,</strong></span> 
     </span>
     <span class='ocr_line' id='line_1_10' title="bbox 1089 1219 2965 1305; baseline 0.001 -19"><span class='ocrx_word' id='word_1_57' title='bbox 1089 1244 1210 1286; x_wconf 88' lang='lat' dir='ltr'><strong>nec</strong></span> <span class='ocrx_word' id='word_1_58' title='bbox 1244 1243 1438 1305; x_wconf 91' lang='lat' dir='ltr'><strong>quem</strong></span> <span class='ocrx_word' id='word_1_59' title='bbox 1473 1221 1694 1286; x_wconf 88' lang='lat' dir='ltr'><strong>dolum</strong></span> <span class='ocrx_word' id='word_1_60' title='bbox 1730 1219 1813 1285; x_wconf 90' lang='lat' dir='ltr'><strong>ad</strong></span> <span class='ocrx_word' id='word_1_61' title='bbox 1849 1243 1994 1287; x_wconf 93' lang='lat' dir='ltr'><strong>eum</strong></span> <span class='ocrx_word' id='word_1_62' title='bbox 2030 1232 2145 1286; x_wconf 83' lang='lat' dir='ltr'><strong>aut</strong></span> <span class='ocrx_word' id='word_1_63' title='bbox 2180 1219 2542 1286; x_wconf 89' lang='lat' dir='ltr'><strong>machinam</strong></span> <span class='ocrx_word' id='word_1_64' title='bbox 2577 1222 2965 1300; x_wconf 88' lang='lat' dir='ltr'><strong>commoliar,</strong></span> 
     </span>
     <span class='ocr_line' id='line_1_11' title="bbox 1090 1314 2804 1399; baseline 0.002 -21"><span class='ocrx_word' id='word_1_65' title='bbox 1090 1315 1221 1379; x_wconf 90' lang='lat' dir='ltr'><strong>seio</strong></span> <span class='ocrx_word' id='word_1_66' title='bbox 1257 1316 1629 1399; x_wconf 86' lang='lat' dir='ltr'><strong>quicquam:</strong></span> <span class='ocrx_word' id='word_1_67' title='bbox 1668 1315 1758 1379; x_wconf 90' lang='lat' dir='ltr'><strong>ita</strong></span> <span class='ocrx_word' id='word_1_68' title='bbox 1793 1315 1997 1380; x_wconf 92' lang='lat' dir='ltr'><strong>omnis</strong></span> <span class='ocrx_word' id='word_1_69' title='bbox 2033 1336 2209 1382; x_wconf 89' lang='lat' dir='ltr'><strong>meos</strong></span> <span class='ocrx_word' id='word_1_70' title='bbox 2245 1314 2455 1393; x_wconf 88' lang='lat' dir='ltr'><strong>dolos,</strong></span> <span class='ocrx_word' id='word_1_71' title='bbox 2488 1315 2804 1393; x_wconf 72' lang='lat' dir='ltr'><strong>fallaciae,</strong></span> 
     </span>
     <span class='ocr_line' id='line_1_12' title="bbox 1090 1408 2619 1497; baseline 0.001 -25"><span class='ocrx_word' id='word_1_72' title='bbox 1090 1410 1468 1494; x_wconf 89' lang='lat' dir='ltr'><strong>praestigias</strong></span> <span class='ocrx_word' id='word_1_73' title='bbox 1504 1409 1913 1495; x_wconf 81' lang='lat' dir='ltr'><strong>praestrinxit</strong></span> <span class='ocrx_word' id='word_1_74' title='bbox 1948 1408 2365 1474; x_wconf 78' lang='lat' dir='ltr'><strong>commoditas</strong></span> <span class='ocrx_word' id='word_1_75' title='bbox 2398 1409 2619 1497; x_wconf 87' lang='lat' dir='ltr'><strong>patris.</strong></span> 
     </span>
    </p>
   </div>
   <div class='ocr_carea' id='block_1_6' title="bbox 960 1520 3021 1794">
    <p class='ocr_par' dir='ltr' id='par_1_6' title="bbox 960 1520 3021 1794">
     <span class='ocr_line' id='line_1_13' title="bbox 965 1520 3021 1609; baseline 0.002 -26"><span class='ocrx_word' id='word_1_76' title='bbox 965 1520 1118 1603; x_wconf 88' lang='lat' dir='ltr'><strong>quid</strong></span> <span class='ocrx_word' id='word_1_77' title='bbox 1147 1541 1301 1605; x_wconf 89' lang='lat' dir='ltr'><strong>ergo</strong></span> <span class='ocrx_word' id='word_1_78' title='bbox 1328 1520 1432 1584; x_wconf 87' lang='lat' dir='ltr'><strong>isti</strong></span> <span class='ocrx_word' id='word_1_79' title='bbox 1458 1521 1625 1585; x_wconf 86' lang='lat' dir='ltr'><strong>doli?</strong></span> <span class='ocrx_word' id='word_1_80' title='bbox 1661 1521 1816 1605; x_wconf 88' lang='lat' dir='ltr'><strong>quid</strong></span> <span class='ocrx_word' id='word_1_81' title='bbox 1844 1520 2213 1586; x_wconf 80' lang='lat' dir='ltr'><strong>machinae?</strong></span> <span class='ocrx_word' id='word_1_82' title='bbox 2247 1520 2405 1607; x_wconf 89' lang='lat' dir='ltr'><strong>quid</strong></span> <span class='ocrx_word' id='word_1_83' title='bbox 2434 1522 2725 1596; x_wconf 80' lang='lat' dir='ltr'><strong>fallaciae</strong></span> <span class='ocrx_word' id='word_1_84' title='bbox 2749 1523 3021 1609; x_wconf 86' lang='lat' dir='ltr'><strong>praesti-</strong></span> 
     </span>
     <span class='ocr_line' id='line_1_14' title="bbox 960 1613 3020 1704; baseline 0.001 -26"><span class='ocrx_word' id='word_1_85' title='bbox 960 1613 1274 1700; x_wconf 85' lang='lat' dir='ltr'><strong>giaeque?</strong></span> <span class='ocrx_word' id='word_1_86' title='bbox 1307 1637 1462 1679; x_wconf 88' lang='lat' dir='ltr'><strong>num</strong></span> <span class='ocrx_word' id='word_1_87' title='bbox 1499 1615 1634 1680; x_wconf 91' lang='lat' dir='ltr'><strong>sine</strong></span> <span class='ocrx_word' id='word_1_88' title='bbox 1672 1615 1915 1680; x_wconf 89' lang='lat' dir='ltr'><strong>ratione</strong></span> <span class='ocrx_word' id='word_1_89' title='bbox 1950 1637 2089 1681; x_wconf 88' lang='lat' dir='ltr'><strong>esse</strong></span> <span class='ocrx_word' id='word_1_90' title='bbox 2123 1616 2509 1702; x_wconf 83' lang='lat' dir='ltr'><strong>potuerunt?</strong></span> <span class='ocrx_word' id='word_1_91' title='bbox 2542 1638 2581 1682; x_wconf 94' lang='lat' dir='ltr'><strong>o</strong></span> <span class='ocrx_word' id='word_1_92' title='bbox 2611 1616 3020 1704; x_wconf 66' lang='lat' dir='ltr'><strong>‚praeclarum</strong></span> 
     </span>
     <span class='ocr_line' id='line_1_15' title="bbox 961 1707 2483 1794; baseline 0.001 -22"><span class='ocrx_word' id='word_1_93' title='bbox 961 1730 1195 1774; x_wconf 87' lang='lat' dir='ltr'><strong>munus</strong></span> <span class='ocrx_word' id='word_1_94' title='bbox 1233 1707 1519 1787; x_wconf 84' lang='lat' dir='ltr'><strong>deorum,</strong></span> <span class='ocrx_word' id='word_1_95' title='bbox 1556 1719 1628 1774; x_wconf 91' lang='lat' dir='ltr'><strong>ut</strong></span> <span class='ocrx_word' id='word_1_96' title='bbox 1662 1707 1970 1774; x_wconf 88' lang='lat' dir='ltr'><strong>Phormio</strong></span> <span class='ocrx_word' id='word_1_97' title='bbox 2005 1709 2209 1794; x_wconf 83' lang='lat' dir='ltr'><strong>possit</strong></span> <span class='ocrx_word' id='word_1_98' title='bbox 2244 1708 2483 1776; x_wconf 78' lang='lat' dir='ltr'><strong>dicere:</strong></span> 
     </span>
    </p>
   </div>
   <div class='ocr_carea' id='block_1_7' title="bbox 1091 1819 3023 1980">
    <p class='ocr_par' dir='ltr' id='par_1_7' title="bbox 1091 1819 3023 1980">
     <span class='ocr_line' id='line_1_16' title="bbox 1091 1819 3023 1888; baseline 0.001 -3"><span class='ocrx_word' id='word_1_99' title='bbox 1091 1821 1246 1885; x_wconf 90' lang='lat' dir='ltr'><strong>cedo</strong></span> <span class='ocrx_word' id='word_1_100' title='bbox 1283 1842 1532 1886; x_wconf 87' lang='lat' dir='ltr'><strong>senem:</strong></span> <span class='ocrx_word' id='word_1_101' title='bbox 1587 1821 1719 1884; x_wconf 89' lang='lat' dir='ltr'><strong>iam</strong></span> <span class='ocrx_word' id='word_1_102' title='bbox 1761 1819 2074 1886; x_wconf 87' lang='lat' dir='ltr'><strong>instructa</strong></span> <span class='ocrx_word' id='word_1_103' title='bbox 2108 1831 2257 1886; x_wconf 88' lang='lat' dir='ltr'><strong>sunt</strong></span> <span class='ocrx_word' id='word_1_104' title='bbox 2288 1820 2378 1886; x_wconf 93' lang='lat' dir='ltr'><strong>mi</strong></span> <span class='ocrx_word' id='word_1_105' title='bbox 2421 1819 2489 1887; x_wconf 88' lang='lat' dir='ltr'><strong>in</strong></span> <span class='ocrx_word' id='word_1_106' title='bbox 2524 1821 2715 1888; x_wconf 86' lang='lat' dir='ltr'><strong>corde</strong></span> <span class='ocrx_word' id='word_1_107' title='bbox 2751 1820 3023 1888; x_wconf 88' lang='lat' dir='ltr'><strong>consilia</strong></span> 
     </span>
     <span class='ocr_line' id='line_1_17' title="bbox 1816 1937 2049 1980; baseline -0.009 0"><span class='ocrx_word' id='word_1_108' title='bbox 1816 1937 2049 1980; x_wconf 88' lang='lat' dir='ltr'><strong>omma.</strong></span> 
     </span>
    </p>
   </div>
   <div class='ocr_carea' id='block_1_8' title="bbox 859 2026 3102 4192">
    <p class='ocr_par' dir='ltr' id='par_1_8' title="bbox 859 2026 3102 4192">
     <span class='ocr_line' id='line_1_18' title="bbox 859 2026 3020 2103; baseline 0.002 -17"><span class='ocrx_word' id='word_1_109' title='bbox 859 2033 926 2086; x_wconf 70' lang='lat'><strong>30</strong></span> <span class='ocrx_word' id='word_1_110' title='bbox 960 2026 1074 2092; x_wconf 89' lang='lat' dir='ltr'><strong>sed</strong></span> <span class='ocrx_word' id='word_1_111' title='bbox 1118 2049 1421 2094; x_wconf 85' lang='lat' dir='ltr'><strong>exeamus</strong></span> <span class='ocrx_word' id='word_1_112' title='bbox 1457 2049 1493 2093; x_wconf 91' lang='lat' dir='ltr'><strong>e</strong></span> <span class='ocrx_word' id='word_1_113' title='bbox 1529 2026 1805 2103; x_wconf 79' lang='lat' dir='ltr'><strong>theatro,</strong></span> <span class='ocrx_word' id='word_1_114' title='bbox 1857 2027 2190 2093; x_wconf 88' lang='lat' dir='ltr'><strong>veniamus</strong></span> <span class='ocrx_word' id='word_1_115' title='bbox 2234 2027 2303 2092; x_wconf 91' lang='lat' dir='ltr'><strong>in</strong></span> <span class='ocrx_word' id='word_1_116' title='bbox 2354 2026 2584 2092; x_wconf 87' lang='lat' dir='ltr'><strong>forum.</strong></span> <span class='ocrx_word' id='word_1_117' title='bbox 2674 2050 2919 2094; x_wconf 85' lang='lat' dir='ltr'><strong>sessum</strong></span> <span class='ocrx_word' id='word_1_118' title='bbox 2968 2029 3020 2092; x_wconf 89' lang='lat' dir='ltr'><strong>it</strong></span> 
     </span>
     <span class='ocr_line' id='line_1_19' title="bbox 867 2106 3021 2206; baseline 0.001 -21"><span class='ocrx_word' id='word_1_119' title='bbox 867 2106 915 2142; x_wconf 56' lang='grc' dir='ltr'>Η</span> <span class='ocrx_word' id='word_1_120' title='bbox 957 2131 1240 2206; x_wconf 87' lang='lat' dir='ltr'><strong>praetor:</strong></span> <span class='ocrx_word' id='word_1_121' title='bbox 1294 2120 1450 2204; x_wconf 87' lang='lat' dir='ltr'><strong>quid</strong></span> <span class='ocrx_word' id='word_1_122' title='bbox 1501 2132 1573 2185; x_wconf 82' lang='lat' dir='ltr'><strong>ut</strong></span> <span class='ocrx_word' id='word_1_123' title='bbox 1622 2120 1979 2186; x_wconf 85' lang='lat' dir='ltr'><strong>iudicetur?</strong></span> <span class='ocrx_word' id='word_1_124' title='bbox 2024 2121 2151 2206; x_wconf 61' lang='lat' dir='ltr'><strong>‘qui</strong></span> <span class='ocrx_word' id='word_1_125' title='bbox 2203 2121 2591 2186; x_wconf 75' lang='lat' dir='ltr'><strong>tabularium</strong></span> <span class='ocrx_word' id='word_1_126' title='bbox 2640 2121 3021 2187; x_wconf 85' lang='lat' dir='ltr'><strong>incenderit.</strong></span> 
     </span>
     <span class='ocr_line' id='line_1_20' title="bbox 958 2213 3102 2300; baseline -0 -22"><span class='ocrx_word' id='word_1_127' title='bbox 958 2215 1132 2298; x_wconf 88' lang='lat' dir='ltr'><strong>quod</strong></span> <span class='ocrx_word' id='word_1_128' title='bbox 1166 2214 1416 2278; x_wconf 84' lang='lat' dir='ltr'><strong>facinus</strong></span> <span class='ocrx_word' id='word_1_129' title='bbox 1453 2214 1803 2280; x_wconf 80' lang='lat' dir='ltr'><strong>occultius?</strong></span> <span class='ocrx_word' id='word_1_130' title='bbox 1836 2213 1906 2276; x_wconf 90' lang='lat' dir='ltr'><strong>id</strong></span> <span class='ocrx_word' id='word_1_131' title='bbox 1938 2237 2007 2280; x_wconf 93' lang='lat' dir='ltr'><strong>se</strong></span> <span class='ocrx_word' id='word_1_132' title='bbox 2027 2213 2110 2297; x_wconf 77' lang='lat' dir='ltr'><strong>Q.</strong></span> <span class='ocrx_word' id='word_1_133' title='bbox 2133 2213 2378 2293; x_wconf 87' lang='lat' dir='ltr'><strong>Sosius,</strong></span> <span class='ocrx_word' id='word_1_134' title='bbox 2416 2215 2786 2300; x_wconf 88' lang='lat' dir='ltr'><strong>splendidus</strong></span> <span class='ocrx_word' id='word_1_135' title='bbox 2816 2238 3021 2299; x_wconf 84' lang='lat' dir='ltr'><strong>eques</strong></span> <span class='ocrx_word' id='word_1_136' title='bbox 3097 2275 3102 2277; x_wconf 81' lang='grc'><strong>,</strong></span> 
     </span>
     <span class='ocr_line' id='line_1_21' title="bbox 957 2309 3018 2395; baseline 0 -20"><span class='ocrx_word' id='word_1_137' title='bbox 957 2309 1288 2375; x_wconf 88' lang='lat' dir='ltr'><strong>Romanus</strong></span> <span class='ocrx_word' id='word_1_138' title='bbox 1341 2331 1423 2374; x_wconf 86' lang='lat' dir='ltr'><strong>ex</strong></span> <span class='ocrx_word' id='word_1_139' title='bbox 1475 2331 1630 2395; x_wconf 90' lang='lat' dir='ltr'><strong>agro</strong></span> <span class='ocrx_word' id='word_1_140' title='bbox 1683 2309 1956 2386; x_wconf 90' lang='lat' dir='ltr'><strong>Piceno,</strong></span> <span class='ocrx_word' id='word_1_141' title='bbox 2019 2309 2258 2377; x_wconf 88' lang='lat' dir='ltr'><strong>fecisse</strong></span> <span class='ocrx_word' id='word_1_142' title='bbox 2299 2311 2628 2377; x_wconf 88' lang='lat' dir='ltr'><strong>confessus</strong></span> <span class='ocrx_word' id='word_1_143' title='bbox 2681 2321 2795 2377; x_wconf 86' lang='lat' dir='ltr'><strong>est.</strong></span> <span class='ocrx_word' id='word_1_144' title='bbox 2903 2310 3018 2395; x_wconf 91' lang='lat' dir='ltr'><strong>qui</strong></span> 
     </span>
     <span class='ocr_line' id='line_1_22' title="bbox 956 2402 3017 2491; baseline 0.002 -25"><span class='ocrx_word' id='word_1_145' title='bbox 956 2402 1456 2487; x_wconf 88' lang='lat' dir='ltr'><strong>transscripserit</strong></span> <span class='ocrx_word' id='word_1_146' title='bbox 1508 2403 1761 2468; x_wconf 87' lang='lat' dir='ltr'><strong>tabulas</strong></span> <span class='ocrx_word' id='word_1_147' title='bbox 1804 2402 2114 2489; x_wconf 89' lang='lat' dir='ltr'><strong>publicas.</strong></span> <span class='ocrx_word' id='word_1_148' title='bbox 2218 2405 2286 2469; x_wconf 87' lang='lat' dir='ltr'><strong>id</strong></span> <span class='ocrx_word' id='word_1_149' title='bbox 2339 2427 2595 2491; x_wconf 89' lang='lat' dir='ltr'><strong>quoque</strong></span> <span class='ocrx_word' id='word_1_150' title='bbox 2631 2405 2713 2470; x_wconf 88' lang='lat' dir='ltr'><strong>L.</strong></span> <span class='ocrx_word' id='word_1_151' title='bbox 2760 2406 3017 2472; x_wconf 88' lang='lat' dir='ltr'><strong>Alenus</strong></span> 
     </span>
     <span class='ocr_line' id='line_1_23' title="bbox 957 2496 3015 2585; baseline 0.003 -26"><span class='ocrx_word' id='word_1_152' title='bbox 957 2496 1137 2573; x_wconf 87' lang='lat' dir='ltr'><strong>fecit,</strong></span> <span class='ocrx_word' id='word_1_153' title='bbox 1202 2518 1348 2560; x_wconf 89' lang='lat' dir='ltr'><strong>cum</strong></span> <span class='ocrx_word' id='word_1_154' title='bbox 1412 2496 1906 2583; x_wconf 86' lang='lat' dir='ltr'><strong>chirographum</strong></span> <span class='ocrx_word' id='word_1_155' title='bbox 1972 2521 2086 2564; x_wconf 85' lang='lat' dir='ltr'><strong>sex</strong></span> <span class='ocrx_word' id='word_1_156' title='bbox 2145 2500 2496 2585; x_wconf 89' lang='lat' dir='ltr'><strong>primorum</strong></span> <span class='ocrx_word' id='word_1_157' title='bbox 2556 2499 2839 2565; x_wconf 86' lang='lat' dir='ltr'><strong>imitatus</strong></span> <span class='ocrx_word' id='word_1_158' title='bbox 2893 2514 3015 2567; x_wconf 80' lang='lat' dir='ltr'><strong>est.</strong></span> 
     </span>
     <span class='ocr_line' id='line_1_24' title="bbox 957 2588 3015 2679; baseline 0.003 -25"><span class='ocrx_word' id='word_1_159' title='bbox 957 2590 1113 2673; x_wconf 91' lang='lat' dir='ltr'><strong>quid</strong></span> <span class='ocrx_word' id='word_1_160' title='bbox 1158 2588 1281 2654; x_wconf 89' lang='lat' dir='ltr'><strong>hoc</strong></span> <span class='ocrx_word' id='word_1_161' title='bbox 1323 2589 1578 2656; x_wconf 87' lang='lat' dir='ltr'><strong>homine</strong></span> <span class='ocrx_word' id='word_1_162' title='bbox 1625 2591 1981 2656; x_wconf 81' lang='lat' dir='ltr'><strong>sollertius?</strong></span> <span class='ocrx_word' id='word_1_163' title='bbox 2033 2597 2347 2678; x_wconf 86' lang='lat' dir='ltr'><strong>cognosce</strong></span> <span class='ocrx_word' id='word_1_164' title='bbox 2382 2593 2539 2658; x_wconf 88' lang='lat' dir='ltr'><strong>alias</strong></span> <span class='ocrx_word' id='word_1_165' title='bbox 2582 2595 3015 2679; x_wconf 87' lang='lat' dir='ltr'><strong>quaestiones,</strong></span> 
     </span>
     <span class='ocr_line' id='line_1_25' title="bbox 958 2683 3017 2776; baseline 0.002 -27"><span class='ocrx_word' id='word_1_166' title='bbox 958 2685 1096 2750; x_wconf 88' lang='lat' dir='ltr'><strong>auri</strong></span> <span class='ocrx_word' id='word_1_167' title='bbox 1132 2683 1499 2761; x_wconf 88' lang='lat' dir='ltr'><strong>Tolossani,</strong></span> <span class='ocrx_word' id='word_1_168' title='bbox 1555 2685 2005 2752; x_wconf 85' lang='lat' dir='ltr'><strong>coniurationis</strong></span> <span class='ocrx_word' id='word_1_169' title='bbox 2041 2687 2481 2773; x_wconf 86' lang='lat' dir='ltr'><strong>Iugurthinae.</strong></span> <span class='ocrx_word' id='word_1_170' title='bbox 2569 2700 2786 2774; x_wconf 88' lang='lat' dir='ltr'><strong>repete</strong></span> <span class='ocrx_word' id='word_1_171' title='bbox 2822 2712 3017 2776; x_wconf 89' lang='lat' dir='ltr'><strong>supe-</strong></span> 
     </span>
     <span class='ocr_line' id='line_1_26' title="bbox 954 2780 3020 2870; baseline 0.002 -26"><span class='ocrx_word' id='word_1_172' title='bbox 954 2781 1151 2858; x_wconf 87' lang='lat' dir='ltr'><strong>riora,</strong></span> <span class='ocrx_word' id='word_1_173' title='bbox 1195 2780 1439 2846; x_wconf 87' lang='lat' dir='ltr'><strong>Tubuli</strong></span> <span class='ocrx_word' id='word_1_174' title='bbox 1474 2780 1554 2846; x_wconf 90' lang='lat' dir='ltr'><strong>de</strong></span> <span class='ocrx_word' id='word_1_175' title='bbox 1588 2781 1862 2866; x_wconf 85' lang='lat' dir='ltr'><strong>pecunia</strong></span> <span class='ocrx_word' id='word_1_176' title='bbox 1896 2792 2086 2867; x_wconf 88' lang='lat' dir='ltr'><strong>capta</strong></span> <span class='ocrx_word' id='word_1_177' title='bbox 2119 2782 2203 2847; x_wconf 91' lang='lat' dir='ltr'><strong>ob</strong></span> <span class='ocrx_word' id='word_1_178' title='bbox 2238 2805 2375 2848; x_wconf 88' lang='lat' dir='ltr'><strong>rem</strong></span> <span class='ocrx_word' id='word_1_179' title='bbox 2409 2783 2848 2862; x_wconf 88' lang='lat' dir='ltr'><strong>iudicandam,</strong></span> <span class='ocrx_word' id='word_1_180' title='bbox 2895 2807 3020 2870; x_wconf 89' lang='lat' dir='ltr'><strong>po-</strong></span> 
     </span>
     <span class='ocr_line' id='line_1_27' title="bbox 956 2873 3015 2961; baseline 0.003 -23"><span class='ocrx_word' id='word_1_181' title='bbox 956 2875 1248 2950; x_wconf 88' lang='lat' dir='ltr'><strong>steriora,</strong></span> <span class='ocrx_word' id='word_1_182' title='bbox 1302 2874 1383 2939; x_wconf 92' lang='lat' dir='ltr'><strong>de</strong></span> <span class='ocrx_word' id='word_1_183' title='bbox 1419 2873 1665 2940; x_wconf 90' lang='lat' dir='ltr'><strong>incestu</strong></span> <span class='ocrx_word' id='word_1_184' title='bbox 1698 2876 2028 2961; x_wconf 89' lang='lat' dir='ltr'><strong>rogatione</strong></span> <span class='ocrx_word' id='word_1_185' title='bbox 2062 2875 2439 2954; x_wconf 83' lang='lat' dir='ltr'><strong>Peducaea,</strong></span> <span class='ocrx_word' id='word_1_186' title='bbox 2486 2889 2624 2943; x_wconf 88' lang='lat' dir='ltr'><strong>tum</strong></span> <span class='ocrx_word' id='word_1_187' title='bbox 2657 2879 2818 2944; x_wconf 87' lang='lat' dir='ltr'><strong>haec</strong></span> <span class='ocrx_word' id='word_1_188' title='bbox 2854 2879 3015 2943; x_wconf 83' lang='lat' dir='ltr'><strong>coti-</strong></span> 
     </span>
     <span class='ocr_line' id='line_1_28' title="bbox 957 2968 3019 3058; baseline 0.003 -27"><span class='ocrx_word' id='word_1_189' title='bbox 957 2968 1167 3045; x_wconf 88' lang='lat' dir='ltr'><strong>diana,</strong></span> <span class='ocrx_word' id='word_1_190' title='bbox 1195 2969 1386 3044; x_wconf 88' lang='lat' dir='ltr'><strong>sicae,</strong></span> <span class='ocrx_word' id='word_1_191' title='bbox 1415 2968 1666 3046; x_wconf 89' lang='lat' dir='ltr'><strong>veneni,</strong></span> <span class='ocrx_word' id='word_1_192' title='bbox 1702 2970 2055 3055; x_wconf 86' lang='lat' dir='ltr'><strong>peculatus,</strong></span> <span class='ocrx_word' id='word_1_193' title='bbox 2084 2981 2609 3037; x_wconf 83' lang='lat' dir='ltr'><strong>testamentorum</strong></span> <span class='ocrx_word' id='word_1_194' title='bbox 2637 2973 2831 3038; x_wconf 89' lang='lat' dir='ltr'><strong>etiam</strong></span> <span class='ocrx_word' id='word_1_195' title='bbox 2863 2973 3019 3058; x_wconf 87' lang='lat' dir='ltr'><strong>lege</strong></span> 
     </span>
     <span class='ocr_line' id='line_1_29' title="bbox 955 3063 3011 3145; baseline 0.003 -20"><span class='ocrx_word' id='word_1_196' title='bbox 955 3083 1128 3126; x_wconf 84' lang='lat' dir='ltr'><strong>nova</strong></span> <span class='ocrx_word' id='word_1_197' title='bbox 1172 3063 1596 3145; x_wconf 86' lang='lat' dir='ltr'><strong>quaestiones.</strong></span> <span class='ocrx_word' id='word_1_198' title='bbox 1684 3063 1848 3129; x_wconf 88' lang='lat' dir='ltr'><strong>inde</strong></span> <span class='ocrx_word' id='word_1_199' title='bbox 1877 3064 1987 3129; x_wconf 90' lang='lat' dir='ltr'><strong>illa</strong></span> <span class='ocrx_word' id='word_1_200' title='bbox 2030 3065 2228 3143; x_wconf 88' lang='lat' dir='ltr'><strong>actio,</strong></span> <span class='ocrx_word' id='word_1_201' title='bbox 2274 3089 2391 3132; x_wconf 71' lang='lat' dir='ltr'><strong>orn</strong></span> <span class='ocrx_word' id='word_1_202' title='bbox 2436 3088 2841 3139; x_wconf 70' lang='lat' dir='ltr'><strong>consmootm</strong></span> <span class='ocrx_word' id='word_1_203' title='bbox 2884 3090 3011 3132; x_wconf 72' lang='lat' dir='ltr'><strong>&#39;ruo</strong></span> 
     </span>
     <span class='ocr_line' id='line_1_30' title="bbox 951 3159 3018 3237; baseline 0.001 -15"><span class='ocrx_word' id='word_1_204' title='bbox 951 3179 1201 3224; x_wconf 67' lang='lat' dir='ltr'><strong>ruam</strong></span> <span class='ocrx_word' id='word_1_205' title='bbox 1241 3179 1346 3224; x_wconf 75' lang='lat' dir='ltr'><strong>Axo</strong></span> <span class='ocrx_word' id='word_1_206' title='bbox 1389 3179 1638 3225; x_wconf 65' lang='lat' dir='ltr'><strong>memma</strong></span> <span class='ocrx_word' id='word_1_207' title='bbox 1676 3181 1853 3237; x_wconf 71' lang='lat' dir='ltr'><strong>assa,</strong></span> <span class='ocrx_word' id='word_1_208' title='bbox 1906 3159 2056 3225; x_wconf 89' lang='lat' dir='ltr'><strong>inde</strong></span> <span class='ocrx_word' id='word_1_209' title='bbox 2101 3170 2194 3225; x_wconf 90' lang='lat' dir='ltr'><strong>tot</strong></span> <span class='ocrx_word' id='word_1_210' title='bbox 2238 3160 2475 3226; x_wconf 84' lang='lat' dir='ltr'><strong>iudicia</strong></span> <span class='ocrx_word' id='word_1_211' title='bbox 2521 3162 2601 3227; x_wconf 89' lang='lat' dir='ltr'><strong>de</strong></span> <span class='ocrx_word' id='word_1_212' title='bbox 2644 3162 2771 3228; x_wconf 90' lang='lat' dir='ltr'><strong>fide</strong></span> <span class='ocrx_word' id='word_1_213' title='bbox 2816 3160 3018 3236; x_wconf 76' lang='lat' dir='ltr'><strong>mala,</strong></span> 
     </span>
     <span class='ocr_line' id='line_1_31' title="bbox 954 3252 3013 3341; baseline 0 -23"><span class='ocrx_word' id='word_1_214' title='bbox 954 3252 1220 3331; x_wconf 88' lang='lat' dir='ltr'><strong>tutelae,</strong></span> <span class='ocrx_word' id='word_1_215' title='bbox 1270 3253 1582 3330; x_wconf 86' lang='lat' dir='ltr'><strong>mandati,</strong></span> <span class='ocrx_word' id='word_1_216' title='bbox 1634 3275 1751 3340; x_wconf 90' lang='lat' dir='ltr'><strong>pro</strong></span> <span class='ocrx_word' id='word_1_217' title='bbox 1788 3253 1988 3330; x_wconf 80' lang='lat' dir='ltr'><strong>socie,</strong></span> <span class='ocrx_word' id='word_1_218' title='bbox 2041 3254 2345 3333; x_wconf 87' lang='lat' dir='ltr'><strong>fiduciae,</strong></span> <span class='ocrx_word' id='word_1_219' title='bbox 2397 3256 2674 3340; x_wconf 89' lang='lat' dir='ltr'><strong>reliqua,</strong></span> <span class='ocrx_word' id='word_1_220' title='bbox 2724 3278 2889 3341; x_wconf 86' lang='lat' dir='ltr'><strong>quae</strong></span> <span class='ocrx_word' id='word_1_221' title='bbox 2926 3278 3013 3320; x_wconf 83' lang='lat' dir='ltr'><strong>ex</strong></span> 
     </span>
     <span class='ocr_line' id='line_1_32' title="bbox 950 3349 3020 3433; baseline 0 -19"><span class='ocrx_word' id='word_1_222' title='bbox 950 3360 1166 3433; x_wconf 87' lang='lat' dir='ltr'><strong>empto</strong></span> <span class='ocrx_word' id='word_1_223' title='bbox 1203 3358 1314 3413; x_wconf 90' lang='lat' dir='ltr'><strong>aut</strong></span> <span class='ocrx_word' id='word_1_224' title='bbox 1357 3349 1614 3414; x_wconf 86' lang='lat' dir='ltr'><strong>vendito</strong></span> <span class='ocrx_word' id='word_1_225' title='bbox 1652 3360 1764 3414; x_wconf 91' lang='lat' dir='ltr'><strong>aut</strong></span> <span class='ocrx_word' id='word_1_226' title='bbox 1808 3349 2122 3414; x_wconf 88' lang='lat' dir='ltr'><strong>conducto</strong></span> <span class='ocrx_word' id='word_1_227' title='bbox 2160 3361 2272 3414; x_wconf 90' lang='lat' dir='ltr'><strong>aut</strong></span> <span class='ocrx_word' id='word_1_228' title='bbox 2314 3351 2523 3416; x_wconf 90' lang='lat' dir='ltr'><strong>locato</strong></span> <span class='ocrx_word' id='word_1_229' title='bbox 2560 3362 2780 3416; x_wconf 86' lang='lat' dir='ltr'><strong>contra</strong></span> <span class='ocrx_word' id='word_1_230' title='bbox 2812 3349 3020 3416; x_wconf 86' lang='lat' dir='ltr'><strong>fidem</strong></span> 
     </span>
     <span class='ocr_line' id='line_1_33' title="bbox 947 3442 3015 3530; baseline 0 -23"><span class='ocrx_word' id='word_1_231' title='bbox 947 3443 1130 3519; x_wconf 88' lang='lat' dir='ltr'><strong>fiunt,</strong></span> <span class='ocrx_word' id='word_1_232' title='bbox 1165 3443 1314 3509; x_wconf 89' lang='lat' dir='ltr'><strong>inde</strong></span> <span class='ocrx_word' id='word_1_233' title='bbox 1339 3443 1645 3509; x_wconf 89' lang='lat' dir='ltr'><strong>iudicium</strong></span> <span class='ocrx_word' id='word_1_234' title='bbox 1681 3442 2012 3528; x_wconf 88' lang='lat' dir='ltr'><strong>publicum</strong></span> <span class='ocrx_word' id='word_1_235' title='bbox 2049 3443 2142 3508; x_wconf 91' lang='lat' dir='ltr'><strong>rei</strong></span> <span class='ocrx_word' id='word_1_236' title='bbox 2173 3444 2460 3529; x_wconf 87' lang='lat' dir='ltr'><strong>privatae</strong></span> <span class='ocrx_word' id='word_1_237' title='bbox 2494 3444 3015 3530; x_wconf 87' lang='lat' dir='ltr'><strong>lege-Plaetoria,</strong></span> 
     </span>
     <span class='ocr_line' id='line_1_34' title="bbox 947 3536 3016 3615; baseline 0.001 -16"><span class='ocrx_word' id='word_1_238' title='bbox 947 3536 1096 3602; x_wconf 89' lang='lat' dir='ltr'><strong>inde</strong></span> <span class='ocrx_word' id='word_1_239' title='bbox 1135 3537 1557 3602; x_wconf 87' lang='lat' dir='ltr'><strong>everriculum</strong></span> <span class='ocrx_word' id='word_1_240' title='bbox 1602 3537 1987 3601; x_wconf 89' lang='lat' dir='ltr'><strong>malitiarum</strong></span> <span class='ocrx_word' id='word_1_241' title='bbox 2023 3538 2337 3615; x_wconf 89' lang='lat' dir='ltr'><strong>omnium,</strong></span> <span class='ocrx_word' id='word_1_242' title='bbox 2391 3538 2698 3604; x_wconf 90' lang='lat' dir='ltr'><strong>iudicium</strong></span> <span class='ocrx_word' id='word_1_243' title='bbox 2744 3539 2823 3604; x_wconf 90' lang='lat' dir='ltr'><strong>de</strong></span> <span class='ocrx_word' id='word_1_244' title='bbox 2859 3537 3016 3602; x_wconf 87' lang='lat' dir='ltr'><strong>dolo</strong></span> 
     </span>
     <span class='ocr_line' id='line_1_35' title="bbox 946 3628 3017 3718; baseline 0 -22"><span class='ocrx_word' id='word_1_245' title='bbox 946 3631 1138 3708; x_wconf 87' lang='lat' dir='ltr'><strong>ma10,</strong></span> <span class='ocrx_word' id='word_1_246' title='bbox 1174 3632 1351 3714; x_wconf 89' lang='lat' dir='ltr'><strong>quod</strong></span> <span class='ocrx_word' id='word_1_247' title='bbox 1369 3628 1448 3696; x_wconf 83' lang='lat' dir='ltr'><strong>C.</strong></span> <span class='ocrx_word' id='word_1_248' title='bbox 1467 3630 1817 3715; x_wconf 88' lang='lat' dir='ltr'><strong>Aquillius,</strong></span> <span class='ocrx_word' id='word_1_249' title='bbox 1852 3631 2181 3697; x_wconf 86' lang='lat' dir='ltr'><strong>familiaris</strong></span> <span class='ocrx_word' id='word_1_250' title='bbox 2218 3644 2454 3710; x_wconf 91' lang='lat' dir='ltr'><strong>noster,</strong></span> <span class='ocrx_word' id='word_1_251' title='bbox 2490 3633 2773 3718; x_wconf 89' lang='lat' dir='ltr'><strong>protulit,</strong></span> <span class='ocrx_word' id='word_1_252' title='bbox 2810 3654 3017 3715; x_wconf 87' lang='lat' dir='ltr'><strong>quem</strong></span> 
     </span>
     <span class='ocr_line' id='line_1_36' title="bbox 949 3725 3020 3813; baseline 0 -24"><span class='ocrx_word' id='word_1_253' title='bbox 949 3725 1167 3790; x_wconf 90' lang='lat' dir='ltr'><strong>dolum</strong></span> <span class='ocrx_word' id='word_1_254' title='bbox 1210 3725 1384 3790; x_wconf 89' lang='lat' dir='ltr'><strong>idem</strong></span> <span class='ocrx_word' id='word_1_255' title='bbox 1420 3725 1747 3809; x_wconf 90' lang='lat' dir='ltr'><strong>Aquillius</strong></span> <span class='ocrx_word' id='word_1_256' title='bbox 1792 3734 1930 3790; x_wconf 88' lang='lat' dir='ltr'><strong>tum</strong></span> <span class='ocrx_word' id='word_1_257' title='bbox 1981 3727 2186 3792; x_wconf 86' lang='lat' dir='ltr'><strong>teneri</strong></span> <span class='ocrx_word' id='word_1_258' title='bbox 2236 3739 2455 3813; x_wconf 88' lang='lat' dir='ltr'><strong>putat,</strong></span> <span class='ocrx_word' id='word_1_259' title='bbox 2508 3749 2659 3792; x_wconf 87' lang='lat' dir='ltr'><strong>cum</strong></span> <span class='ocrx_word' id='word_1_260' title='bbox 2701 3727 2877 3792; x_wconf 88' lang='lat' dir='ltr'><strong>aliud</strong></span> <span class='ocrx_word' id='word_1_261' title='bbox 2925 3726 3020 3791; x_wconf 76' lang='lat' dir='ltr'><strong>sit</strong></span> 
     </span>
     <span class='ocr_line' id='line_1_37' title="bbox 859 3819 3021 3906; baseline 0.003 -27"><span class='ocrx_word' id='word_1_262' title='bbox 859 3838 907 3878; x_wconf 67' lang='grc' dir='ltr'><strong>τε</strong></span> <span class='ocrx_word' id='word_1_263' title='bbox 951 3819 1348 3897; x_wconf 88' lang='lat' dir='ltr'><strong>simulatum,</strong></span> <span class='ocrx_word' id='word_1_264' title='bbox 1402 3819 1578 3903; x_wconf 82' lang='lat' dir='ltr'><strong>aliud</strong></span> <span class='ocrx_word' id='word_1_265' title='bbox 1623 3829 1855 3885; x_wconf 87' lang='lat' dir='ltr'><strong>actum.</strong></span> <span class='ocrx_word' id='word_1_266' title='bbox 1944 3819 2110 3886; x_wconf 86' lang='lat' dir='ltr'><strong>hanc</strong></span> <span class='ocrx_word' id='word_1_267' title='bbox 2154 3821 2353 3906; x_wconf 90' lang='lat' dir='ltr'><strong>igitur</strong></span> <span class='ocrx_word' id='word_1_268' title='bbox 2396 3832 2641 3888; x_wconf 81' lang='lat' dir='ltr'><strong>tantam</strong></span> <span class='ocrx_word' id='word_1_269' title='bbox 2678 3845 2717 3887; x_wconf 90' lang='lat' dir='ltr'><strong>a</strong></span> <span class='ocrx_word' id='word_1_270' title='bbox 2762 3821 2859 3886; x_wconf 91' lang='lat' dir='ltr'><strong>dis</strong></span> <span class='ocrx_word' id='word_1_271' title='bbox 2906 3821 3021 3886; x_wconf 90' lang='lat' dir='ltr'><strong>in-</strong></span> 
     </span>
     <span class='ocr_line' id='line_1_38' title="bbox 950 3913 3031 3983; baseline 0.002 -9"><span class='ocrx_word' id='word_1_272' title='bbox 950 3913 1323 3978; x_wconf 87' lang='lat' dir='ltr'><strong>mortalibus</strong></span> <span class='ocrx_word' id='word_1_273' title='bbox 1369 3915 1753 3981; x_wconf 88' lang='lat' dir='ltr'><strong>arbitramur</strong></span> <span class='ocrx_word' id='word_1_274' title='bbox 1796 3915 2109 3981; x_wconf 89' lang='lat' dir='ltr'><strong>malorum</strong></span> <span class='ocrx_word' id='word_1_275' title='bbox 2154 3916 2488 3983; x_wconf 88' lang='lat' dir='ltr'><strong>sementim</strong></span> <span class='ocrx_word' id='word_1_276' title='bbox 2534 3938 2674 3982; x_wconf 89' lang='lat' dir='ltr'><strong>esse</strong></span> <span class='ocrx_word' id='word_1_277' title='bbox 2727 3916 3031 3980; x_wconf 83' lang='lat' dir='ltr'><strong>factam?</strong></span> 
     </span>
     <span class='ocr_line' id='line_1_39' title="bbox 954 4004 3027 4089; baseline 0.003 -23"><span class='ocrx_word' id='word_1_278' title='bbox 954 4004 1008 4066; x_wconf 89' lang='lat' dir='ltr'><strong>si</strong></span> <span class='ocrx_word' id='word_1_279' title='bbox 1045 4005 1212 4070; x_wconf 89' lang='lat' dir='ltr'><strong>enim</strong></span> <span class='ocrx_word' id='word_1_280' title='bbox 1242 4008 1554 4074; x_wconf 87' lang='lat' dir='ltr'><strong>rationem</strong></span> <span class='ocrx_word' id='word_1_281' title='bbox 1588 4009 2057 4074; x_wconf 81' lang='lat' dir='ltr'><strong>hominibus‘di</strong></span> <span class='ocrx_word' id='word_1_282' title='bbox 2091 4011 2431 4089; x_wconf 87' lang='lat' dir='ltr'><strong>dederunt,</strong></span> <span class='ocrx_word' id='word_1_283' title='bbox 2466 4010 2775 4076; x_wconf 88' lang='lat' dir='ltr'><strong>malitiam</strong></span> <span class='ocrx_word' id='word_1_284' title='bbox 2811 4008 3027 4073; x_wconf 89' lang='lat' dir='ltr'><strong>dede-</strong></span> 
     </span>
     <span class='ocr_line' id='line_1_40' title="bbox 959 4103 3028 4192; baseline 0.002 -31"><span class='ocrx_word' id='word_1_285' title='bbox 959 4108 1106 4162; x_wconf 89' lang='lat' dir='ltr'><strong>runt</strong></span> <span class='ocrx_word' id='word_1_286' title='bbox 1116 4123 1135 4178; x_wconf 84' lang='lat'><em>3</em></span> <span class='ocrx_word' id='word_1_287' title='bbox 1187 4112 1284 4166; x_wconf 91' lang='lat' dir='ltr'><strong>est</strong></span> <span class='ocrx_word' id='word_1_288' title='bbox 1320 4104 1501 4169; x_wconf 61' lang='lat' dir='ltr'><strong>&gt;enim</strong></span> <span class='ocrx_word' id='word_1_289' title='bbox 1544 4105 1786 4192; x_wconf 88' lang='lat' dir='ltr'><strong>malitia</strong></span> <span class='ocrx_word' id='word_1_290' title='bbox 1830 4117 2085 4172; x_wconf 88' lang='lat' dir='ltr'><strong>versuta</strong></span> <span class='ocrx_word' id='word_1_291' title='bbox 2130 4118 2195 4172; x_wconf 90' lang='lat' dir='ltr'><strong>et</strong></span> <span class='ocrx_word' id='word_1_292' title='bbox 2245 4107 2445 4172; x_wconf 85' lang='lat' dir='ltr'><strong>fallax</strong></span> <span class='ocrx_word' id='word_1_293' title='bbox 2497 4105 2659 4171; x_wconf 88' lang='lat' dir='ltr'><strong>ratio</strong></span> <span class='ocrx_word' id='word_1_294' title='bbox 2702 4103 2983 4169; x_wconf 86' lang='lat' dir='ltr'><strong>nocendi</strong></span> <span class='ocrx_word' id='word_1_295' title='bbox 2997 4128 3028 4180; x_wconf 77' lang='lat'><em>3</em></span> 
     </span>
    </p>
   </div>
   <div class='ocr_carea' id='block_1_9' title="bbox 3160 0 3163 742">
    <p class='ocr_par' dir='ltr' id='par_1_9' title="bbox 3160 0 3163 742">
     <span class='ocr_line' id='line_1_41' title="bbox 3160 0 3163 742; baseline 0 0"><span class='ocrx_word' id='word_1_296' title='bbox 3160 0 3163 742; x_wconf 95' lang='lat' dir='ltr'><strong> </strong></span> 
     </span>
    </p>
   </div>
   <div class='ocr_carea' id='block_1_10' title="bbox 3161 3519 3162 4547">
    <p class='ocr_par' dir='ltr' id='par_1_10' title="bbox 3161 3519 3162 4547">
     <span class='ocr_line' id='line_1_42' title="bbox 3161 3519 3162 4547; baseline 0 0"><span class='ocrx_word' id='word_1_297' title='bbox 3161 3519 3162 4547; x_wconf 95' lang='lat' dir='ltr'><strong> </strong></span> 
     </span>
    </p>
   </div>
  </div>
 </body>
</html>
