3292 4559
1013 293 1119 348 DE
1152 290 1677 350 DIVINATIONE
1710 293 1759 347 I.
1794 293 2105 349 101-105.
2460 281 2585 346 157

530 418 833 506 religione
853 439 991 483 esse
1018 410 1290 483 servata.
1344 411 1866 502 praerogativam
1878 416 2069 482 etiam
2097 415 2369 483 maiores
2398 439 2589 484 omen

531 515 838 579 iustorum
875 511 1277 576 comitiorum
1313 533 1452 577 esse
1488 512 1846 576 voluerunt.
1900 521 2098 594 atque
2134 533 2255 596 ego
2292 511 2589 598 exempla

533 609 812 672 ominum
844 615 998 670 nota
1040 605 1384 690 proferam.
1475 605 1558 670 L.
1593 604 1843 669 Paulus
1880 605 2103 669 consul
2138 605 2401 684 iterum,
2438 627 2589 670 cum

533 702 588 766 ei
632 700 874 766 bellum
925 709 1000 766 ut
1043 721 1192 764 cum
1235 721 1390 785 rege
1423 697 1625 764 Perse
1678 708 1931 784 gereret
1977 698 2338 784 obtigisset,
2394 711 2469 764 ut
2513 722 2591 765 ea

533 795 670 880 ipsa
706 793 809 858 die
847 791 1109 858 domum
1153 792 1238 857 ad
1281 813 1623 878 vesperum
1658 793 1877 871 rediit,
1913 791 2174 858 filiolam
2211 815 2395 859 suam
2430 791 2593 860 Ter-

534 889 715 964 tiam,
761 908 928 971 quae
964 897 1102 952 tum
1137 897 1274 952 erat
1307 887 1653 952 admodum
1695 910 1897 972 parva
1910 935 1929 964 ,
1976 887 2271 952 osculans
2308 888 2593 952 animum

534 981 802 1046 advertit
837 979 1230 1045 tristiculam.
1279 981 1488 1066 '‘quid
1525 981 1661 1060 est,’
1697 981 1907 1066 inquit
1940 988 2116 1046 ‘mea
2142 980 2402 1047 Tertia?
2434 981 2593 1065 quid

534 1075 726 1140 tristis
765 1073 902 1140 es?’
950 1075 1070 1140 ‘mi
1100 1076 1323 1160 pater,’
1351 1077 1567 1160 ‘inquit
1602 1075 1840 1142 ‘Persa
1872 1076 2101 1162 periit.'
2173 1087 2312 1140 tum
2346 1076 2456 1144 ille
2492 1099 2593 1140 ar-

534 1170 658 1235 tius
685 1169 967 1255 puellam
996 1170 1341 1255 conplexus
1379 1171 1693 1256 ‘accipio,’
1728 1171 1938 1254 inquit
1973 1177 2149 1236 ‘mea
2174 1170 2325 1248 filia,
2355 1169 2593 1248 omen'3

535 1274 670 1330 erat
723 1274 942 1328 autem
972 1273 1284 1328 .mortuus
1328 1264 1592 1333 catellus
1638 1287 1716 1330 eo
1760 1265 2037 1330 nomine.
2134 1264 2216 1329 L.
2261 1263 2591 1340 Flaccum,

534 1358 855 1423 flaminem
887 1357 1289 1436 Martialem,
1343 1381 1464 1446 ego
1511 1359 1730 1425 audivi
1776 1382 1922 1424 oum
1968 1360 2205 1425 diceret
2242 1356 2593 1424 Caeciliam

533 1453 810 1530 Metelli,
857 1474 1006 1516 cum
1049 1453 1243 1520 vellet
1289 1455 1522 1519 sororis
1570 1477 1727 1520 suae
1761 1455 1957 1519 filiam
2002 1455 2072 1518 in
2116 1454 2593 1518 matrimonium

535 1548 892 1622 conlocare,
940 1546 1146 1612 exisse
1189 1547 1258 1611 in
1303 1547 1629 1631 quoddam
1677 1548 1984 1612 sacellum
2020 1549 2250 1612 ominis
2298 1545 2595 1632 capiendi

535 1663 747 1718 causa,
783 1639 960 1724 quod
991 1641 1130 1705 fieri
1163 1663 1341 1706 more
1369 1654 1659 1708 veterum
1688 1641 1963 1707 solebat:
2002 1663 2149 1706 cum
2176 1641 2359 1726 virgo
2396 1649 2595 1704 staret

535 1746 597 1802 et
616 1732 899 1798 Caecilia
931 1733 1000 1796 in
1035 1735 1192 1798 sella
1227 1736 1478 1800 sederet
1511 1757 1723 1818 neque
1758 1735 1869 1798 diu
1904 1735 2037 1799 ulla
2070 1757 2199 1799 vox
2228 1735 2592 1810 exstitisset,

533 1829 814 1915 puellam
858 1823 1274 1912 defatigatam
1321 1830 1557 1913 petisse
1601 1852 1642 1892 a
1685 1838 2029 1892 matertera
2072 1838 2145 1893 ut
2198 1829 2321 1892 sibi
2366 1849 2594 1892 conce-

539 1921 732 1997 deret,
767 1919 1091 2006 paulisper
1127 1931 1200 1984 ut
1230 1922 1300 1986 in
1329 1923 1466 1986 eius
1495 1922 1655 1986 sella
1680 1921 2137 2004 requiesceret3
2173 1921 2350 1985 illam
2378 1930 2595 1984 autem

537 2013 801 2078 dixisset
858 2019 1073 2090 ‘ver0,
1125 2037 1271 2079 mea
1321 2015 1565 2100 puella,
1599 2013 1745 2085 ,tibi
1799 2015 2080 2079 concedo
2132 2035 2311 2078 meas
2366 2012 2590 2078 sedes?

536 2107 708 2192 quod
754 2127 944 2171 omen
985 2129 1089 2172 res
1137 2102 1478 2176 consecuta
1523 2119 1646 2173 est:
1702 2108 1843 2193 ipsa
1885 2107 2057 2173 enim
2109 2107 2291 2172 brevi
2342 2116 2595 2172 mortua

537 2211 656 2275 est,
694 2200 876 2284 virgo
916 2209 1131 2266 autem
1163 2202 1385 2288 nupsit
1419 2201 1525 2266 cui
1561 2198 1849 2266 Caecilia
1879 2212 2083 2287 nupta
2115 2201 2344 2266 fuerat.
2431 2200 2593 2265 haec

533 2317 723 2381 posse
760 2295 1078 2359 contemni
1123 2296 1226 2362 vel
1275 2295 1469 2360 etiam
1503 2295 1699 2360 rideri
1732 2296 2059 2381 praeclare
2093 2295 2428 2381 intellego,
2480 2294 2596 2360 sed

531 2389 602 2455 id
635 2389 848 2475 ipsum
883 2398 980 2453 est
1023 2387 1176 2454 deos
1210 2411 1341 2454 non
1386 2401 1644 2475 putare,
1700 2411 1865 2474 quae
1902 2389 1986 2453 ab
2030 2388 2107 2454 iis
2154 2389 2595 2475 significantur

535 2494 958 2548 contemnere.

666 2576 844 2659 Quid
880 2576 960 2641 de
997 2577 1348 2663 auguribus
1381 2577 1647 2662 loquar?
1699 2587 1850 2643 tuae
1896 2587 2109 2664 partes
2156 2587 2331 2655 sunt3
2387 2588 2591 2655 tuum,
2620 2578 2699 2690 ἑξ

534 2673 828 2756 inquam,
881 2671 1309 2755 auspiciorum
1354 2671 1781 2756 patrocinium
1824 2671 2017 2737 debet
2052 2694 2213 2737 esse.
2302 2670 2423 2734 tibi
2457 2671 2589 2755 Ap.

538 2763 852 2830 Claudius
887 2786 1097 2848 augur
1133 2765 1378 2830 consuli
1413 2765 1753 2842 nuntiavit,
1788 2765 2162 2831 addubitato
2200 2764 2443 2830 Salutis
2480 2787 2593 2828 au-

537 2858 755 2942 guri0,
817 2857 1060 2921 bellum
1111 2857 1530 2924 domesticum
1582 2859 1760 2924 triste
1812 2881 1889 2924 ac
1940 2859 2381 2925 turbulentum
2424 2857 2591 2923 fore:

539 2950 715 3036 quod
747 2948 970 3034 paucis
1003 2962 1149 3034 post
1179 2953 1510 3018 mensibus
1547 2963 1841 3017 exortum
1874 2953 2283 3038 paucioribus
2322 2975 2364 3018 a
2396 2962 2461 3019 te
2498 2962 2595 3017 est

541 3045 768 3110 diebus
815 3064 1207 3128 oppressum.
1298 3047 1402 3110 cui
1445 3047 1708 3130 quidem
1750 3047 1981 3132 auguri
2026 3048 2438 3116 vehementer
2482 3047 2596 3112 ad-

540 3139 778 3206 sentior
785 3162 806 3217 3
843 3139 1016 3204 solus
1053 3141 1222 3205 enim
1256 3141 1603 3207 multorum
1639 3164 1952 3208 annorum
1988 3145 2296 3210 memoria
2328 3167 2459 3210 non
2487 3144 2597 3208 de-

540 3233 841 3301 cantandi
876 3233 1146 3320 augurii,
1184 3234 1299 3300 sed
1327 3234 1655 3301 divinandi
1689 3237 1892 3302 tenuit
1918 3237 2341 3323 disciplinam.
2402 3259 2596 3321 quem

537 3328 904 3420 inridebant
938 3328 1222 3414 collegae
1257 3329 1350 3393 tui
1387 3352 1663 3415 eumque
1702 3342 1841 3398 tum
1874 3331 2185 3410 Pisidam,
2221 3343 2363 3397 tum
2399 3329 2597 3396 Sora-

538 3445 698 3489 num
732 3445 1043 3509 augurem
1091 3444 1231 3488 esse
1275 3424 1601 3502 dicebant3
1656 3425 1891 3508 quibus
1936 3426 2115 3491 nulla
2156 3425 2495 3490 videbatur
2525 3423 2594 3488 in

539 3517 827 3604 auguriis
862 3527 976 3582 aut
1007 3518 1374 3602 praesensio
1412 3529 1522 3583 aut
1557 3519 1825 3586 scientia
1859 3519 2143 3584 veritatis
2178 3519 2457 3594 futurae,
2494 3540 2598 3582 sa-

537 3614 790 3699 pienter
824 3611 1081 3678 aiebant
1115 3611 1198 3676 ad
1225 3612 1588 3698 opinionem
1620 3614 2040 3700 inperitorum
2068 3635 2209 3680 esse
2242 3611 2426 3678 fictas
2449 3611 2597 3677 reli-

538 3707 784 3792 giones.
855 3707 1030 3790 quod
1062 3706 1256 3795 longe
1291 3729 1478 3773 secus
1515 3719 1642 3786 est3
1679 3729 1889 3793 neque
1925 3706 2096 3772 enim
2129 3707 2201 3773 in
2232 3705 2595 3792 pastoribus

539 3800 695 3875 illis,
731 3799 964 3884 quibus
989 3800 1306 3868 Romulus
1342 3800 1650 3888 praefuit,
1684 3825 1808 3868 nec
1838 3801 1909 3867 in
1946 3802 2085 3888 ipso
2121 3800 2401 3867 Romulo
2436 3801 2597 3865 haec

543 3894 854 3960 calliditas
889 3917 1030 3961 esse
1063 3897 1291 3982 potuit,
1327 3906 1402 3961 ut
1436 3896 1519 3961 ad
1554 3919 1833 3964 errorem
1868 3895 2293 3961 multitudinis
2337 3894 2595 3982 religio-

540 3987 642 4051 nis
678 3987 1014 4054 simulacra
1047 3991 1378 4077 fingerent.
1434 3991 1550 4058 sed
1584 3991 1931 4058 difficultas
1964 3990 2275 4076 laborque
2313 3989 2599 4058 discendi

540 4080 844 4148 disertam
895 4087 1368 4172 neglegentiam
1420 4085 1697 4152 reddidit
1704 4109 1725 4165 3
1778 4087 2023 4152 malunt
2068 4083 2241 4151 enim
2286 4086 2597 4156 disserere

2621 527 2694 582 46

2622 1283 2699 1322 104
