3292 4559
1018 279 1129 336 DE
1159 273 1686 340 DIVINATIONE
1719 275 1797 332 11.
1829 277 2072 332 49—54„
2454 261 2580 327 185

525 402 967 490 haruspicinae
1003 402 1339 492 disciplina
1372 400 1830 478 contineretur3
1867 423 2009 465 eam
2044 410 2270 485 postea
2303 396 2578 464 crevisse

526 497 719 563 rebus
753 497 934 562 novis
982 495 1442 588 cognoscendis
1490 517 1557 560 er.
1591 494 1676 559 ad
1721 493 1946 559 eadem
1980 494 2092 559 illa
2135 492 2448 579 principia
2477 515 2580 558 re-

524 590 823 658 ferendis.
910 590 1071 657 haec
1106 589 1473 676 accepimus
1507 589 1590 654 ab
1625 589 1814 675 ipsis,
1860 588 2022 659 haec
2055 589 2292 676 scripta
2326 609 2581 654 conser-

525 695 707 763 vant,
761 686 935 752 hunc
976 685 1223 750 fontem
1270 683 1513 749 habent
1554 683 1950 770 disciplinae.
2034 705 2190 748 num
2225 704 2380 770 ergo
2415 704 2578 770 opus
2620 698 2671 740 ⁵1

524 790 621 845 est
663 779 749 845 ad
792 779 952 844 haec
1003 777 1355 844 refellenda
1391 773 1770 844 Carneade?
1818 799 1978 842 num
2019 775 2350 864 Epicuro?
2400 789 2580 844 estne

522 875 867 959 quisquam
900 874 993 938 ita
1028 872 1372 958 desipiens,
1408 873 1521 956 qui
1558 872 1777 938 credat
1813 883 2146 936 exaratum
2181 893 2350 950 esse,
2387 872 2576 939 deum

520 968 736 1032 dicam
770 989 854 1031 an
890 965 1255 1033 hominem?
1306 966 1365 1030 si
1400 964 1624 1042 deum,
1675 987 1792 1030 cur
1823 987 1895 1030 se
1931 974 2154 1030 contra
2184 976 2479 1030 naturam
2511 966 2576 1030 in

522 1073 759 1126 terram
814 1059 1089 1138 abdidit,
1153 1070 1228 1125 ut
1278 1058 1641 1146 patefactus
1705 1069 1914 1124 aratro
1966 1058 2178 1123 lucem
2233 1059 2580 1144 aspiceret?

523 1155 721 1240 quid?
770 1155 944 1221 idem
996 1175 1209 1220 nonne
1253 1163 1507 1241 poterat
1551 1153 1712 1219 deus
1763 1151 2130 1218 hominibus
2182 1152 2575 1240 disciplinam

527 1249 857 1336 superiore
894 1272 931 1316 e
964 1249 1110 1316 loco
1146 1249 1439 1314 tradere?
1474 1248 1530 1313 si
1565 1258 1784 1314 autem
1820 1246 2012 1318 homo
2041 1247 2152 1314 ille
2184 1244 2402 1334 Tages
2436 1247 2579 1325 fuit,

520 1364 802 1428 quonam
837 1344 1031 1410 modo
1066 1343 1276 1431 potuit
1308 1353 1479 1410 terra
1513 1364 1858 1429 oppressus
1896 1343 2150 1409 vivere?
2184 1343 2356 1408 unde
2388 1363 2578 1428 porro

520 1440 633 1503 illa
681 1439 917 1525 potuit,
972 1459 1139 1524 quae
1184 1438 1459 1504 docebat
1502 1437 1682 1514 alios,
1733 1437 1874 1525 ipse
1919 1435 2257 1504 didicisse?
2307 1438 2422 1503 sed
2457 1459 2578 1523 ego

520 1531 945 1619 insipientior,
980 1553 1179 1616 quam
1210 1531 1305 1598 illi
1338 1531 1491 1618 ipsi,
1526 1530 1641 1616 qui
1673 1530 1800 1597 ista
1834 1528 2133 1609 credunt,
2171 1531 2283 1616 qui
2317 1531 2582 1615 quidem

522 1639 745 1692 contra
795 1649 905 1694 eos
958 1637 1091 1692 tam
1142 1627 1257 1693 diu
1311 1627 1652 1712 disputem.
1911 1627 2124 1692 Vetus
2157 1637 2374 1692 autem
2418 1626 2579 1690 illud
2611 1637 2682 1692 24

524 1717 791 1785 Catonis
826 1721 1175 1786 admodum
1211 1721 1442 1786 scitum
1478 1731 1594 1797 est,
1631 1721 1746 1804 qui
1779 1720 2000 1785 mirari
2034 1741 2103 1785 se
2139 1718 2371 1797 aiebat,
2407 1719 2580 1804 quod

522 1833 655 1878 non
697 1812 935 1878 rideret
972 1812 1295 1900 haruspex
1308 1860 1327 1890 ,
1380 1813 1786 1898 haruspicem
1839 1835 1986 1878 cum
2038 1813 2329 1879 vidisset:
2385 1825 2583 1898 quota
2623 1829 2675 1870 ⁵2

524 1905 697 1972 enim
726 1926 1024 1990 quaeque
1057 1929 1162 1972 res
1194 1906 1408 1972 evenit
1439 1906 1770 1991 praedicta
1803 1906 1887 1971 ab
1920 1905 2100 1970 istis?
2132 1916 2247 1971 aut
2280 1906 2334 1970 si
2369 1907 2580 1972 evenit

522 1999 883 2087 quippiam,
920 2000 1078 2084 quid
1112 2000 1350 2066 adferri
1384 2008 1615 2085 potest,
1651 2021 1770 2066 cur
1800 2021 1933 2064 non
1967 2020 2123 2064 casu
2155 2000 2225 2064 id
2261 2000 2580 2066 evenerit?

524 2117 645 2161 rex
687 2093 989 2173 Prusias,
1045 2116 1195 2160 cum
1228 2091 1585 2158 Hannibali
1619 2093 1796 2180 apud
1841 2115 1990 2159 eum
2026 2093 2345 2160 exsulanti
2379 2091 2574 2180 depu-

522 2189 710 2276 gnari
761 2188 1075 2276 placeret,
1126 2188 1410 2275 negabat
1454 2209 1523 2253 se
1567 2187 1833 2265 audere,
1889 2188 2063 2272 quod
2097 2199 2245 2253 exta
2284 2187 2580 2298 prohibe·

520 2295 693 2350 rent:
731 2283 869 2350 ‘ain
904 2283 1040 2349 tu?'
1084 2282 1295 2368 inquit
1339 2283 1754 2349 ‘carunculae
1790 2282 2100 2348 vitulinae
2141 2283 2348 2348 mavis
2385 2304 2576 2367 quam

520 2377 888 2465 imperatori
939 2376 1140 2443 veteri
1192 2374 1517 2443 credere?'
1571 2377 1772 2461 quid?
1821 2377 1961 2461 ipse
2016 2374 2287 2455 Caesar,
2343 2399 2491 2444 cum
2542 2401 2580 2442 a

520 2493 772 2538 summo
805 2472 1144 2558 haruspice
1179 2482 1545 2538 moneretur
1576 2493 1660 2536 ne
1694 2471 1764 2536 in
1780 2471 2076 2538 Africam
2103 2483 2251 2538 ante
2286 2472 2581 2538 brumam

520 2568 1001 2644 transmitteret,
1035 2587 1251 2633 nonne
1284 2564 1674 2631 transmisit?
1709 2565 1885 2649 quod
1918 2565 1988 2630 ni
2022 2565 2310 2643 fecisset,
2345 2587 2477 2630 uno
2513 2566 2582 2630 in

520 2659 668 2726 loco
720 2683 943 2726 omnes
1004 2660 1514 2726 adversariorum
1578 2659 1802 2745 copiae
1857 2660 2320 2726 convenissent.
2424 2659 2580 2744 quid

524 2776 649 2840 ego
683 2754 1097 2839 haruspicum
1129 2775 1441 2840 responsa
1476 2774 1972 2820 commemorem
1988 2789 2078 2800 —
2101 2775 2367 2840 possum
2400 2754 2580 2837 equi-

524 2847 675 2912 dem
708 2846 1199 2912 innumerabilia
1229 2883 1347 2925 —,
1392 2868 1558 2930 quae
1593 2857 1707 2912 aut
1739 2847 1952 2912 nullos
1994 2846 2335 2914 habuerint
2369 2847 2578 2914 exitus

526 2950 641 3005 aut
693 2932 1080 3005 contrarios?
1142 2940 1265 3006 hoc
1318 2939 1491 3008 civili
1541 2940 1742 3016 bello,
1797 2940 1863 3005 di
1921 2942 2319 3009 inmortales!
2383 2966 2579 3029 quam
2622 2963 2674 3004 5³

522 3033 729 3098 multa
762 3031 1079 3097 luserunt!
1128 3053 1294 3117 quae
1326 3033 1515 3098 nobis
1548 3034 1618 3098 in
1655 3031 1998 3100 Graeciam
2032 3037 2243 3103 Roma
2273 3061 2581 3124 responsa

523 3125 939 3212 haruspicum
973 3125 1170 3192 missa
1204 3127 1379 3192 suntl
1418 3149 1585 3211 quae
1619 3127 1792 3195 dicta
1822 3128 2166 3216 Pompeiol
2203 3133 2440 3198 etenim
2471 3133 2579 3198 ille

522 3220 875 3287 admodum
920 3218 1085 3285 extis
1132 3230 1200 3287 et
1244 3222 1506 3295 ostentis
1540 3223 1938 3290 movebatur.
2023 3246 2153 3291 non
2195 3226 2376 3292 lubet
2409 3247 2580 3292 com-

520 3335 909 3393 memorare,
943 3335 1065 3382 nec
1099 3336 1253 3382 vero
1286 3337 1548 3382 necesse
1582 3328 1700 3396 est,
1737 3317 1854 3384 tibi
1887 3319 2291 3406 praesertim,
2335 3319 2450 3404 qui
2482 3319 2581 3383 in-

500 3409 832 3488 .terfuisti;
885 3407 1065 3478 vides
1112 3420 1327 3476 tamen
1380 3411 1595 3478 omnia
1644 3413 1780 3479 fere
1831 3424 2056 3480 contra
2099 3435 2177 3479 ac
2229 3412 2402 3478 dicta
2453 3413 2582 3478 sint

520 3505 835 3574 evenisse.
886 3504 1003 3571 sed
1037 3504 1199 3571 haec
1232 3505 1572 3584 hactenus3
1608 3530 1784 3574 nunc
1818 3507 1902 3574 ad
1938 3517 2189 3574 ostenta
2223 3507 2576 3573 veniamus.

649 3601 869 3666 Multa
898 3621 1005 3666 me
1048 3599 1311 3666 consule
1346 3623 1387 3666 a
1420 3622 1525 3667 me
1566 3601 1709 3687 ipso
1743 3602 1984 3688 scripta
2014 3602 2324 3679 recitasti,
2375 3602 2581 3667 multa
2612 3585 2684 3640 2⁵

520 3705 672 3762 ante
697 3693 1053 3760 Marsicum
1085 3693 1327 3761 bellum
1358 3717 1397 3759 a
1416 3693 1694 3761 Sisenna
1728 3697 2018 3762 conlecta
2051 3696 2340 3775 attulisti,
2377 3657 2676 3762 multa5⁴

520 3801 673 3858 ante
723 3787 1391 3854 Lacedaemoniorum
1440 3791 1678 3856 malam
1727 3812 2018 3876 pugnam
2065 3791 2137 3856 in
2187 3789 2486 3858 Leuctris
2539 3813 2578 3855 a

524 3879 916 3950 Callisthene
950 3894 1449 3950 commemorata
1484 3883 1732 3962 dixisti3
1767 3883 1850 3949 de
1883 3884 2121 3968 quibus
2155 3884 2364 3952 dicam
2400 3884 2577 3969 equi·-

524 3975 675 4040 dem
710 3976 1009 4062 singulis,
1062 3978 1279 4061 quoad
1316 3977 1637 4044 videbitur
1650 4025 1669 4055 ,
1723 3978 1839 4044 sed
1872 3977 2216 4046 dicendum
2251 3978 2444 4048 etiam
2477 3989 2575 4046 est

524 4068 607 4136 de
641 4069 977 4138 universis.
1062 4092 1231 4158 quae
1272 4083 1373 4140 est
1418 4072 1588 4140 enim
1631 4072 1758 4139 ista
1791 4097 1831 4140 a
1865 4074 2002 4140 deis
2046 4075 2336 4162 profecta
2377 4073 2575 4160 signi-
