3292 4559
905 272 1013 329 DE
1044 270 1374 329 DEORUM
1409 254 1737 327 NATURA
1768 260 1815 325 1.
1852 267 2097 323 50—57.
2453 254 2535 319 19

477 402 734 469 efficere
777 397 915 465 sine
959 396 1174 481 aliqua
1215 404 1430 461 mente
1472 392 1675 479 possit
1717 412 1849 457 non
1890 390 2149 468 videtis,
2196 399 2269 455 ιιι
2312 390 2539 476 tragici

477 502 734 583 po'e‘tae,
791 514 941 559 cum
993 492 1314 578 explicare
1343 486 1731 599 ’argumenti
1782 486 2026 552 exitum
2075 506 2207 553 non
2248 484 2536 571 potestis,

478 587 824 675 confugitis
861 587 946 651 ad
982 586 1206 663 deum,
1260 584 1443 649 cuius
1487 602 1749 668 operam
1782 580 2071 667 profecto
2112 601 2244 644 non
2288 578 2635 645 deside-54

477 682 735 759 raretiS,
788 682 843 746 si
895 681 1249 745 inmensam
1301 688 1366 747 et
1427 675 1900 741 interminatam
1960 673 2031 739 in
2081 672 2287 738 omnis
2342 673 2539 785 partis

479 775 985 863 magnitudinem
1037 774 1376 860 regionum
1427 769 1758 846 videretis,
1808 768 1879 833 in
1921 790 2117 853 quam
2159 790 2229 834 se
2274 766 2562 833 iniciens

481 871 732 937 animus
779 881 844 937 et
886 869 1226 936 intendens
1268 868 1360 933 ita
1399 867 1530 933 late
1571 867 1893 952 longeque
1937 864 2409 973 peregrinatur,
2468 874 2543 929 ut

480 966 726 1030 nullam
767 976 984 1029 tamen
1030 983 1211 1029 oram
1253 959 1548 1027 ultimam
1581 959 1827 1034 videat,
1880 958 1948 1023 in
1984 980 2113 1041 qua
2153 958 2355 1043 possit
2387 957 2543 1023 insi·
2602 1016 2605 1018 Α

484 1070 671 1125 stere.
758 1058 829 1123 in
862 1058 985 1123 hac
1029 1056 1226 1143 igitur
1267 1054 1671 1121 inmensitate
1704 1052 2143 1129 latitudinum,
2195 1051 2544 1138 longitudi-

483 1174 669 1229 num,
739 1150 1148 1217 altitudinum
1217 1150 1466 1216 infinita
1536 1150 1634 1214 vis
1697 1146 2260 1215 innumerabilium
2322 1145 2543 1211 volitat

483 1258 862 1324 atomorum,
899 1269 1066 1332 quae
1093 1246 1422 1313 interiecto
1447 1244 1626 1311 inani
1656 1244 2111 1311 cohaerescunt
2134 1253 2352 1309 tamen
2378 1242 2545 1309 inter

484 1365 554 1407 se
607 1352 672 1407 et
723 1342 886 1407 aliae
940 1341 1096 1407 alias
1139 1339 1696 1427 adprehendentes
1742 1338 2223 1415 continuantur3
2280 1360 2361 1403 ex
2413 1358 2541 1421 quo

485 1436 850 1501 efficiuntur
891 1458 1005 1503 eae
1049 1458 1264 1501 rerum
1307 1434 1553 1500 formae
1589 1445 1654 1499 et
1685 1432 1966 1520 figurae,
2008 1454 2169 1517 quas
2214 1454 2329 1497 vos
2376 1432 2546 1497 effici

484 1554 674 1618 posse
709 1531 847 1595 sine
882 1530 1142 1596 follibus
1179 1540 1246 1596 et
1285 1530 1628 1611 incudibus
1673 1550 1805 1595 non
1846 1528 2105 1615 putatis.
2193 1528 2413 1612 itaque
2446 1528 2545 1591 in-

483 1624 784 1711 posuistis
848 1626 917 1689 in
972 1624 1326 1691 cervicibus
1387 1623 1618 1689 nostris
1681 1624 2139 1709 sempiternum
2194 1620 2543 1697 dominum,

484 1742 678 1803 quem
726 1719 863 1785 dies
911 1730 974 1784 et
1025 1718 1228 1784 noctis
1283 1718 1651 1785 timeremus
1663 1742 1683 1795 3
1736 1718 1881 1801 quis
1926 1718 2097 1783 enim
2140 1737 2273 1781 non
2324 1715 2547 1781 timeat

486 1814 702 1878 omnia
735 1813 1180 1897 providentem
1215 1822 1278 1877 et
1315 1812 1705 1897 cogitantem
1733 1822 1795 1874 et
1832 1810 2447 1875 animadvertentem
2482 1818 2547 1874 et

485 1908 702 1971 omnia
737 1907 822 1970 ad
857 1930 926 1971 se
959 1906 1277 1990 pertinere
1312 1915 1648 1989 putantem
1684 1904 2007 1968 curiosum
2036 1915 2102 1967 et
2133 1904 2397 1988 plenum
2432 1925 2546 1967 ne-

487 2000 648 2085 gotii
682 1999 915 2063 deum?
947 1999 1098 2063 hinc
1133 1998 1318 2063 vobis
1355 1997 1596 2063 exstitit
1629 1996 1908 2081 primum
1940 1996 2051 2061 illa
2085 1996 2298 2060 fatalis
2324 2016 2547 2061 neces·
2590 2018 2639 2059 55

488 2093 671 2169 sitas,
710 2112 906 2175 quam
945 2091 1334 2179 εἱμαρμένην
1372 2090 1608 2167 dicitis,
1652 2100 1752 2167 ut,
1800 2088 2107 2175 quicquid
2151 2088 2426 2166 accidat,
2479 2089 2548 2153 id

487 2210 572 2252 ex
619 2196 879 2251 aeterna
925 2186 1198 2252 veritate
1243 2206 1709 2269 causarumque
1762 2183 2236 2250 continuatione
2280 2184 2549 2250 fluxisse

488 2279 734 2345 dicatis.
823 2280 1046 2364 quanti
1091 2290 1308 2346 autem
1356 2280 1516 2347 haec
1551 2278 1957 2365 philosophia
1999 2278 2395 2344 aestimanda
2429 2289 2547 2355 est,

490 2373 595 2439 cui
646 2383 974 2457 tamquam
1025 2373 1292 2439 aniculis
1347 2383 1411 2439 et
1461 2372 1541 2439 iis
1586 2372 1848 2457 quidem
1900 2371 2171 2437 indoctis
2223 2371 2357 2437 fato
2410 2372 2549 2437 fieri

488 2467 827 2533 videantur
861 2468 1112 2533 omnia?
1165 2468 1454 2553 sequitur
1494 2464 1769 2553 μαντικὴ
1812 2477 2055 2545 vestra,
2110 2488 2279 2551 quae
2312 2466 2548 2532 Latine

489 2564 796 2635 divinatio
833 2564 1092 2641 dicitur,
1137 2586 1268 2648 qua
1312 2575 1492 2629 tanta
1525 2564 1941 2631 inbueremur
1974 2563 2449 2649 superstitione,
2494 2565 2549 2628 si

491 2678 606 2722 vos
643 2658 864 2723 audire
899 2657 1228 2736 vellemus,
1263 2668 1338 2723 ut
1369 2658 1771 2744 haruspices,
1810 2678 2107 2743 augures,
2144 2656 2399 2733 harioli,
2435 2679 2550 2722 va-

483 2764 619 2829 tes,
661 2752 1052 2818 coniectores
1096 2753 1281 2818 nobis
1329 2764 1540 2819 essent
1577 2752 1848 2818 colendi.
1937 2750 2037 2815 his
2082 2750 2429 2816 terroribus
2466 2752 2548 2815 ab
2592 2770 2644 2809 56

490 2846 777 2933 Epicuro
821 2848 1014 2912 soluti
1062 2858 1124 2913 et
1168 2848 1236 2912 in
1278 2847 1639 2913 libertatem
1681 2845 1990 2912 vindicati
2033 2867 2155 2911 nec
2204 2845 2547 2911 metuimus

483 2964 635 3019 eos,
671 2961 832 3024 quos
875 2940 1304 3026 intellegimus
1347 2963 1468 3008 nec
1516 2940 1638 3005 sibi
1671 2939 1915 3026 fingere
1950 2940 2148 3007 ullam
2193 2940 2553 3005 molestiam

495 3056 615 3099 nec
678 3034 861 3099 alteri
922 3055 1259 3118 quaerere,
1331 3046 1397 3101 et
1456 3035 1562 3121 pie
1631 3044 1977 3119 sancteque
2042 3034 2307 3099 colimus
2367 3044 2553 3099 natu-

494 3151 634 3195 ram
678 3129 1094 3194 excellentem
1139 3139 1332 3213 atque
1383 3138 1833 3215 praestantem.
1934 3128 2047 3194 sed
2091 3130 2295 3195 elatus
2340 3127 2551 3194 studio

497 3246 722 3289 vereor
771 3245 856 3288 ne
899 3223 1150 3309 longior
1166 3234 1178 3245 ’
1194 3223 1454 3301 fuerim3
1501 3235 1640 3290 erat
1686 3235 1903 3289 autem
1938 3222 2196 3290 difficile
2230 3246 2367 3290 rem
2411 3235 2553 3289 tan-

495 3329 632 3382 tam
689 3328 950 3401 tamque
1002 3318 1396 3404 praeclaram
1453 3317 1820 3384 inchoatam
1872 3317 2259 3401 relinquere:
2328 3340 2554 3403 quam-

491 3434 696 3495 quam
745 3433 876 3477 non
927 3423 1060 3479 tam
1111 3412 1364 3478 dicendi
1417 3411 1579 3479 ratio
1633 3411 1791 3477 mihi
1843 3412 2140 3478 habenda
2190 3411 2312 3477 fuit
2356 3433 2551 3495 quam

495 3504 842 3571 audiendi!

630 3599 804 3665 Tum
821 3597 1017 3665 Cotta
1045 3599 1326 3678 comiter,
1361 3611 1435 3665 ut
1464 3600 1732 3678 solebat,
1769 3600 2015 3685 ‘atqui,'
2052 3601 2259 3685 inquit
2294 3598 2553 3677 ‘Vellei,
2589 3598 2659 3653 21

495 3691 627 3759 nisi
661 3702 734 3757 tu
769 3692 1012 3777 aliquid
1047 3693 1348 3773 dixisses,
1401 3693 1560 3759 nihil
1595 3716 1750 3760 sane
1785 3717 1866 3759 ex
1900 3717 2004 3761 me
2038 3693 2298 3778 quidem
2334 3670 2623 3758 audire⁵

502 3787 848 3875 potuisses3
901 3787 1058 3853 mihi
1109 3790 1278 3855 enim
1322 3810 1452 3854 non
1497 3798 1630 3854 tam
1672 3787 1923 3855 facile'
1902 3811 1971 3852 ιιι
2014 3798 2292 3853 mentem
2336 3786 2554 3853 venire

506 3882 687 3960 solet,
724 3904 854 3967 qua
885 3904 957 3948 re
990 3906 1215 3949 verum
1251 3885 1336 3951 sit
1370 3884 1634 3969 aliquid,
1671 3903 1867 3969 quam
1900 3902 2030 3969 qua
2062 3906 2133 3949 re
2167 3881 2421 3961 falsum,
2457 3880 2557 3949 id·-

497 3996 632 4059 que
659 3998 807 4043 cum
835 4000 1048 4066 saepe,
1085 3988 1242 4057 tum,
1279 4002 1428 4047 cum
1452 3990 1518 4046 te
1546 3978 1853 4056 audirem,
1881 3979 2074 4065 paulo
2094 3988 2241 4044 ante
2269 3978 2551 4063 contigit.

483 4076 692 4157 'roges
743 4096 878 4153 me,
933 4074 1186 4160 qualem
1230 4086 1528 4143 naturam
1574 4074 1839 4141 deorum
1890 4096 2029 4139 esse
2083 4072 2343 4149 ducam,
2398 4070 2559 4139 nihil

2127 4172 2161 4228 2
2175 4174 2199 4202 fi
