3292 4559
717 287 847 354 174
1336 299 1413 354 Μ.
1452 298 1724 357 TULLII
1758 297 2162 358 CICERONIS

713 425 983 502 somnia,
1020 424 1101 490 de
1135 423 1370 508 quibus
1406 423 1676 510 singulis
1712 423 1922 490 dicam
1957 445 2078 492 suo
2111 424 2274 502 loco,
2310 445 2484 491 nunc
2521 424 2604 491 de
2638 425 2782 492 uni-

636 539 685 580 1⁷
711 521 935 590 versis.
1040 519 1153 605 qui
1204 529 1417 605 potest
1475 518 1799 604 provideri
1863 520 2210 606 quicquam
2271 517 2565 585 futurum
2616 542 2778 599 esse,

713 617 889 705 quod
921 637 1135 702 neque
1168 637 1429 680 causam
1464 613 1664 680 habet
1695 614 1895 681 ullam
1929 635 2141 699 neque
2175 626 2416 691 notam,
2453 636 2570 679 cur
2603 612 2780 680 futu-

710 737 857 779 rum
892 711 1013 778 sit?
1057 709 1208 776 solis
1243 707 1637 775 defectiones
1672 708 1958 794 itemque
1992 710 2186 775 lunae
2219 707 2681 795 praedicuntur
2711 708 2778 773 in

709 809 947 874 multos
994 827 1196 873 annos
1244 805 1327 870 ab
1372 803 1481 882 iis,
1528 804 1641 889 qui
1679 804 1962 871 siderum
1996 815 2208 870 motus
2241 803 2526 872 numeris
2562 825 2778 890 perse-

710 912 1024 987 quunmr3
1080 922 1158 966 ea
1210 898 1590 985 praedicunt
1642 900 1815 965 enim
1828 947 1847 977 ,
1902 921 2070 984 quae
2113 910 2383 966 naturae
2427 898 2774 964 necessitas

707 995 1077 1084 perfectura
1128 1005 1243 1060 est.
1350 993 1574 1060 vident
1625 1016 1709 1059 ex
1762 993 2277 1060 constantissimo
2329 1003 2512 1058 motu
2563 992 2774 1070 lunae,

706 1088 969 1176 quando
1019 1089 1131 1155 illa
1186 1112 1222 1154 e
1274 1089 1539 1174 regione
1592 1088 1744 1154 solis
1797 1087 1974 1155 facta
2023 1088 2310 1154 incurrat
2359 1088 2430 1152 in
2479 1084 2775 1152 umbram

707 1197 944 1263 terrae,
996 1204 1167 1269 quae
1203 1194 1301 1250 est
1342 1194 1516 1249 meta
1559 1183 1766 1251 noctis
1779 1231 1798 1263 ,
1851 1194 1925 1248 ut
1960 1206 2105 1249 eam
2139 1181 2471 1249 obscurari
2512 1203 2774 1248 necesse

707 1281 809 1358 sit,
846 1279 1235 1365 quandoque
1272 1279 1499 1345 eadem
1533 1279 1709 1356 luna,
1745 1280 2038 1345 subiecta
2072 1289 2268 1364 atque
2305 1277 2596 1364 opposita
2630 1277 2770 1352 soli,

705 1374 941 1440 nostris
976 1374 1177 1440 oculis
1214 1374 1352 1439 eius
1385 1375 1604 1440 lumen
1633 1375 1952 1452 obscuret,
1987 1396 2117 1460 quo
2151 1373 2222 1440 in
2257 1372 2442 1459 signo
2478 1391 2772 1456 quaeque

706 1467 1058 1534 errantium
1100 1468 1431 1536 stellarum
1467 1490 1725 1554 quoque
1768 1480 2056 1556 tempore
2091 1467 2312 1534 futura
2345 1467 2458 1545 sit,
2510 1466 2626 1552 qui
2659 1489 2774 1532 ex-

707 1573 883 1628 ortus
928 1583 1187 1648 quoque
1224 1563 1328 1628 die
1374 1563 1545 1649 signi
1590 1563 1862 1629 alicuius
1899 1567 2011 1629 aut
2044 1563 2160 1648 qui
2204 1583 2471 1629 occasus
2515 1560 2771 1626 futurus

706 1659 816 1723 sit:
862 1657 1025 1725 haec
1071 1658 1183 1742 qui
1219 1669 1368 1725 ante
1403 1658 1655 1736 dicunt,
1703 1680 1900 1743 quam
1943 1659 2257 1724 rationem
2291 1659 2642 1742 sequantur
2676 1655 2772 1720 vi-

628 1749 841 1862 l'gdes.
930 1752 1043 1836 qui
1086 1752 1459 1819 thesaurum
1503 1753 1842 1819 inventum
1886 1753 1966 1818 iri
2003 1763 2116 1818 aut
2159 1743 2583 1819 hereditatem
2617 1774 2773 1818 ven-

704 1859 918 1913 turam
953 1847 1203 1924 dicunt,
1240 1847 1396 1932 quid
1431 1849 1826 1933 sequuntur?
1877 1858 1991 1914 aut
2022 1848 2092 1914 in
2127 1869 2260 1934 qua
2291 1871 2507 1914 rerum
2543 1859 2774 1913 natura

702 1942 871 2008 inest
903 1942 971 2008 id
1017 1942 1346 2008 futurum?
1397 1943 1574 2027 quod
1608 1943 1667 2008 si
1710 1943 1873 2010 haec
1907 1965 2144 2029 eaque,
2200 1966 2368 2028 quae
2404 1954 2553 2009 sunt
2603 1943 2774 2010 eius-

704 2038 852 2104 dem
894 2039 1148 2124 generis
1161 2087 1180 2116 ,
1232 2039 1475 2105 habent
1519 2039 1803 2123 aliquam
1846 2039 2042 2106 talem
2086 2039 2561 2118 necessitatem,
2612 2038 2774 2124 quid

703 2145 801 2200 est
835 2133 1125 2210 tandem,
1178 2133 1354 2218 quod
1390 2156 1547 2200 casu
1589 2134 1732 2200 fieri
1767 2145 1878 2202 aut
1924 2133 2092 2201 forte
2126 2132 2387 2199 fortuna
2430 2135 2773 2220 putemus?

701 2227 863 2294 nihil
892 2228 1063 2294 enim
1092 2238 1190 2292 est
1224 2238 1358 2292 tam
1375 2229 1766 2294 contrarium
1791 2228 2024 2294 rationi
2051 2240 2115 2296 et
2151 2229 2548 2294 constantiae
2573 2250 2773 2312 quam

700 2323 980 2398 fortuna,
1017 2332 1091 2385 ut
1124 2321 1281 2386 mihi
1314 2346 1397 2389 ne
1430 2323 1501 2387 in
1537 2323 1733 2389 deum
1767 2324 2030 2409 quidem
2065 2324 2297 2390 cadere
2331 2323 2660 2401 videatur,
2697 2335 2774 2388 ut

701 2417 864 2482 sciat
914 2415 1073 2498 quid
1126 2437 1280 2482 casu
1334 2427 1399 2482 et
1448 2417 1716 2484 fortuito
1767 2419 2060 2485 futurum
2113 2420 2215 2486 sit.
2302 2419 2360 2485 si
2405 2419 2577 2490 enim
2627 2419 2770 2495 scit,

703 2520 875 2578 certe
919 2509 1081 2574 illud
1123 2510 1403 2589 eveniet3
1451 2512 1550 2577 sin
1596 2524 1768 2580 certe
1805 2515 2085 2593 eveniet,
2131 2515 2311 2581 nulla
2344 2514 2604 2580 fortuna
2635 2525 2736 2580 est
2749 2540 2770 2592 3

701 2615 798 2671 est
832 2613 1049 2670 autem
1084 2603 1371 2670 fortuna:
1418 2628 1637 2672 rerum
1679 2607 1879 2695 igitur
1913 2608 2323 2677 fortuitarum
2360 2609 2539 2675 nulla
2582 2631 2774 2696 prae-

623 2718 674 2761 19
701 2697 911 2766 sensio
956 2710 1072 2766 est.
1163 2709 1274 2765 aut
1310 2701 1365 2765 si
1409 2723 1611 2788 negas
1646 2726 1788 2770 esse
1835 2704 2164 2770 fortunam
2199 2716 2264 2771 et
2298 2704 2543 2781 omnia,
2599 2725 2772 2788 quae

695 2793 863 2860 fiunt
904 2815 1202 2880 quaeque
1246 2793 1465 2861 futura
1509 2809 1691 2876 sunt,
1743 2820 1828 2864 ex
1871 2799 2046 2864 omni
2089 2798 2462 2866 aeternitate
2506 2797 2773 2864 definita

699 2888 858 2954 dicis
892 2911 1035 2955 esse
1069 2888 1369 2968 fataliter,
1404 2902 1586 2956 muta
1620 2892 2059 2960 definitionem
2091 2893 2499 2960 divinationis
2512 2941 2531 2971 ,
2567 2915 2773 2979 quam

698 2983 958 3048 dicebas
993 2985 1514 3070 praesensionem
1559 3009 1701 3054 esse
1735 3011 1952 3054 rerum
1999 2989 2426 3056 fortuitarum.
2499 2990 2554 3055 si
2589 2993 2772 3058 enim

694 3077 855 3142 nihil
889 3078 1028 3143 fieri
1060 3089 1299 3164 potest,
1344 3080 1505 3147 nihil
1541 3083 1861 3163 accidere,
1897 3084 2056 3151 nihil
2091 3087 2379 3164 evenire,
2423 3086 2549 3152 nisi
2584 3089 2770 3172 quod

696 3172 781 3238 ab
817 3173 991 3238 omni
1026 3175 1401 3242 aeternitate
1430 3187 1679 3244 certum
1713 3178 1910 3244 fuerit
1935 3203 2078 3247 esse
2113 3179 2404 3248 futurum
2433 3196 2574 3250 rato
2599 3195 2770 3250 tem-

692 3289 878 3353 pore,
933 3288 1099 3352 quae
1141 3279 1353 3355 potest
1396 3293 1536 3337 esse
1581 3271 1881 3338 fortuna?
1935 3295 2064 3359 qua
2109 3275 2364 3345 sublata
2414 3280 2527 3364 qui
2575 3281 2768 3347 locus

691 3372 790 3427 est
841 3361 1215 3429 divinationi
1229 3411 1248 3442 ,
1301 3384 1471 3449 quae
1515 3389 1556 3432 a
1599 3378 1665 3432 te
1709 3366 2118 3436 fortuitarum
2169 3395 2386 3440 rerum
2437 3388 2536 3443 est
2588 3379 2770 3446 dicta

689 3457 1095 3542 praesensio?
1130 3479 1523 3542 quamquam
1553 3459 1814 3528 dicebas
1849 3467 2084 3547 omnia,
2121 3489 2288 3553 quae
2321 3471 2550 3539 fierent
2582 3472 2768 3540 futu-

687 3572 841 3616 rave
876 3561 1118 3629 essent,
1154 3550 1288 3618 fato
1324 3554 1655 3621 contineri.
1743 3558 1910 3626 anile
1946 3583 2101 3630 sane
2136 3573 2202 3628 et
2233 3565 2498 3651 plenum
2535 3591 2768 3655 super-

690 3645 961 3710 stitionis
1007 3645 1125 3712 fati
1167 3669 1406 3714 nomen
1450 3649 1697 3737 ipsum3
1743 3654 1858 3721 sed
1901 3666 2118 3724 tamen
2163 3661 2340 3746 apud
2376 3661 2627 3728 Stoicos
2673 3664 2766 3732 de

687 3739 811 3806 isto
845 3740 981 3806 fato
1014 3742 1217 3808 multa
1243 3742 1563 3824 dicuntur,
1599 3748 1683 3814 de
1709 3770 1840 3835 quo
1868 3751 2047 3831 alias,
2082 3777 2256 3822 nunc
2284 3756 2458 3841 quod
2491 3781 2765 3828 necesse

609 3823 664 3935 280
690 3845 806 3944 est.
895 3837 951 3901 si
994 3838 1213 3903 omnia
1256 3839 1421 3919 fato,
1476 3842 1633 3927 quid
1680 3844 1838 3910 mihi
1883 3847 2198 3915 divinatio·
2235 3850 2534 3936 prodest?
2578 3855 2763 3938 quod

690 3951 859 4037 emm
892 3931 976 4008 is,
1023 3932 1135 4015 qui
1171 3933 1448 4014 divinat,
1492 3937 1833 4024 praedicit,
1875 3941 1947 4006 id
1981 3965 2135 4010 vero
2170 3943 2462 4011 futurum
2498 3961 2595 4014 est
2605 3973 2624 4026 ς
2681 3962 2763 4017 ut

688 4041 772 4085 ne
798 4023 964 4129 illud
993 4026 1255 4108 quidem
1280 4029 1499 4110 sciam,
1537 4034 1726 4117 quale
1745 4034 1845 4112 sit,
1882 4038 2060 4120 quod
2083 4037 2490 4119 Deiotarum,
2524 4065 2764 4110 neces-

691 4135 931 4178 sanum
962 4130 1281 4200 nostrum,
1326 4147 1409 4190 ex
1441 4125 1666 4194 itinere
1704 4129 1918 4216 aquila
1952 4135 2306 4201 revocavit:
2345 4137 2457 4224 qui
2475 4137 2613 4202 'nisi
2648 4161 2766 4206 re-
