3292 4559
756 232 880 296 1ὓὲ
1356 241 1435 296 Μ.
1469 238 1746 299 TULLII
1780 236 2183 296 CICERONIS

752 368 939 432 modo
974 364 1325 453 potentiam
1361 373 1863 447 consequantur,
1898 384 2110 428 nonne
2144 360 2319 426 idem
2352 360 2602 427 faciunt
2635 362 2806 447 quod

748 464 800 524 is
816 511 832 536 ,ι
900 460 1011 544 qui
1063 459 1257 525 etiam
1310 479 1604 524 socerum
1653 457 1894 522 habere
1944 455 2150 521 voluit
2198 479 2379 534 eum,
2423 453 2620 522 'cuius
2670 458 2806 545 ipse

752 554 1019 620 audacia
1051 565 1278 640 potens
1316 553 1521 618 esset?
1575 552 1732 618 utile
1769 551 1830 617 ei
1864 551 2204 625 videbatur
2237 551 2584 637 plurimum
2617 574 2810 637 posse

752 651 1006 713 alterius
1046 648 1321 714 invidia:
1365 647 1435 714 id
1478 669 1676 731 quam
1720 646 2030 712 iniustum
2071 646 2142 710 in
2184 645 2459 730 patriam
2500 656 2568 710 et
2612 668 2813 731 quam

752 760 936 832 turpe
969 755 1167 821 esset,
1210 742 1658 809 nonvidebat.
1745 741 1888 826 ipse
1923 751 2141 806 autem
2172 762 2358 806 socer
2391 740 2459 805 in
2492 761 2608 806 ore
2642 763 2817 807 sem-

748 864 860 924 per
900 835 1183 906 Graecos
1228 860 1451 905 versus
1496 836 1575 902 de
1610 835 1986 901 Phoenissis
2027 834 2312 900 habebat
2325 882 2344 912 ,
2391 856 2551 920 quos
2599 835 2815 900 dicam

752 948 816 996 ιιι
872 944 1122 1020 potero,
1173 931 1495 998 incondite
1545 931 1852 1006 fortasse,
1898 929 2020 995 vsed
2067 940 2288 995 tamen
2342 941 2412 995 ut
2455 953 2558 996 res
2605 929 2815 1017 possit

752 1028 1062 1114 intellegi:

1003 1186 1154 1228 nam
1190 1162 1244 1226 si
1278 1159 1650 1227 violandum
1686 1170 1785 1226 est
1813 1156 1938 1236 ius,
1975 1158 2287 1244 regnandi
2321 1159 2528 1245 gratia

1003 1255 1373 1320 violandum
1410 1266 1532 1320 est:
1594 1253 1734 1319 aliis
1766 1253 1962 1319 rebus
1992 1253 2300 1339 pietatem
2335 1254 2525 1318 colas.

752 1400 1034 1484 sapite-lis
1077 1397 1407 1485 [Eteocles
1454 1400 1559 1466 vel
1599 1399 1817 1485 potius
1861 1395 2269 1483 EuripidesJ,
2312 1397 2428 1482 qui
2468 1398 2538 1462 id
2582 1421 2818 1476 unum,

680 1520 708 1556 n3
752 1496 924 1576 quud
967 1494 1259 1558 omnium
1314 1493 1875 1559 sceleratissimum
1923 1491 2147 1569 fuerit,
2213 1492 2550 1577 exceperit.
2649 1493 2816 1576 quid

748 1592 942 1672 igitur
972 1587 1223 1653 minuta
1255 1587 1659 1673 configimus,
1693 1586 2100 1665 hereditates,
2130 1598 2546 1663 mercaturae,
2582 1589 2822 1652 vendi-

752 1684 951 1748 tiones
1004 1680 1483 1747 flaudulentas?
1536 1700 1687 1747 ecce
1741 1680 1888 1757 tibi,
1942 1680 2055 1764 qui
2105 1703 2221 1746 rex
2259 1680 2483 1766 populi
2525 1681 2818 1748 Romani

752 1780 1168 1859 dominusque
1234 1776 1519 1841 omnium
1579 1775 1869 1861 gentium
1929 1796 2069 1840 esse
2118 1775 2556 1860 concupiverit
2607 1775 2818 1859 idque

750 1870 1099 1956 perfacerit.
1162 1869 1331 1935 hanc
1365 1869 1781 1956 cupiditatem
1814 1869 1872 1934 si
1905 1867 2240 1934 honestam
2275 1868 2418 1952 quis
2453 1891 2594 1934 esse
2631 1869 2818 1948 dicit,

748 1987 969 2029 amens
1024 1975 1149 2041 est;
1221 1965 1453 2050 probat
1504 1964 1676 2030 enim
1730 1964 1949 2050 legum
2001 1973 2066 2028 et
2116 1962 2424 2028 libertatis
2475 1962 2816 2029 interitum

748 2084 779 2120 ιι
788 2084 853 2120 :u
860 2080 1093 2143 umque
1136 2059 1616 2169 oppressionem
1661 2067 1930 2124 taetram
1975 2067 2039 2122 et
2083 2056 2526 2123 detestabilem
2567 2059 2817 2144 glorio-

751 2176 884 2216 sam
932 2163 1127 2238 putat.
1216 2154 1330 2236 qui
1377 2164 1595 2219 autem
1636 2152 1875 2218 fatetur
1907 2150 2249 2216 honestum
2280 2173 2413 2216 non
2447 2173 2589 2216 esse
2622 2151 2690 2216 in
2732 2176 2812 2218 ea

748 2248 844 2308 [iz
852 2251 1019 2324 itate,
1057 2269 1221 2356 quae
1256 2246 1459 2312 libera
1491 2247 1687 2313 fuerit
1721 2267 2016 2331 quaeque
2048 2268 2189 2311 esse
2224 2246 2475 2322 debeat,
2510 2269 2813 2332 regnare,

748 2344 859 2404 ιιιιιιί
896 2341 983 2415 εἰ,
1033 2341 1145 2422 qui
1176 2340 1249 2403 id
1282 2338 1495 2406 facere
1530 2341 1787 2428 possit,
1813 2363 1952 2407 esse
1987 2340 2170 2418 utile,
2216 2361 2345 2424 qua
2378 2341 2552 2406 hunc
2587 2341 2810 2407 obiur-

744 2436 999 2516 fratione
1062 2443 1173 2496 aut
1236 2454 1366 2517 quo
1420 2434 1634 2518 potius
1688 2435 1968 2499 convitio
2019 2458 2060 2500 a
2110 2445 2288 2500 tanto
2340 2457 2555 2502 errore
2610 2457 2808 2502 coner

748 2548 860 2588 :m
847 2525 1055 2589 llere?
1123 2535 1335 2610 potest
1370 2526 1560 2604 enim,
1599 2527 1664 2591 di
1700 2528 2095 2595 inmortales!
2133 2528 2435 2614 cuiquam
2470 2551 2609 2596 esse
2644 2530 2810 2596 utile

748 2620 792 2680 fi.
797 2619 1181 2684 *adissimum
1230 2631 1294 2686 et
1344 2621 1780 2687 taeterrimum
1813 2623 2223 2708 parricidium
2255 2624 2530 2710 patriae,
2575 2646 2810 2708 quam-

744 2736 780 2772 ι
788 2716 836 2776 is
876 2712 949 2791 is,
986 2713 1100 2797 qui
1134 2736 1203 2780 se
1241 2735 1317 2779 eo
1352 2715 1785 2793 obstrinxerit,
1824 2717 1907 2782 ab
1942 2719 2263 2803 oppressis
2291 2717 2537 2784 civibus
2565 2741 2810 2804 parens
2958 2712 2964 2805 Ι

744 2808 1141 2875 nominetur?
1210 2808 1543 2877 honestate
1604 2811 1803 2897 igitur
1864 2811 2200 2897 dirigenda
2257 2810 2500 2876 utilitas
2554 2823 2679 2889 est,
2739 2824 2807 2878 et

744 2904 1002 2984 quidem
1053 2925 1145 2968 s1c
1156 2948 1175 2980 ,
1227 2915 1303 2969 ut
1344 2903 1505 2970 haec
1550 2904 1680 2971 duo
1725 2906 1922 2970 verbo
1965 2905 2132 2971 inter
2173 2927 2244 2971 se
2288 2903 2681 2990 discrepare,
2730 2929 2806 2970 re

656 3020 688 3054 ιι
748 3024 942 3060 uuum
989 3020 1216 3065 sonare
1252 2999 1608 3066 videantur.
1698 3022 1826 3066 non
1860 2998 2068 3064 habeo
2105 2999 2190 3065 ad
2223 2999 2396 3085 volgi
2427 2998 2802 3084 opinionem

744 3116 844 3172 qu
832 3116 908 3152 :le
966 3091 1169 3155 maior
1228 3092 1467 3158 utilitas
1532 3114 1727 3178 quam
1787 3093 2099 3180 regnandi
2152 3115 2290 3158 esse
2348 3092 2576 3178 possit,
2638 3093 2800 3157 nihil

744 3208 812 3248 [n]
804 3196 920 3248 ιιι-ι
924 3207 959 3248 a
992 3184 1279 3250 inutilius
1316 3186 1393 3262 ei,
1431 3187 1543 3270 qui
1575 3187 1645 3252 id
1679 3187 1911 3252 iniuste
1948 3198 2326 3252 consecutus
2360 3184 2472 3264 sit,
2514 3185 2799 3262 invenio,

744 3300 888 3340 cum
948 3278 1033 3343 ad
1092 3279 1425 3346 veritatem
1488 3281 1672 3367 coepi
1731 3302 2029 3348 revocare
2089 3281 2420 3347 rationem.
2527 3290 2797 3366 possunt

744 3376 908 3436 enim
945 3372 1245 3458 cuiquam
1282 3397 1421 3441 esse
1458 3374 1645 3441 utiles
1695 3396 1996 3460 angores,
2043 3373 2535 3452 sollicitudines,
2582 3373 2794 3439 diurni

742 3480 804 3532 et.
840 3469 1129 3534 nocturni
1172 3480 1415 3546 metus,
1462 3470 1596 3536 vita
1638 3469 2015 3535 insidiarum
2053 3469 2610 3555 periculorumque
2648 3469 2795 3553 ple-

740 3563 1039 3628 ffiffisima?

872 3699 1053 3764 multi
1086 3698 1289 3782 iniqui
1325 3710 1514 3784 atque
1549 3698 1838 3766 infideles
1873 3720 2094 3786 regne,
2130 3700 2320 3787 pauci
2354 3697 2667 3777 beneuoli,

736 3844 941 3928 inquit
974 3843 1236 3911 Accius.
1325 3855 1393 3910 at
1429 3846 1533 3910 cui
1568 3845 1812 3932 regno?
1855 3845 2029 3930 quod
2063 3868 2104 3911 a
2137 3845 2411 3910 Tantalo
2447 3855 2510 3909 et
2543 3843 2796 3930 Pelope

736 3940 1053 4020 preditum
1106 3939 1245 4005 iure
1298 3940 1724 4006 obtinebatur.
1811 3963 1963 4004 nam
2015 3949 2254 4023 quanto
2298 3938 2497 4023 pluris
2545 3938 2606 4003 ei
2652 3938 2792 4023 regi

736 4048 951 4116 pistas,
994 4035 1105 4116 qui
1151 4035 1433 4101 exercitu
1474 4035 1699 4121 populi
1733 4035 2007 4102 Romani
2050 4035 2362 4120 populum
2405 4033 2616 4118 ipsum
2655 4032 2793 4097 Ro·
2904 4114 2911 4129 .
