3292 4559
641 282 879 333 111le
1399 278 1755 323 Anno-rano
1794 278 2057 321 cumea·

629 396 702 455 ,0.
722 398 936 451 -dum'
960 396 1164 450 brutum
1189 392 1294 461 Al,
1325 392 1397 446 du
1424 392 1626 446 brunam
1650 390 1718 459 B,
1756 390 2001 459 defendat
2035 388 2097 444 C.
2134 417 2205 430 -·
2220 392 2490 459 principes
2526 390 2735 444 ordines
2780 386 2851 445 G.

635 474 840 529 decium
868 474 1072 527 brintum
1098 470 1193 532 Αἵ.
1213 500 1284 513 —
1309 470 1542 523 curiatae
1569 466 1631 522 C.
1651 496 1722 507 —
1756 496 1826 508 —
1842 469 1926 521 lea:
1942 476 2019 519 est
2035 464 2369 519 Lambinus:
2400 468 2483 519 leae
2500 464 2561 521 0.
2582 496 2651 507 -—-
2670 474 2721 519 et
2737 468 2855 521 late

574 597 580 606 .
641 552 916 607 Gracchus
949 548 1080 604 edd.
1115 552 1278 604 veta:
1336 544 1569 601 Gracchi
1599 542 1719 599 CT.
1747 552 1893 615 patet
1920 541 2245 598 Turnebus:
2284 552 2331 596 et
2366 544 2557 597 lacerat
2591 550 2640 596 et
2667 540 2730 597 O.
2774 542 2853 613 (et

637 654 710 671 ·--·
726 627 900 680 ruinis
914 634 962 679 et
975 625 1042 679 iis
1059 626 1181 680 sicis
1200 621 1525 679 Turnebus:
1553 620 1721 675 nanis
1755 624 1945 675 later-at
1970 629 2015 674 et
2033 629 2088 673 ut
2105 619 2233 673 uitio
2252 628 2431 673 careat
2449 620 2579 672 ordo
2596 628 2644 673 et
2673 618 2852 674 obelo

633 713 688 758 et
703 705 768 757 iis
785 703 926 757 sicii:
941 701 1010 771 B,
1029 702 1200 755 maini:
1215 710 1264 755 et
1281 699 1500 754 inseitiis
1517 698 1574 753 A
1593 696 1724 768 (sed
1755 694 2004 767 praefixo
2022 696 2254 751 seclusit
2271 695 2575 767 Halmius.)
2592 726 2663 737 —
2680 714 2849 765 quae-

637 796 711 833 m.
743 786 793 833 2.
819 778 878 833 in
903 779 1058 851 ras.)‚
1084 778 1376 832 tribunatus
1403 776 1468 829 iis
1497 776 1622 829 deis
1650 772 1722 827 de
1755 776 1824 827 rit
1859 772 2187 829 Turnebus:
2222 781 2443 844 quaerat
2469 771 2533 827 O.
2574 775 2594 842 Ι]
2634 776 2718 825 29.
2760 789 2849 825 re-

635 854 855 910 Halmii
883 855 1206 910 coniectura
1231 852 1301 907 T.
1327 882 1401 895 --
1417 852 1723 923 proiecisset
1754 853 1915 904 tinent
1950 849 2013 906 O.
2050 880 2123 891 -—-
2155 851 2377 903 dicimus
2408 848 2473 905 C.
2511 878 2575 889 -
2612 848 2853 917 fortasse

637 931 703 987 C.
724 964 788 973 -
799 932 1127 1002 perturbavit
1143 931 1268 987 eod.
1289 929 1468 986 Oxon.
1486 928 1564 982 E:
1597 945 1720 997 per-
1756 934 1829 981 est
1864 929 2003 999 quod
2033 926 2193 995 finer-it
2229 926 2290 981 G.
2330 928 2351 994 ΙΙ
2380 932 2465 981 80.
2495 928 2849 996 praeteriero.

637 1010 854 1062 mutavit
879 1007 997 1064 OT.
1016 1036 1087 1049 —-
1117 1008 1432 1073 Saturnino,
1485 1005 1722 1075 Sulpicio
1756 1005 1937 1057 ceteris
1954 1002 2263 1057 Lambinus
2294 1003 2375 1074 (in
2400 1001 2633 1074 marg.):
2662 1010 2847 1073 prete-

637 1084 929 1141 Groerenz:
947 1085 1214 1139 saturnini
1225 1082 1481 1155 supplicio
1502 1080 1563 1136 0.
1589 1082 1610 1151 ΙΙ
1637 1087 1721 1134 21.
1755 1082 1831 1133 ris
1848 1078 1912 1149 C,
1931 1082 2196 1149 praeterii.
2249 1082 2445 1135 Ceteri:
2473 1080 2587 1133 alii.
2606 1080 2744 1132 —si
2772 1088 2848 1133 te-

633 1162 914 1235 proferam
948 1178 1088 1216 θοι-ι’.
1103 1160 1194 1213 Ἀε
1222 1160 1472 1230 proferat
1494 1158 1569 1226 B,
1595 1174 1721 1228 pro-
1756 1174 1950 1225 nemus,
1977 1167 2203 1211 tenemus
2225 1156 2416 1211 Bake:
2451 1157 2502 1210 si
2526 1164 2754 1209 tenemus
2776 1154 2844 1224 Ο,

637 1239 756 1307 fero
791 1238 936 1293 coni.
974 1236 1248 1291 Halmius.
1283 1250 1355 1279 -·-
1387 1236 1478 1289 oui
1517 1251 1725 1289 neeesse
1756 1236 1807 1288 si
1830 1244 1929 1302 est,
1966 1242 2194 1288 tenemus
2222 1232 2337 1288 alii.
2359 1264 2430 1274 --
2450 1234 2744 1286 interiorem
2776 1232 2845 1287 C.

637 1316 844 1387 quidem
869 1313 934 1369 O.
971 1316 990 1381 ΙΙ
1025 1319 1110 1366 22.
1141 1314 1277 1366 bona
1301 1312 1486 1381 futura
1510 1313 1725 1365 reddere
1761 1342 1824 1351 —
1840 1310 2112 1379 inferioris
2136 1309 2449 1367 Victorius:
2484 1310 2743 1363 interioris
2776 1308 2847 1379 G,

631 1393 804 1463 potuit
823 1389 885 1446 C.
913 1390 935 1461 ΙΙ
960 1396 1043 1443 23.
1061 1390 1350 1458 vituperari
1363 1397 1534 1459 potest
1551 1386 1725 1442 Feld-
1757 1388 2005 1441 tenuioris
2032 1387 2147 1441 alii.
2179 1389 2198 1456 ΙΙ
2221 1393 2304 1440 31.
2322 1397 2555 1457 repertas
2574 1384 2633 1441 C.
2650 1404 2850 1439 —·cu-

639 1466 874 1538 huegel:
909 1466 1102 1535 αἰωρεῖ
1122 1506 1133 1518 .
1157 1506 1168 1518 .
1193 1506 1205 1518 .
1225 1475 1302 1519 est
1327 1466 1424 1533 Al,
1452 1466 1723 1535 uitupetest
1750 1464 2056 1533 piditatibus
2076 1465 2267 1517 eisdem
2284 1462 2618 1519 Lambinus:
2638 1464 2851 1533 cupidi-

640 1542 721 1613 B,
765 1542 1124 1613 uituperabilis
1169 1552 1245 1595 est
1285 1543 1382 1597 ΑΒ.
1407 1560 1498 1583 ¹-
1541 1544 1723 1595 ducem
1757 1542 1879 1593 tatis
1912 1542 2136 1594 eiusdem
2162 1538 2225 1595 C.
2250 1570 2322 1581 —-
2345 1551 2574 1595 secutam
2600 1536 2849 1609 Stepha-

641 1622 781 1692 quod
795 1622 942 1674 habet
961 1618 1034 1675 C:
1059 1621 1241 1673 ducem
1258 1636 1412 1689 quom
1429 1619 1578 1671 habet
1595 1633 1723 1671 eum
1757 1633 1887 1670 nus:
1922 1626 2217 1671 secuturam
2243 1618 2316 1687 A,
2349 1636 2591 1673 securam
2612 1616 2679 1670 B.
2705 1618 2727 1687 ss
2754 1623 2847 1670 33.

639 1696 826 1752 Bakio
854 1696 925 1750 T.
951 1724 1024 1737 --
1045 1712 1104 1750 se
1137 1694 1326 1750 Moser
1361 1701 1421 1751 et
1447 1696 1558 1750 duo
1586 1694 1722 1748 Am-
1750 1696 2023 1765 proximus
2050 1704 2221 1748 autem
2248 1704 2325 1748 est
2341 1694 2412 1765 O,
2442 1695 2749 1749 Proximum
2769 1701 2849 1746 est

638 1772 915 1829 brosiani:
943 1788 1049 1827 om.
1069 1770 1134 1828 C.
1157 1772 1176 1843 ΙΙ
1207 1776 1289 1825 24.
1316 1774 1574 1842 neyleetioe
1600 1770 1722 1825 Ma·
1757 1780 1927 1824 autem
1954 1787 2080 1825 eum
2100 1770 2391 1841 Stephano
2416 1776 2475 1826 et
2490 1770 2747 1825 Manutio
2768 1768 2847 1823 T.

639 1850 856 1904 nutius:
891 1858 1070 1903 nectit-s
1099 1847 1160 1904 0.
1182 1880 1250 1893 --
1267 1850 1445 1903 evertit
1471 1847 1723 1903 Vahlen:
1756 1878 1827 1889 -
1844 1846 2231 1917 deinsuffrayiis
2249 1847 2311 1903 O.
2328 1851 2627 1902 -mercule
2644 1847 2849 1900 atiendi

640 1928 818 1995 ficerat
855 1925 916 1982 C.
945 1956 1015 1967 -
1039 1926 1174 1979 illud
1207 1927 1356 1980 aliud
1380 1922 1441 1980 C.
1467 1955 1538 1965 -
1563 1928 1725 1979 inter·-
1758 1924 1821 1979 G.
1848 1954 1920 1965 -
1944 1923 2139 1981 Verba
2176 1926 2232 1978 in
2267 1927 2579 1995 mayistratu
2596 1955 2618 1965 -
2639 1954 2660 1965 -
2677 1940 2847 1992 roya-

641 2004 840 2059 cedenti
871 2001 1126 2075 Madvig:
1171 2004 1521 2056 intercedendi
1551 2000 1614 2057 C.
1656 2032 1724 2043 -
1758 2004 1917 2070 tione,
1957 2012 2025 2056 e‘x
2060 2000 2109 2071 §-
2149 2006 2230 2055 35.
2270 2003 2687 2068 consarcinata,
2728 2000 2845 2054 del.

641 2082 900 2134 maiorum
942 2080 999 2132 in
1025 2080 1126 2145 ,illo
1159 2076 1475 2132 Manutius:
1531 2080 1728 2132 maiori
1756 2078 1935 2133 Bake.
1955 2110 2024 2119 —
2052 2095 2117 2131 ac
2143 2081 2207 2131 de
2232 2096 2322 2133 reo
2348 2077 2729 2150 Feldhuegel:
2766 2095 2847 2131 an

640 2158 798 2210 nihilo
836 2155 898 2211 C.
933 2186 1005 2197 —-
1030 2156 1184 2226 plebe
1216 2158 1318 2208 ista
1345 2156 1586 2225 patribus
1621 2157 1725 2208 ista
1758 2159 1819 2209 de
1846 2172 1936 2209 reo
1964 2154 2034 2224 0,
2074 2164 2165 2210 aut
2191 2157 2253 2209 de
2279 2174 2369 2210 reo
2398 2156 2511 2209 alii.
2531 2186 2600 2196 —-
2617 2164 2770 2226 atque
2788 2155 2847 2207 in

639 2234 721 2300 A,
739 2234 897 2303 ‚plebe
923 2234 1026 2285 ista
1051 2230 1274 2301 (mediis
1303 2232 1540 2303 omissis)
1569 2232 1636 2285 B.
1655 2262 1726 2273 -
1759 2232 2086 2287 Turnebus:
2122 2234 2213 2303 qui
2236 2233 2292 2285 in
2319 2231 2390 2301 O,
2429 2242 2519 2286 aut
2546 2235 2602 2287 in
2628 2232 2741 2285 alii.
2772 2262 2849 2273 —

639 2318 886 2381 putarent
915 2307 1236 2362 Ernestius:
1275 2310 1518 2376 putarint
1554 2307 1616 2363 C.
1656 2338 1721 2349 -
1758 2312 1927 2379 legum
1977 2312 2249 2380 roqaeione
2291 2308 2551 2381 Madvig:
2599 2311 2710 2378 leqe
2750 2319 2847 2363 aut

645 2385 881 2441 Gracchi
911 2384 1204 2454 perniciosi
1231 2383 1446 2450 fuerunt
1480 2383 1721 2455 Kayser.
1757 2388 2028 2455 roqatione
2052 2387 2114 2441 C.
2135 2416 2205 2425 -
2223 2388 2455 2439 clamant
2472 2388 2660 2455 palam
2690 2385 2750 2441 Ο.
2772 2416 2847 2427 -

640 2482 712 2503 ⁶-
730 2469 975 2515 creantur
993 2458 1054 2514 C.
1073 2488 1143 2501 —-·-
1159 2478 1267 2513 non
1292 2464 1467 2514 nullos
1493 2459 1723 2516 Lambi·
1757 2462 1895 2531 ferri
1934 2464 2121 2518 Bake:
2176 2461 2320 2530 ferre
2354 2461 2416 2518 O.
2456 2494 2524 2503 —
2560 2463 2848 2517 obtinerine

641 2554 772 2593 nus:
801 2540 976 2590 nullus
993 2535 1141 2604 A1B,
1169 2540 1344 2591 nullos
1361 2536 1455 2591 As,
1484 2568 1544 2579 --
1565 2556 1725 2608 quam
1759 2540 1865 2592 iam
1874 2542 2043 2610 possit
2058 2538 2316 2610 Madvig:
2346 2540 2575 2609 optinere
2592 2538 2852 2608 (optineri

643 2617 803 2669 bonos
837 2612 1122 2667 Halmius:
1157 2633 1265 2667 non
1300 2608 1459 2667 bonos
1487 2612 1549 2669 C.
1584 2617 1602 2686 ΙΙ
1641 2622 1723 2668 25.
1759 2632 1898 2670 corr.
1926 2616 2021 2689 B.)
2058 2634 2131 2669 an
2156 2626 2379 2685 possunt
2404 2614 2472 2682 O,
2512 2616 2738 2668 obtineri
2770 2634 2850 2670 an

635 2693 936 2765 praeclaris
978 2692 1223 2745 institutis
1268 2691 1624 2764 Feldhuegel
1668 2698 1727 2747 et
1754 2694 1919 2764 possit
1957 2693 2078 2763 alii,
2117 2694 2410 2763 optinerene
2442 2694 2545 2744 iam
2574 2693 2851 2759 possimus

639 2768 830 2823 Bake:
858 2768 1302 2838 praeclar-theim&
1330 2768 1394 2837 C,
1425 2772 1464 2837 †
1475 2773 1724 2838 praecla-
1760 2771 1829 2825 de
1859 2769 2070 2824 Halmii
2097 2771 2418 2826 coniectura
2443 2767 2514 2821 T.
2568 2766 2657 2822 cf.
2678 2766 2729 2837 ξ.
2754 2774 2848 2823 37.

640 2847 862 2899 mosim&
893 2844 1396 2900 T.—addiceretur
1423 2844 1483 2901 C.
1508 2876 1570 2887 --
1591 2848 1724 2901 inci·
1776 2850 1795 2916 ΙΙ
1838 2854 1921 2901 34.
1958 2849 2121 2917 Atqui
2151 2846 2509 2918 Feldhuegel
2546 2848 2605 2899 et
2638 2843 2847 2899 Halm:

641 2932 754 2976 tata
787 2922 972 2992 priore
1007 2922 1130 2975 loeo
1169 2938 1276 2993 ego
1304 2922 1503 2979 delevi.
1531 2952 1602 2965 ·--
1628 2926 1724 2977 ad—
1758 2926 1883 2996 quia
1908 2925 1988 2993 A,
2018 2941 2125 2995 qua
2140 2923 2216 2993 B,
2247 2940 2355 2978 om.
2386 2923 2499 2978 alii.
2521 2953 2592 2964 —-
2612 2924 2849 2991 optinere

641 3001 820 3051 iuncta
845 3016 1026 3051 ernon
1044 2997 1105 3052 O.
1124 3028 1193 3041 —-·
1213 3002 1301 3053 cui
1314 3001 1421 3053 nisi
1434 2999 1723 3053 Halmius:
1757 3002 1878 3056 AB.
1906 3032 1977 3041 —
2002 3003 2095 3054 sed
2127 3002 2267 3053 obest
2302 2998 2362 3056 C.
2391 3030 2465 3041 —-
2490 3000 2603 3071 quis
2638 2996 2845 3051 Manu-

642 3076 730 3128 σαι·
744 3074 891 3142 A1B,
921 3074 1009 3127 eui
1021 3074 1072 3127 si
1083 3075 1181 3144 ΑΒ,
1211 3078 1298 3129 eui
1321 3079 1372 3130 si
1393 3095 1500 3129 non
1521 3076 1636 3130 alii.
1656 3108 1724 3119 -—
1756 3078 1898 3132 tius:
1926 3079 2020 3147 qui
2031 3076 2151 3130 AB.
2171 3078 2538 3131 -tabellaria
2563 3078 2671 3144 leye
2690 3074 2749 3129 C.
2769 3104 2849 3117 —-

641 3153 795 3217 liber,
823 3152 916 3204 sed
938 3168 1116 3205 servus
1136 3150 1417 3208 Goerenz:
1455 3154 1586 3206 liber
1611 3170 1724 3207 ser·
1758 3156 2050 3209 abstulisset
2067 3154 2122 3206 A
2148 3158 2295 3208 teste
2322 3153 2570 3223 Halmio,
2600 3152 2847 3207 obtulisse

640 3246 736 3282 vus
760 3226 831 3297 C,
861 3228 1016 3297 liber,
1052 3231 1145 3283 sed
1169 3231 1323 3283 etiam
1348 3247 1525 3283 servus
1554 3229 1669 3283 alii.
1697 3232 1717 3299 ΙΙ
1756 3236 1901 3286 teste
1936 3229 2147 3299 Bakio,
2195 3231 2458 3285 obtulisset
2491 3228 2559 3283 B.
2600 3260 2667 3270 —
2699 3230 2850 3283 vocis

642 3312 726 3359 26.
747 3306 1216 3377 tribuniciaquevis
1239 3306 1523 3362 Goerenz:
1563 3308 1723 3360 tribu-
1760 3307 2085 3362 Turnebus:
2136 3324 2291 3360 uoces
2334 3306 2399 3363 C.
2444 3308 2467 3375 [1
2508 3312 2592 3359 35.
2638 3306 2849 3360 iudiciis

639 3384 774 3437 nitio
811 3384 924 3455 quis
944 3381 1005 3439 C.
1035 3414 1104 3425 —-
1129 3384 1186 3437 in
1221 3388 1487 3438 metallum
1505 3382 1624 3437 AB.
1654 3415 1725 3425 —-
1757 3385 1945 3439 Bake:
1980 3385 2171 3437 iudicio
2209 3386 2255 3437 is
2294 3382 2367 3451 0,
2408 3384 2598 3437 iudicio
2628 3381 2739 3437 alii.
2768 3412 2851 3423 —·-

639 3458 1548 3531 Verbaquihoctaceredebent,iam
1567 3460 1723 3514 aRa-
1752 3464 2032 3533 popularis
2059 3478 2225 3515 aurae
2250 3460 2441 3515 Bake:
2468 3459 2727 3529 populari
2744 3477 2855 3513 ra-

635 3536 760 3591 thio
775 3537 835 3589 in
845 3536 1219 3607 suspicionem
1228 3543 1448 3607 vocata,
1462 3536 1722 3591 del.Hal-
1756 3542 1895 3594 tione
1912 3537 1973 3594 C.
2000 3540 2019 3610 {1
2047 3544 2132 3592 36.
2152 3539 2345 3592 coelius
2364 3536 2426 3592 O.
2447 3566 2519 3577 -
2535 3554 2603 3602 se,
2628 3543 2681 3587 ut
2711 3532 2857 3590 Ste-

639 3614 803 3667 mius.
830 3631 1140 3669 —.manere
1164 3616 1439 3684 inprobam
1463 3613 1525 3669 G.
1547 3646 1616 3656 —
1633 3623 1726 3669 aut
1756 3619 2003 3689 phanus:
2042 3617 2133 3669 sed
2156 3624 2213 3668 ut
2240 3613 2301 3669 O.
2332 3644 2399 3655 —-
2424 3613 2685 3684 Popilium
2716 3608 2860 3668 Ste-

639 3692 871 3762 equidem
906 3690 967 3745 O.
995 3721 1069 3733 —-
1109 3694 1215 3747 Ast.
1257 3693 1374 3746 Nee
1406 3709 1487 3745 me
1517 3693 1726 3746 hercule
1756 3696 2005 3765 phanus:
2062 3693 2316 3763 populum
2368 3689 2431 3746 G.
2486 3722 2555 3731 -
2606 3689 2862 3745 nocuisse

639 3786 734 3836 eqo
762 3766 995 3839 Madvig
1021 3774 1082 3823 et
1103 3768 1294 3823 Bake:
1338 3786 1479 3822 nunc
1505 3786 1584 3823 me
1608 3740 2053 3826 her-'Davisium
2104 3770 2403 3823 nocuissent
2438 3766 2499 3823 C.
2540 3798 2607 3807 --
2650 3765 2859 3836 fluctus

641 3846 756 3898 cute
790 3862 882 3914 eqo
919 3845 1049 3915 AB,
1112 3847 1172 3909 Q.
1221 3846 1384 3901 Nunc
1419 3812 2075 3904 meherculeJFen-arius:
2118 3846 2273 3917 fletus
2312 3844 2383 3915 O,
2420 3844 2583 3917 flatus
2622 3842 2740 3898 alii.
2781 3876 2859 3885 —

639 3922 751 3975 Aa.
805 3923 921 3991 qu
946 3922 1160 3993 priores
1191 3923 1318 3978 edd.
1345 3926 1366 3995 ΙΙ
1401 3932 1483 3978 27.
1515 3925 1723 3977 commi-
1740 3914 1898 3996 'filius
1933 3925 2043 3978 eius
2079 3924 2160 3977 A:
2202 3924 2349 3992 filius
2390 3923 2501 3977 eius
2536 3922 2744 3974 marius
2778 3921 2857 3989 B,

642 4006 780 4049 tatus
807 3996 867 4051 C.
902 4028 971 4039 —
988 4003 1252 4069 populare
1286 4010 1359 4054 est
1397 4000 1723 4055 Turnebus:
1753 4003 1897 4073 filius
1941 4002 2051 4053 eius
2092 4001 2361 4066 [Marius]
2407 3998 2478 4052 T.
2522 4028 2594 4039 --
2638 4000 2859 4068 quidem

641 4074 950 4142 popularem
977 4074 1040 4131 C.
1063 4077 1084 4144 [Ι
1115 4082 1196 4129 28.
1217 4094 1416 4148 quoque
1439 4078 1486 4130 is
1505 4078 1871 4145 creueritavo,
1893 4094 2009 4131 cum
2029 4076 2367 4131 Lambinus:
2395 4075 2600 4148 quidem
2617 4075 2861 4146 quicum
2960 4114 2962 4139 ἰ
