3292 4559
730 254 857 321 246
1347 264 1424 324 Μ.
1464 260 1738 319 TULLII
1771 260 2174 318 CICERONIS

728 390 928 467 unde,
956 386 1229 474 quando
1273 385 1469 449 finem
1502 384 1699 449 habet
1731 393 1943 449 motus
1957 431 1976 463 ‚
2023 383 2285 450 vivendi
2317 385 2513 453 finem
2549 386 2788 454 habeat

632 524 651 542 .
727 504 986 549 necesse
1039 492 1153 546 est.
1244 478 1451 543 solum
1501 479 1700 564 igitur
1751 476 1924 562 quod
1971 501 2039 543 se
2081 479 2294 564 ipsum
2339 492 2585 559 movet,
2633 484 2790 566 quia

726 598 1083 659 numquam
1128 573 1442 639 deseritur
1484 596 1525 637 a
1570 594 1667 650 se,
1711 593 2066 656 numquam
2111 596 2196 639 ne
2239 575 2484 639 moveri
2521 575 2788 659 quidem

728 671 988 747 desinit3
1025 668 1183 754 quin
1219 668 1413 733 etiam
1449 667 1697 744 ceteris,
1735 688 1898 751 quae
1931 676 2290 744 moventur,
2325 666 2430 733 hic
2455 668 2628 747 fons,
2664 670 2788 735 hoc

726 764 1113 851 principium
1148 773 1247 828 est
1279 762 1597 827 movendi.
1648 759 1946 849 principii
1981 770 2196 825 autem
2229 762 2408 827 nulla
2441 774 2542 827 est
2571 764 2786 849 origo:

725 882 877 925 nam
912 882 949 925 e
982 856 1294 944 principio
1342 856 1633 921 oriuntur
1675 856 1919 932 omnia,
1963 854 2177 940 ipsum
2221 866 2435 920 autem
2478 857 2662 921 nulla
2707 881 2788 922 ex

724 974 795 1017 re
832 952 959 1016 alia
991 950 1169 1015 nasci
1201 959 1443 1035 potest3
1488 970 1609 1013 nec
1644 948 1816 1013 enim
1853 959 2020 1013 esset
2053 949 2122 1013 id
2155 949 2571 1035 principium,
2607 951 2787 1033 quod

724 1046 1097 1131 gigneretur
1144 1043 1428 1121 aliunde3
1473 1042 1647 1127 quod
1681 1042 1737 1106 si
1771 1064 2124 1125 numquam
2161 1042 2386 1119 oritur,
2429 1065 2512 1107 ne
2549 1044 2788 1107 occidit

726 1138 989 1223 quidem
1022 1158 1349 1220 umquam.
1410 1158 1563 1200 nam
1594 1136 1982 1222 principium
2013 1136 2392 1204 exstinctum
2419 1158 2541 1201 nec
2569 1135 2785 1221 ipsum

726 1233 809 1297 ab
865 1232 988 1297 alio
1042 1240 1409 1297 renascetur
1459 1252 1579 1295 nec
1632 1252 1714 1295 ex
1766 1251 1834 1294 se
1877 1230 2053 1293 aliud
2099 1230 2367 1307 creabit,
2422 1230 2477 1293 si
2519 1230 2784 1314 quidem

725 1347 987 1391 necesse
1042 1336 1140 1389 est
1194 1346 1233 1387 a
1282 1323 1596 1408 principio
1648 1322 1802 1387 oriri
1855 1323 2090 1387 omnia.
2177 1323 2270 1388 ita
2319 1324 2392 1387 fit
2443 1333 2517 1387 ut
2569 1334 2782 1387 motus

723 1418 1106 1504 principium
1152 1439 1233 1481 ex
1267 1438 1345 1481 eo
1392 1417 1503 1494 sit,
1556 1416 1732 1500 quod
1765 1417 1978 1502 ipsum
2013 1440 2052 1481 a
2087 1438 2158 1481 se
2191 1426 2512 1494 movetur3
2561 1416 2632 1481 id
2667 1440 2782 1481 au-

724 1523 857 1577 tem
917 1532 1039 1577 nec
1098 1510 1277 1589 nasci
1337 1520 1549 1595 potest
1606 1532 1729 1575 nec
1791 1510 1983 1586 mori,
2053 1511 2156 1575 vel
2225 1511 2518 1576 concidat
2591 1533 2782 1577 omne
2826 1512 2832 1519 ’

721 1606 971 1671 caelum
1026 1604 1357 1687 omnisque
1408 1614 1638 1668 natura
1699 1613 1762 1668 et
1817 1603 2131 1669 'consistat
2189 1626 2449 1670 necesse
2511 1617 2613 1671 est
2663 1628 2782 1684 nec

724 1702 859 1765 vim
901 1701 1097 1766 ullam
1142 1700 1574 1776 nanciscatur,
1628 1719 1759 1780 qua
1793 1719 1832 1761 a
1873 1698 2080 1781 primo
2127 1698 2380 1783 inpulsa
2422 1714 2780 1765 moveatur.

571 1873 577 1882 ..
620 1776 691 1887 ἓξ)
726 1800 827 1873 (9.)
886 1816 1034 1859 cum
1075 1803 1293 1879 pateat
1335 1793 1531 1877 igitur
1566 1803 1896 1855 aeternum
1927 1791 1998 1855 id
2033 1814 2203 1869 esse,
2249 1794 2421 1875 quod
2457 1816 2498 1857 a
2528 1817 2604 1859 >se
2640 1794 2784 1879 ipso

724 1886 1083 1966 moveatur,
1132 1889 1275 1973 quis
1320 1898 1417 1953 est
1460 1887 1574 1970 qui
1606 1886 1773 1951 hanc
1806 1897 2102 1951 naturam
2139 1888 2364 1952 animis
2399 1910 2540 1953 esse
2577 1889 2784 1977 tribu-5

724 1995 859 2049 tam
902 1982 1135 2069 neget?
1203 1984 1555 2047 inanimum
1602 1992 1700 2047 est
1733 1982 1906 2046 enim
1939 2004 2158 2059 omne,
2205 1981 2379 2065 quod
2411 1985 2606 2067 pulsu
2641 1984 2784 2069 agi·-

724 2089 895 2143 tatur
948 2089 1241 2155 extern03
1296 2076 1470 2161 quod
1520 2087 1736 2141 autem
1781 2087 1879 2139 est
1921 2068 2185 2153 animal,
2236 2074 2304 2139 id
2347 2087 2528 2141 motu
2575 2076 2782 2141 cietur

720 2172 1019 2237 interiore
1066 2181 1129 2236 et
1174 2192 1320 2247 su03
1374 2192 1524 2234 nam
1569 2168 1729 2233 haec
1765 2180 1862 2233 est
1895 2170 2152 2253 propria
2183 2179 2414 2233 natura
2449 2169 2648 2233 animi
2684 2182 2778 2233 at-

721 2288 850 2349 que
894 2266 1021 2341 vis,
1068 2286 1235 2348 quae
1280 2264 1337 2328 si
1375 2273 1471 2327 est
1504 2284 1636 2326 una
1673 2284 1754 2327 ex
1790 2263 2112 2341 omnibus,
2161 2284 2326 2346 quae
2361 2286 2430 2327 se
2463 2264 2608 2347 ipsa
2642 2286 2777 2328 mo-

596 2360 682 2429 ‘29
724 2368 891 2434 veat,
926 2380 1135 2441 neque
1170 2368 1323 2421 nata
1359 2365 1527 2421 certe
1564 2367 1662 2420 est
1697 2366 1760 2421 et
1795 2368 2054 2421 aeterna
2079 2367 2192 2421 est.
2256 2356 2422 2421 hanc
2448 2367 2519 2421 tu
2547 2381 2776 2425 exerce

722 2451 975 2535 optimis
1026 2450 1094 2512 in
1144 2449 1336 2513 rebus
1347 2474 1365 2525 3
1421 2460 1570 2513 sunt
1620 2461 1838 2515 autem
1883 2450 2160 2535 optimae
2205 2472 2395 2515 curae
2441 2450 2524 2515 dc
2567 2451 2774 2517 salute

720 2544 981 2629 patriae,
1019 2542 1251 2625 quibus
1286 2542 1563 2627 agitatus
1600 2554 1666 2610 et
1699 2544 2080 2609 exercitatus
2117 2544 2364 2608 animus
2393 2544 2672 2609 velocius
2697 2544 2772 2609 in

720 2638 887 2702 hanc
948 2636 1165 2701 sedem
1226 2647 1291 2701 et
1342 2637 1604 2701 domum
1655 2660 1838 2702 suam
1891 2639 2248 2725 pervolabit
2255 2662 2274 2714 3
2344 2638 2533 2722 idque
2585 2637 2771 2701 ocius

720 2733 933 2810 faciet,
978 2732 1033 2797 si
1067 2733 1195 2797 iam
1230 2742 1387 2808 tum,
1437 2754 1583 2797 cum
1620 2733 1742 2797 erit
1773 2733 2066 2797 inclusus·
2093 2734 2158 2797 in
2193 2754 2483 2819 corpore,
2531 2731 2773 2797 emine-

720 2828 817 2893 bit
862 2828 1039 2891 foras
1091 2838 1157 2892 et
1208 2849 1313 2905 ea,
1368 2848 1533 2910 quae
1589 2838 1772 2893 extra
1816 2837 2002 2893 erunt
2013 2874 2034 2905 ,
2087 2827 2525 2913 contemplans
2575 2848 2772 2911 quam

720 2924 999 2987 maxime
1044 2944 1113 2987 se
1160 2946 1199 2986 a
1242 2943 1505 3007 corpore
1550 2921 1893 2987 abstrahet.
1980 2944 2256 3006 namque
2300 2944 2520 2987 eorum
2552 2922 2772 2999 animi,

718 3018 833 3101 qui
898 3039 967 3081 se
1030 3016 1310 3101 corporis
1370 3016 1808 3102 voluptatibus
1872 3016 2249 3082 dediderunt
2299 3038 2650 3100 earumque
2703 3039 2770 3081 se

720 3110 905 3193 quasi
967 3109 1285 3174 ministros
1347 3112 1780 3196 praebuerunt
1830 3112 2214 3197 inpulsuque
2265 3110 2607 3176 libidinum
2659 3132 2769 3176 vo·

718 3204 1073 3289 luptatibus
1118 3204 1593 3270 oboedientium
1629 3205 1896 3271 deorum
1930 3216 1996 3269 et
2027 3204 2360 3270 hominum
2393 3206 2536 3270 iura
2569 3206 2766 3271 viola·

724 3309 976 3377 verunt,
1024 3300 1393 3386 corporibus
1438 3298 1640 3386 elapsi
1685 3299 1924 3364 circum
1967 3310 2201 3363 terram
2235 3300 2441 3385 ipsam
2475 3301 2768 3365 volutan-

714 3406 824 3460 tur
866 3418 985 3461 nec
1033 3394 1203 3460 hunc
1246 3396 1313 3459 in
1356 3396 1570 3469 locum
1610 3395 1736 3459 nisi
1770 3394 1987 3459 m'ultis
2023 3393 2328 3479 exagitati
2361 3394 2634 3460 saeculis
2668 3417 2768 3459 re-

718 3490 1091 3553 vertuntur?
1176 3489 1284 3555 ille
1322 3487 1630 3565 discessit,
1669 3510 1790 3575 ego
1831 3509 2053 3553 somno
2089 3488 2336 3554 solutus
2372 3510 2538 3552 sum.

1524 3787 1951 3799 m—
