3292 4559
907 320 1012 375 DE
1047 317 1371 376 DEORUM
1403 318 1730 377 NATURA
1760 321 1808 375 Ι.
1846 322 2151 378 114—1‘21.
2474 314 2558 379 37

512 437 706 501 >timor
736 435 939 501 inanis
977 434 1261 512 deorum,
1297 434 1412 501 sed
1449 436 1640 501 etiam
1674 436 1789 503 reli
1836 436 2065 517 ’onem,
2101 458 2267 523 quae
2294 440 2558 507 deorum

509 522 693 586 cultu
725 522 832 607 pio
868 520 1243 587 continetur.
1330 521 1485 606 quid
1518 522 1593 600 ii,
1629 523 1743 608 qui
1823 524 1837 539 ‘
1888 533 2073 589 erunt
2107 534 2305 591 totam
2342 527 2421 592 de
2458 528 2554 593 dis
2580 550 2657 591 us

510 606 954 673 inmortalibus
985 608 1346 694 opinionem
1378 608 1594 673 fictam
1627 628 1769 674 esse
1798 609 1883 673 ab
1913 609 2275 675 hominibus
2304 613 2555 697 sapien·-

515 690 682 755 tibus
714 693 808 760 rei
842 693 1138 778 publicae
1173 715 1392 770 causa,
1445 704 1546 770 ut,
1590 714 1751 776 quos
1786 695 1947 759 ratio
1981 716 2111 760 non
2145 708 2387 781 posset,
2443 720 2553 763 eos

507 776 596 841 ad
650 776 934 843 officium
985 778 1208 863 religio
1263 778 1551 853 duceret,
1612 799 1825 843 nonne
1879 801 2132 845 omnem
2182 782 2554 868 religionem

509 861 798 927 funditus
847 863 1273 928 sustulerunt?
1325 863 1482 946 quid
1512 862 1827 927 Prodicus
1864 861 2051 941 Cius,
2099 866 2211 948 qui
2246 889 2350 942 ea,
2386 888 2554 951 quae

509 946 886 1030 prodessem:
935 948 1264 1023 hominum
1315 948 1515 1022 vitae,
1570 947 1834 1012 deorum
1896 948 1965 1013 in
2014 972 2281 1015 numero
2333 952 2555 1020 habita

506 1052 652 1095 esse
689 1031 878 1109 dixit,
926 1054 1120 1116 quam
1155 1032 1410 1097 tandem
1445 1032 1817 1117 religionem
1850 1033 2144 1117 reliquit?
2196 1035 2389 1118 quid?
2440 1036 2552 1120 qui
2579 1060 2654 1100 119

505 1127 625 1179 aut
660 1114 841 1181 fortis
877 1128 988 1181 aut
1021 1116 1222 1181 claros
1260 1127 1370 1181 aut
1403 1116 1677 1201 potentis
1712 1118 1881 1182 viros
1916 1118 2175 1183 tradunt
2206 1130 2353 1204 post
2384 1143 2555 1186 mor-

427 1258 451 1278 ,
507 1210 640 1265 tem
667 1201 751 1265 ad
779 1201 930 1267 deos
959 1201 1320 1287 pervenisse
1347 1222 1584 1284 eosque
1611 1224 1750 1268 esse
1775 1204 1967 1289 ipsos,
1994 1224 2154 1288 quos
2180 1227 2296 1269 nos
2324 1205 2549 1285 colere,

510 1286 757 1369 precari
792 1287 1206 1371 venerarique
1241 1287 1588 1363 soleamne,
1643 1310 1853 1354 nonne
1889 1298 2181 1374 expertes
2217 1301 2365 1355 sunt
2406 1290 2556 1356 reli-

500 1369 774 1454 gionum
809 1372 1128 1437 omnium?
1171 1393 1336 1456 quae
1379 1371 1538 1435 ratio
1585 1373 1860 1438 maxime
1904 1383 2173 1439 tractata
2216 1375 2299 1439 ab
2333 1374 2555 1441 Euhe-

507 1476 684 1520 mero
740 1467 834 1521 est
846 1504 864 1534 ,
917 1478 1108 1541 quem
1160 1468 1375 1522 noster
1417 1468 1480 1522 et
1531 1457 1979 1542 interpretatus
2033 1468 2098 1523 et
2148 1470 2401 1525 secutus
2454 1471 2555 1526 est

508 1552 760 1624 praeter
804 1553 1046 1608 ceteros
1089 1540 1368 1619 Ennius3
1424 1540 1506 1605 ab
1540 1540 1906 1607 Euhemero
1952 1554 2166 1609 autem
2210 1556 2273 1609 et
2315 1555 2550 1609 mortes

501 1636 572 1689 et
616 1628 979 1711 sepulturae
1023 1627 1534 1691 demonstrantur
1575 1626 1861 1692 deorum.
1946 1639 2161 1692 utrum
2210 1628 2405 1713 igitur
2446 1628 2551 1692 hic

506 1710 914 1777 confirmasse
957 1712 1208 1776 videtur
1249 1711 1623 1795 religionem
1668 1735 1751 1777 an
1802 1712 2055 1795 penitus
2100 1723 2295 1778 totam
2340 1724 2553 1796 sustu·

506 1794 696 1861 lisse?
731 1796 950 1860 omitto
984 1794 1356 1860 Eleusinem
1389 1806 1677 1858 sanctam
1710 1796 1887 1858 illam
1922 1806 1987 1860 et
2019 1808 2382 1880 augustam,

847 1896 960 1958 ubi
994 1895 1318 1959 initiantur
1351 1904 1575 1978 gentes
1609 1914 1867 1957 orarum
1900 1895 2192 1972 ultimae,

505 2014 834 2091 praetereo
873 2001 1382 2067 Samothraciam
1416 2022 1638 2085 eaque,
1673 2022 1839 2085 quae
1873 2001 2113 2067 Lemni

845 2115 1156 2169 nocturno
1192 2104 1368 2168 aditu
1403 2102 1653 2167 occulta
1688 2103 1979 2167 coluntur

847 2189 1240 2254 silvestribus
1275 2188 1574 2274 saepibus
1610 2188 1839 2263 densa,

498 2297 738 2382 quibus
774 2299 1102 2385 explicatis
1137 2299 1220 2363 ad
1261 2298 1699 2381 rationemque
1733 2288 2045 2364 revocatis
2088 2318 2302 2361 rerum
2343 2297 2549 2383 magis

503 2393 734 2447 natura
777 2385 1180 2469 cognoscitur
1235 2406 1431 2468 quam
1474 2383 1757 2447 deorum.
1844 2381 2001 2445 mihi
2043 2382 2305 2465 quidem
2357 2383 2549 2447 etiam
2580 2384 2649 2439 43

505 2468 934 2546 Democritus,
969 2469 1067 2533 vir
1099 2490 1372 2555 magnus
1404 2468 1472 2532 in
1504 2466 1747 2552 primis,
1784 2468 1963 2532 cuius
1998 2466 2282 2531 fontibus
2309 2466 2550 2551 Epicu·
2576 2456 2651 2497 ¹²⁰

502 2575 614 2618 rus
648 2553 932 2618 hortulos
967 2576 1117 2619 suos
1150 2554 1470 2639 inrigavit,
1505 2563 1730 2617 nutare
1767 2552 2017 2615 videtur
2051 2550 2118 2613 in
2143 2561 2373 2615 natura
2398 2552 2549 2616 deo-

504 2660 678 2702 rumz
725 2648 861 2703 tum
905 2638 1074 2703 enim
1118 2652 1334 2705 censet
1375 2637 1687 2723 imagines
1724 2636 2051 2701 divinitate
2096 2634 2415 2719 praeditas
2447 2635 2546 2699 in·-

498 2744 646 2787 esse
689 2722 759 2789 in
800 2722 1208 2791 uniyersitate
1250 2746 1492 2800 rerum,
1547 2731 1687 2786 tum
1728 2719 2038 2807 principia
2068 2719 2328 2795 mentis,
2379 2740 2544 2802 quae

504 2807 632 2871 >sint
666 2807 734 2871 in
769 2807 994 2873 eodem
1029 2809 1354 2884 univers0‚
1408 2807 1559 2873 deos
1605 2828 1745 2871 esse
1792 2805 1973 2881 dicit,
2026 2814 2164 2867 tum
2208 2802 2543 2867 animantis

503 2891 836 2976 imagines,
871 2914 1036 2975 quae
1065 2893 1166 2957 vel
1191 2893 1492 2977 prodesse
1517 2890 1703 2955 nobis
1732 2892 1977 2956 soleant
2001 2890 2103 2954 vel
2131 2908 2379 2965 nocere,
2406 2898 2544 2952 tum

505 2976 780 3060 ingentis
808 2976 1118 3058 quasdam
1142 2976 1452 3062 imagines
1478 2985 1834 3057 tantasque,
1868 2985 1941 3039 ut
1966 2974 2333 3039 universum
2357 2994 2543 3037 mun-

501 3060 663 3123 dum
698 3060 1173 3145 conplectantur
1207 3061 1594 3126 extrinsecus
1605 3084 1625 3136 3
1660 3079 1825 3141 quae
1861 3058 2119 3143 quidem
2153 3057 2365 3122 omnia
2398 3068 2546 3123 sunt

500 3145 714 3230 >patria.
746 3144 1104 3215 Democriti
1149 3167 1342 3229 quam
1376 3144 1745 3209 Democrito
1790 3143 2099 3229 digniora.
2186 3142 2329 3226 quis
2375 3142 2544 3208 enim
2570 3163 2643 3205 121

503 3232 660 3295 istas
678 3230 987 3316 imagines
1005 3230 1514 3315 conprehendere
1533 3230 1745 3293 animo
1771 3228 2018 3313 potest?
2051 3226 2192 3313 quis
2210 3226 2545 3291 admirari?

500 3314 652 3398 quis
699 3327 810 3380 aut
861 3316 1036 3381 cultu
1082 3325 1193 3380 aut
1241 3314 1545 3400 religione
1589 3313 1814 3398 dignas
1855 3310 2175 3377 iudicare?
2224 3309 2545 3398 Epicurus

507 3420 659 3464 vero
705 3421 785 3464 ex
831 3400 1058 3467 animis
1101 3400 1435 3464 hominum
1479 3398 1751 3464 extraxit
1800 3396 2103 3462 radicitus
2154 3394 2543 3481 religionem,

503 3506 658 3549 cum
707 3487 774 3548 in
827 3484 924 3549 dis
973 3484 1414 3549 inmortalibus
1467 3494 1531 3549 et
1582 3504 1769 3567 opem
1821 3492 1885 3547 et
1943 3482 2217 3568 gratiam
2268 3478 2543 3545 sustulit.

503 3590 656 3633 cum
716 3568 884 3635 enim
934 3570 1239 3655 optimam
1299 3581 1365 3634 et
1423 3566 2039 3653 praestantissimam
2085 3576 2379 3630 naturam
2443 3564 2546 3628 dei

506 3652 678 3717 dicat
729 3676 896 3728 esse,
949 3665 1144 3740 negat
1197 3653 1368 3719 idem
1420 3675 1558 3718 esse
1617 3653 1685 3717 in
1721 3651 1841 3716 deo
1886 3649 2156 3737 gratiam
2166 3674 2185 3727 3
2240 3648 2401 3713 tollit
2454 3647 2541 3723 id,

509 3737 682 3821 quod
716 3737 992 3803 maxime
1035 3738 1361 3825 proprium
1395 3749 1490 3804 est
1525 3736 1801 3823 optimae
1842 3733 2544 3821 praestantissimaeque

506 3832 800 3887 naturae:
837 3823 991 3906 quid
1025 3824 1194 3888 enim
1227 3823 1453 3888 melius
1481 3833 1591 3886 aut
1617 3822 1773 3906 quid
1805 3818 2227 3905 praestantius
2263 3818 2543 3883 bonitate

506 3919 575 3971 et
617 3907 1066 3973 beneficentia?
1131 3929 1262 3992 qua
1304 3929 1451 3973 cum
1485 3928 1700 3971 carere
1734 3907 1926 3970 deum
1960 3903 2172 3978 voltis,
2224 3902 2544 3968 neminem

508 3992 630 4056 deo
681 4014 799 4057 nec
850 3992 1038 4057 deum
1089 4014 1208 4058 nec
1257 3992 1579 4058 hominem
1630 4012 1876 4064 carum,
1944 3987 2263 4053 neminem
2322 3988 2405 4052 ab
2468 4012 2543 4055 eo

507 4076 739 4151 amari,
771 4078 1088 4143 neminem
1141 4076 1318 4159 diligi
1368 4077 1574 4143 voltis.
1660 4076 1749 4139 ita
1800 4074 1872 4137 fit
1912 4083 1984 4137 ut
2025 4094 2155 4138 non
2193 4074 2384 4139 modo
2429 4077 2546 4142 ho·-
