3292 4559
311 3599 316 3776 l

311 3779 314 3816 Ι

311 3827 314 3854 ι

311 3875 326 4044 ἓ

936 263 1043 319 DE
1076 259 1598 320 DIVINATIONE
1632 261 1711 316 11.
1749 262 2058 317 loo—105.
2401 249 2530 316 201

471 389 733 457 ficentia
776 385 1231 476 praestantius3
1274 405 1489 471 neque
1530 406 1664 450 non
1695 398 1968 471 possunt
2009 387 2228 452 futura
2261 385 2533 473 praeno-

472 506 673 550 scere.
758 504 889 548 non
928 481 1126 569 igitur
1170 480 1236 546 di
1280 492 1432 547 sunt
1472 503 1595 547 nec
1636 479 2000 566 significant
2050 481 2237 547 nobis
2281 480 2529 560 futura;

472 589 625 644 sunt
667 588 883 644 autem
933 575 1031 642 di:
1084 574 1447 662 significant
1490 597 1668 663 ergo.
1757 587 1820 641 et
1864 597 2025 655 non,
2069 576 2125 642 si
2171 576 2532 663 significant

470 673 707 749 futura,
742 671 953 737 nullas
999 670 1157 736 dant
1194 669 1334 735 vias
1376 669 1563 736 nobis
1614 671 1700 736 ad
1746 670 2282 758 significationum
2327 670 2532 736 scien-

468 766 656 844 tiam,
700 765 941 830 frustra
983 763 1155 830 enim
1190 763 1651 850 significarent3
1702 787 1853 841 nec,
1907 765 1961 830 si
1997 766 2153 831 dant
2186 765 2355 844 vias,
2399 787 2532 830 non

466 871 571 928 est
624 859 961 926 divinatio:
1015 870 1113 924 est
1162 858 1363 944 igitur
1413 859 1762 924 divinatio?
1861 883 1900 925 o
1945 872 2168 926 acutos
2211 860 2526 926 homines!
2557 879 2632 920 103

464 979 668 1043 quam
700 955 925 1042 paucis
967 953 1183 1020 verbis
1229 953 1593 1020 confectum
1626 954 1960 1041 negotium
1993 955 2250 1040 putant!
2298 979 2378 1022 ea
2423 979 2530 1020 su-

463 1060 658 1116 munt
716 1050 803 1114 ad
854 1047 1395 1128 concludendum,
1456 1069 1732 1136 quorum
1790 1049 1870 1113 iis
1920 1049 2078 1115 nihil
2130 1047 2528 1126 conceditur-3

466 1144 801 1211 conclusio
836 1153 1057 1208 autem
1087 1141 1349 1208 rationis
1386 1165 1465 1210 ea
1497 1142 1832 1230 probanda
1866 1153 1991 1221 est,
2037 1143 2108 1210 in
2153 1165 2284 1229 qua
2317 1165 2399 1210 ex
2431 1166 2533 1210 re·-

470 1243 593 1308 bus
627 1262 759 1306 non
794 1238 1007 1305 dubiis
1042 1239 1132 1317 id,
1168 1239 1343 1324 quod
1378 1239 1729 1319 dubitatur,
1765 1238 2058 1306 efficitur.

598 1335 887 1403 Videsne
920 1333 1307 1421 Epicurum,
1362 1357 1555 1421 quem
1600 1334 1898 1403 hebetem
1945 1346 2009 1400 et
2048 1334 2276 1400 rudem
2320 1331 2530 1400 dicere
2565 1345 2635 1401 50

470 1431 677 1498 solent
730 1428 961 1508 Stoici,
1015 1451 1207 1515 quem
1242 1430 1327 1497 ad
1378 1430 1642 1496 modum
1695 1430 1869 1515 quod
1920 1430 1988 1494 in
2036 1439 2267 1496 natura
2316 1451 2532 1497 rerum

468 1547 659 1592 omne
688 1521 892 1614 [esse]
914 1524 1207 1603 dicimus,
1242 1524 1311 1589 id
1344 1525 1663 1591 infinitum
1697 1547 1837 1592 esse
1873 1523 2291 1591 concluserit?
2326 1523 2530 1609 ‘quod

467 1619 722 1686 finitum
766 1620 913 1698 est,’
964 1621 1173 1704 inquit
1208 1623 1310 1685 ‘id
1340 1619 1536 1686 habet
1569 1620 1968 1686 extremum.’
2055 1619 2200 1703 quis
2235 1619 2359 1688 hoc
2400 1641 2532 1683 non

470 1713 754 1780 dederit?
808 1715 1013 1798 ‘quod
1058 1725 1275 1780 autem
1326 1714 1523 1780 habet
1574 1725 1962 1792 extremum,
2015 1714 2083 1778 id
2127 1713 2406 1780 cernitur
2449 1735 2531 1779 ex

473 1808 598 1872 alio
650 1807 1085 1872 extrinsecus?
1190 1806 1315 1872 hoc
1366 1827 1623 1891 quoque
1678 1819 1774 1873 est
1829 1807 2328 1874 concedendum.
2434 1813 2532 1872 ‘at

474 1900 648 1985 quod
683 1921 873 1966 omne
910 1912 1039 1978 est,
1081 1899 1151 1965 id
1184 1922 1317 1966 non
1350 1901 1630 1966 cernitur
1665 1925 1744 1966 ex
1780 1901 1906 1966 alio
1943 1902 2379 1968 extrinsecus?
2447 1924 2530 1967 ne

471 1993 596 2060 hoc
629 1994 893 2078 quidem
922 1994 1151 2080 negari
1182 2004 1413 2080 potest.
1502 1994 1691 2060 ‘nihil
1734 1995 1934 2081 igitur
1967 2017 2114 2060 cum
2149 1996 2387 2062 habeat
2420 2018 2532 2062 ex-

472 2099 775 2166 tremum,
826 2087 1150 2154 infinitum
1200 2087 1283 2153 sit
1326 2107 1591 2155 necesse
1634 2089 1772 2154 est!
1861 2089 2122 2154 videsne
2157 2101 2232 2154 ut
2267 2089 2352 2154 ad
2393 2112 2530 2156 rem
2559 2105 2633 2146 104

473 2180 737 2248 dubiam
780 2182 1098 2250 concessis
1139 2181 1334 2249 rebus
1378 2206 1503 2248 non
1550 2183 1753 2248 dubiis
1797 2183 2194 2271 pervenerit?
2246 2183 2370 2250 hoc
2412 2206 2530 2249 vos

473 2275 789 2345 dialectici
830 2299 963 2345 non
1002 2277 1241 2356 facitis,
1284 2299 1407 2344 nec
1452 2279 1661 2344 solum
1696 2301 1775 2344 ea
1807 2300 1940 2344 non
1973 2278 2222 2345 sumitis
2260 2279 2344 2345 ad
2381 2301 2533 2346 con-

474 2370 883 2448 cludendum,
916 2394 1083 2458 quae
1120 2373 1202 2438 ab
1238 2372 1535 2438 omnibus
1571 2373 2034 2451 concedantur,
2071 2375 2186 2439 sed
2221 2396 2301 2441 ea
2334 2375 2534 2440 sumi-

472 2465 584 2544 tis,
630 2467 867 2552 quibus
904 2468 1223 2534 concessis
1254 2467 1459 2533 nihilo
1492 2467 1702 2553 magis
1737 2466 2056 2533 efficiatur
2089 2469 2264 2552 quod
2297 2468 2526 2534 velitis.

470 2558 747 2645 primum
781 2562 955 2629 enim
988 2561 1115 2628 hoc
1146 2562 1425 2628 sumitis:
1473 2561 1561 2626 ‘si
1596 2572 1747 2627 sunt
1780 2561 1874 2639 di,
1920 2561 2192 2628 benefici
2223 2562 2293 2627 in
2327 2562 2532 2628 homi-

470 2675 583 2720 nes
618 2657 815 2722 sunt.’
903 2656 1049 2741 quis
1084 2655 1209 2722 hoc
1241 2655 1426 2722 vobis
1464 2655 1686 2722 dabit?
1717 2655 2152 2743 Epicurusne,
2188 2656 2301 2740 qui
2334 2669 2531 2741 negat

465 2748 820 2834 quicquam
853 2751 1009 2817 deos
1042 2773 1164 2817 nec
1198 2751 1391 2818 alieni
1426 2773 1652 2818 curare
1687 2773 1808 2817 nec
1841 2752 1980 2818 sui?
2025 2775 2110 2816 an
2142 2761 2360 2816 noster
2392 2749 2530 2815 En-

472 2841 653 2906 nius?
688 2843 807 2925 qui
838 2865 1079 2929 magno
1111 2845 1345 2930 plausu
1377 2845 1661 2929 loquitur
1693 2843 2087 2912 adsentiente
2122 2845 2389 2932 populo:

563 2997 682 3060 ego
719 2975 913 3042 deum
946 2999 1152 3063 genus
1188 3001 1329 3045 esse
1364 3001 1618 3066 semper
1654 2979 1786 3045 dixi
1822 2992 1886 3046 et
1920 2981 2132 3048 dicam
2165 2983 2484 3072 caelitum,

563 3068 675 3133 sed
708 3090 821 3136 eos
854 3093 986 3136 non
1011 3092 1234 3139 curare
1262 3074 1505 3160 opinor,
1540 3075 1698 3162 quid
1733 3088 1886 3161 agat
1917 3075 2271 3144 humanum
2303 3100 2527 3165 genus.

480 3223 545 3280 et
586 3213 849 3300 quidem
891 3237 1009 3282 cm·
1051 3217 1144 3282 sic
1186 3220 1482 3306 opinetur
1524 3219 1837 3286 rationem
1890 3221 2150 3301 subicit3
2207 3222 2322 3290 sed
2373 3222 2530 3287 nihil

481 3317 577 3372 est
606 3330 867 3378 necesse
900 3311 1135 3392 dicere,
1168 3334 1339 3399 quae
1374 3325 1758 3400 sequuntur:
1794 3327 2046 3382 tantum
2081 3327 2181 3382 sat
2215 3327 2312 3382 est
2344 3315 2531 3381 intel-

479 3400 610 3488 legi
651 3402 719 3470 id
752 3426 1005 3473 sumere
1047 3406 1204 3473 istos
1240 3429 1359 3494 pro
1394 3420 1599 3489 certo,
1645 3411 1820 3495 quod
1856 3412 2126 3477 dubium
2161 3420 2529 3477 controver-

481 3517 745 3582 sumque
778 3498 881 3564 sit.
966 3500 1257 3585 sequitur
1296 3523 1488 3589 porro
1540 3504 1729 3569 ‘nihil
1772 3505 1928 3570 deos
1969 3505 2297 3590 ignorare,
2353 3503 2529 3587 quod
2555 3495 2632 3606 ᾗῇ

482 3591 692 3658 omnia
724 3593 850 3660 sint
880 3596 967 3660 ab
1000 3595 1078 3661 iis
1116 3597 1497 3665 constituta.’
1568 3599 1676 3665 hic
1709 3621 1864 3666 vero
1897 3609 2138 3684 quanta
2172 3620 2396 3685 pugna
2430 3609 2528 3664 est

483 3683 1007 3755 doctissumorum
1050 3689 1384 3759 hominum
1424 3695 1800 3781 negantium
1845 3717 1986 3761 esse
2020 3694 2180 3760 haec
2215 3717 2254 3758 a
2289 3693 2386 3759 dis
2431 3693 2529 3756 in-

481 3781 845 3850 mortalibus
880 3785 1252 3854 constituta!
1308 3795 1405 3854 ‘at
1438 3800 1658 3854 nostra
1698 3789 1960 3858 interest
2003 3791 2166 3857 scire
2201 3811 2307 3865 ea,
2360 3810 2527 3873 quae

484 3884 783 3943 eventura
814 3880 1002 3946 sunt.’
1090 3904 1366 3968 magnus
1400 3882 1787 3950 Dicaearchi
1821 3884 1984 3950 liber
2018 3894 2134 3961 est,
2170 3883 2414 3949 nescire
2449 3905 2527 3948 ea

484 3966 704 4034 melius
738 3993 873 4041 esse
908 3996 1107 4059 quam
1140 3977 1323 4042 scire.
1411 3989 1653 4066 negant
1697 3979 1797 4044 ‘id
1831 4001 1969 4045 esse
2006 3978 2285 4044 alienum
2326 3976 2526 4043 maie-

484 4068 645 4128 state
693 4062 982 4147 deorum3
995 4069 1012 4100 '
1084 4070 1325 4138 scilicet
1378 4093 1559 4139 casas
1612 4073 1899 4139 omnium
1949 4073 2390 4162 introspicere,
2450 4083 2527 4140 ut
