3292 4559
1077 224 1183 280 DE
1216 222 1552 281 ‘OFFIGHS
1587 223 1695 280 111.
1730 220 1937 322 '6—13.
2448 211 2535 275 81

483 362 734 436 ceptum
779 348 886 425 sit,
933 347 1048 413 sed
1089 347 1400 414 relictum.
1469 371 1622 412 nam
1658 347 1771 432 qui
1806 369 1841 412 e
1878 345 2187 412 divisione
2222 345 2541 434 tripertita·

483 445 636 508 duas
681 443 878 529 partis
923 441 1297 519 absolverit,
1349 442 1500 507 huic
1545 459 1809 508 necesse
1845 453 1941 506 est
1974 451 2215 506 restare
2249 441 2501 507 tertiam
2512 466 2531 518 3

481 547 804 624 praeterea
845 534 914 600 in
961 539 1246 600 extremo
1291 535 1455 600 libro
1489 535 1677 602 tertio
1714 535 1795 600 de
1829 535 1951 600 hac
1984 546 2165 621 parte
2200 535 2535 621 pollicetur

481 655 546 698 se
581 630 878 714 deinceps
917 651 1057 696 esse
1093 630 1432 695 dicturum.
1497 629 1749 696 accedit
1780 629 2005 695 eodem
2040 629 2220 695 testis
2248 629 2531 715 locuples
2568 651 2626 692 ιο

477 725 880 801 Posidonius,
917 723 1029 807 qui
1065 725 1260 790 etiam
1295 724 1515 789 scribit
1545 725 1614 790 in
1652 724 1932 808 quadam
1966 723 2258 810 epistula,
2295 722 2374 788 P.
2395 724 2535 790 Ru-

479 820 681 886 tilium
713 819 964 885 Rufum
999 818 1214 884 dicere
1250 819 1454 884 solere
1467 867 1484 897 ,
1531 819 1642 904 qui
1678 819 2061 884 Panaetium
2096 818 2416 896 audierat,
2460 829 2535 884 ut

478 935 663 980 nemo
698 913 904 1000 pictor
938 922 1106 979 esset
1139 912 1458 990 inventus,
1493 915 1606 996 qui
1637 913 1708 977 in
1744 910 1887 977 Coa
1920 913 2177 979 Venere
2210 933 2354 976 eam
2386 934 2535 997 par·-

478 1023 636 1086 tem‚
683 1029 880 1092 quam
913 1007 1180 1092 Apelles
1223 1006 1588 1072 inchoatam
1621 1006 2010 1090 reliquisset,
2053 1006 2416 1072 absolveret
2445 1041 2535 1052 —

480 1197 811 1262 auferebat
843 1231 959 1272 —·-‚
1006 1194 1097 1260 sic
1133 1217 1240 1272 ea,
1285 1217 1452 1279 quae
1487 1195 1837 1261 Panaetius
1873 1195 2405 1281 praetermisisset
2442 1191 2535 1279 [et

478 1315 608 1357 non
640 1287 1044 1376 perfecisset]
1055 1335 1074 1368 ,
1117 1301 1377 1376 propter
1412 1311 1665 1368 eorum,
1702 1309 1869 1375 quae
1904 1290 2305 1377 perfecisset,
2349 1311 2537 1375 prae-

479 1387 777 1452 stantiam
817 1385 1140 1450 neminem
1183 1397 1610 1472 persecutum.
1700 1407 1895 1471 quam
1936 1386 2023 1452 ob
2065 1407 2203 1451 rem
2246 1383 2327 1449 de
2370 1383 2537 1448 iudi·
2587 1383 2622 1436 3

479 1481 578 1546 cio
628 1479 924 1546 Panaetii
975 1479 1255 1545 dubitari
1307 1503 1436 1548 non
1489 1492 1703 1568 potest
1710 1506 1730 1559 3
1793 1490 2047 1547 rectene
2100 1492 2317 1546 autem
2346 1477 2537 1544 hanc

477 1575 730 1640 tertiam
772 1585 1020 1660 partem
1063 1575 1149 1640 ad
1199 1575 1669 1662 exquirendum
1719 1575 2005 1642 officium
2048 1572 2410 1638 adiunxerit
2453 1595 2537 1636 an

478 1691 710 1746 secus,
739 1669 820 1734 de
865 1690 941 1735 eo
985 1668 1256 1734 fortasse
1303 1670 1614 1756 disputari
1656 1680 1895 1756 potest:
1984 1691 2137 1733 nam
2170 1667 2303 1770 sive
2340 1665 2539 1730 hone-

478 1775 650 1830 stum
685 1763 891 1828 solum
925 1762 1167 1828 bonum
1203 1775 1320 1840 est,
1355 1759 1428 1828 ut
1465 1763 1699 1830 Stoicis
1734 1765 1975 1849 Placet,
2011 1763 2175 1840 sive,
2212 1760 2386 1844 quod
2419 1760 2537 1824 ho-

476 1867 734 1922 nestum
769 1867 886 1932 est,
920 1855 990 1923 id
1023 1856 1116 1920 ita
1151 1879 1472 1922 summum
1507 1858 1751 1922 bonum
1788 1867 1905 1933 est,
1942 1877 2135 1941 quem
2164 1856 2247 1920 ad
2273 1853 2536 1923 modum

477 1948 924 2035 Peripateticis
978 1950 1208 2016 vestris
1260 1951 1544 2029 videtur,
1595 1963 1669 2016 ut
1722 1951 1937 2016 omnia
1988 1973 2071 2016 ex
2116 1951 2316 2017 altera
2354 1959 2545 2034 parte

477 2045 812 2110 conlocata
851 2043 962 2108 vix
1005 2044 1255 2108 minimi
1297 2047 1604 2112 momenti
1635 2047 1837 2110 instar
1880 2044 2191 2122 habeant,
2238 2042 2542 2108 dubitan-

477 2139 638 2204 dum
671 2159 801 2202 non
836 2149 934 2203 est
968 2138 1126 2222 quin
1159 2159 1511 2223 numquam
1538 2139 1743 2225 possit
1766 2139 2007 2204 utilitas
2035 2160 2182 2204 cum
2206 2137 2541 2202 honestate

477 2232 885 2298 contendere.
973 2232 1190 2317 itaque
1235 2233 1598 2320 accepimus
1646 2233 1979 2301 Socratem
2033 2230 2350 2300 exsecrari
2394 2231 2542 2296 soli-

475 2340 621 2393 tum
666 2347 817 2403 eos,·
851 2327 963 2412 qui
1005 2327 1285 2413 primum
1329 2329 1490 2395 haec
1534 2340 1767 2395 natura
1802 2329 2209 2396 cohaerentia
2242 2325 2541 2416 opinione

477 2420 949 2500 distraxissent3
1039 2421 1146 2488 cui
1179 2423 1442 2507 quidem
1475 2423 1567 2488 ita
1603 2435 1753 2490 sunt
1789 2422 1991 2490 Stoici
2028 2423 2311 2498 adsensi,
2346 2431 2419 2486 ut
2454 2429 2539 2496 et,

475 2515 790 2602 quicquid
840 2515 1178 2582 honestum
1231 2530 1426 2594 esset,
1489 2518 1558 2582 id
1608 2518 1765 2584 utile
1818 2540 1957 2584 esse
2011 2527 2368 2592 censerent,
2421 2535 2541 2580 nec

473 2609 640 2676 utile
684 2609 1058 2694 quicquam,
1113 2612 1288 2696 quod
1329 2635 1460 2677 non
1502 2613 1863 2679 honestum.
1952 2612 2126 2695 quod
2171 2611 2225 2675 si
2275 2611 2331 2674 is
2376 2619 2543 2674 esset
2578 2635 2629 2674 12

473 2705 863 2782 Panaetius,
933 2706 1045 2789 qui
1116 2707 1418 2772 virtutem
1487 2719 1829 2794 propterea
1890 2705 2223 2772 colendam
2284 2704 2541 2778 diceret,

475 2798 662 2884 quod
705 2819 784 2862 ea
827 2799 1110 2864 efficiens
1146 2800 1437 2866 utilitatis
1474 2813 1673 2879 esset,
1716 2813 1793 2866 ut
1835 2800 1913 2878 ii,
1959 2801 2071 2883 qui
2102 2821 2205 2864 res
2243 2807 2563 2886 expeten-.

477 2894 606 2958 das
666 2891 772 2956 vel
829 2893 1156 2977 voluptate
1219 2895 1324 2958 vel
1373 2894 1727 2960 indolentia
1777 2893 2151 2970 metiuntur,
2213 2891 2435 2957 liceret
2484 2891 2546 2954 ei

477 2986 700 3052 dicere
744 2982 1083 3050 utilitatem
1127 2985 1473 3070 aliquando
1510 3011 1657 3053 cum
1692 2989 2023 3053 honestate
2056 3007 2376 3074 pugnare3
2431 2984 2546 3050 sed
2646 3028 2653 3034 -

476 3101 638 3148 cum
673 3078 758 3143 sit
787 3078 872 3156 is,
916 3080 1030 3163 qui
1063 3079 1131 3144 id
1167 3082 1374 3146 solum
1409 3083 1653 3148 bonum
1686 3082 1952 3160 iudicet,
2000 3081 2172 3167 quod
2206 3081 2546 3146 honestum

475 3176 590 3253 sit,
628 3193 794 3259 quae
832 3185 1049 3239 autem
1082 3175 1236 3240 huic
1269 3189 1632 3264 repugnent
1666 3179 1881 3264 specie
1916 3177 2198 3262 quadam
2232 3174 2543 3250 utilitatis,

476 3290 711 3336 eorum
754 3289 964 3352 neque
999 3269 1365 3337 accessione
1400 3272 1733 3338 meliorem
1766 3271 1966 3336 vitam
1998 3271 2137 3338 fieri
2170 3291 2291 3335 neo
2326 3269 2547 3334 deces-

477 3364 668 3430 sione
702 3362 1015 3448 peiorem,
1062 3385 1195 3429 non
1228 3363 1482 3432 videtur
1517 3365 1817 3432 debuisse
1854 3365 1990 3432 eius
2024 3363 2199 3428 modi
2236 3361 2551 3428 delibera-

473 3461 730 3525 tionem
763 3458 1198 3538 introducere,
1241 3461 1308 3526 in
1343 3481 1474 3544 qua
1508 3461 1685 3550 quod
1718 3460 1873 3526 utile
1908 3459 2230 3524 videretur
2264 3477 2414 3521 cum
2450 3475 2546 3530 ec,

477 3553 668 3638 quod
699 3552 1038 3620 honestum
1074 3566 1269 3633 esset,
1308 3564 1802 3644 compararetur.
1892 3551 2127 3618 etenim
2164 3549 2339 3638 quod
2376 3570 2551 3614 sum—
2584 3570 2635 3610 ιε

475 3669 670 3713 mum
704 3648 948 3713 bonum
993 3671 1033 3713 a
1069 3647 1308 3716 Stoicis
1353 3651 1614 3727 dicitur,
1660 3647 2111 3714 convenienter
2152 3656 2419 3710 naturae
2453 3643 2549 3706 vi-

475 3762 672 3818 vere,
706 3742 775 3807 id
807 3743 1004 3808 habet
1026 3737 1204 3810 'hanc
1215 3790 1234 3823 ,
1269 3755 1342 3809 ut
1375 3745 1632 3830 opinor,
1670 3741 2076 3818 sententiam,
2122 3761 2271 3805 cum
2315 3737 2549 3803 virtute

481 3855 846 3920 congruere
891 3859 1170 3924 semper,
1215 3851 1429 3905 cetera
1472 3849 1717 3916 autem,
1760 3859 1931 3924 quae
1976 3834 2330 3902 secundum
2364 3841 2551 3898 natu-

477 3951 634 3997 ram
679 3942 919 4009 essent,
973 3934 1066 3998 ita
1116 3934 1360 4020 leger-e,
1415 3935 1470 3999 si
1523 3956 1600 4002 ea
1651 3933 1870 3998 virtuti
1894 3953 1901 3968 ’
1922 3952 2053 3997 non
2096 3937 2547 4015 repugnarent.

479 4023 672 4110 quod
715 4045 862 4089 cum
912 4025 1004 4092 ita
1057 4028 1167 4106 sit,
1219 4039 1448 4115 putant
1491 4028 1754 4113 quidam
1798 4027 1963 4093 hanc
2008 4023 2549 4110 comparationem

603 4125 818 4170 Ciceronis
837 4127 917 4170 vol.
940 4125 1044 4172 Vm.
2160 4125 2192 4179 6
