<?xml version="1.0" encoding="UTF-8"?>
<!DOCTYPE html PUBLIC "-//W3C//DTD XHTML 1.0 Transitional//EN"
    "http://www.w3.org/TR/xhtml1/DTD/xhtml1-transitional.dtd">
<html xmlns="http://www.w3.org/1999/xhtml" xml:lang="en" lang="en">
 <head>
  <title>
</title>
<meta http-equiv="Content-Type" content="text/html;charset=utf-8" />
  <meta name='ocr-system' content='tesseract 3.04.00' />
  <meta name='ocr-capabilities' content='ocr_page ocr_carea ocr_par ocr_line ocrx_word'/>
</head>
<body>
  <div class='ocr_page' id='page_1' title='image "./mtulliiciceroni03unkngoog_0295.png"; bbox 0 0 3292 4559; ppageno 0'>
   <div class='ocr_carea' id='block_1_1' title="bbox 1240 260 2589 326">
    <p class='ocr_par' dir='ltr' id='par_1_1' title="bbox 1240 260 2589 326">
     <span class='ocr_line' id='line_1_1' title="bbox 1240 260 2589 326; baseline 0.001 -2"><span class='ocrx_word' id='word_1_1' title='bbox 1240 294 1245 300; x_wconf 92' lang='lat'><strong>·</strong></span> <span class='ocrx_word' id='word_1_2' title='bbox 1291 268 1630 325; x_wconf 87' lang='lat' dir='ltr'><strong>LAELIUS</strong></span> <span class='ocrx_word' id='word_1_3' title='bbox 1666 270 1835 325; x_wconf 78' lang='lat'><strong>3-9.</strong></span> <span class='ocrx_word' id='word_1_4' title='bbox 2460 260 2589 326; x_wconf 83' lang='lat'>265</span> 
     </span>
    </p>
   </div>
   <div class='ocr_carea' id='block_1_2' title="bbox 483 389 2655 4131">
    <p class='ocr_par' dir='ltr' id='par_1_2' title="bbox 672 389 2655 469">
     <span class='ocr_line' id='line_1_2' title="bbox 672 389 2655 469; baseline 0.004 -14"><span class='ocrx_word' id='word_1_5' title='bbox 672 392 974 455; x_wconf 73' lang='lat' dir='ltr'>Fannius.</span> <span class='ocrx_word' id='word_1_6' title='bbox 1049 389 1218 456; x_wconf 88' lang='lat' dir='ltr'>Sunt</span> <span class='ocrx_word' id='word_1_7' title='bbox 1248 390 1400 468; x_wconf 89' lang='lat' dir='ltr'>ista,</span> <span class='ocrx_word' id='word_1_8' title='bbox 1445 390 1662 469; x_wconf 84' lang='lat' dir='ltr'>Laeli3</span> <span class='ocrx_word' id='word_1_9' title='bbox 1705 414 1826 459; x_wconf 91' lang='lat' dir='ltr'>nec</span> <span class='ocrx_word' id='word_1_10' title='bbox 1860 394 2031 458; x_wconf 90' lang='lat' dir='ltr'>enim</span> <span class='ocrx_word' id='word_1_11' title='bbox 2072 394 2299 461; x_wconf 84' lang='lat' dir='ltr'>melior</span> <span class='ocrx_word' id='word_1_12' title='bbox 2332 395 2429 459; x_wconf 87' lang='lat' dir='ltr'>vir</span> <span class='ocrx_word' id='word_1_13' title='bbox 2461 394 2586 462; x_wconf 85' lang='lat' dir='ltr'>fuit</span> <span class='ocrx_word' id='word_1_14' title='bbox 2618 396 2655 449; x_wconf 79' lang='lat'><strong>2</strong></span> 
     </span>
    </p>

    <p class='ocr_par' dir='ltr' id='par_1_3' title="bbox 483 470 2649 2803">
     <span class='ocr_line' id='line_1_3' title="bbox 545 470 2648 569; baseline 0.002 -18"><span class='ocrx_word' id='word_1_15' title='bbox 545 484 852 552; x_wconf 85' lang='lat' dir='ltr'>Africano</span> <span class='ocrx_word' id='word_1_16' title='bbox 887 483 1226 569; x_wconf 87' lang='lat' dir='ltr'>quisquam</span> <span class='ocrx_word' id='word_1_17' title='bbox 1258 506 1378 549; x_wconf 90' lang='grc'><strong>1100</strong></span> <span class='ocrx_word' id='word_1_18' title='bbox 1405 485 1660 549; x_wconf 84' lang='lat' dir='ltr'>clarior:</span> <span class='ocrx_word' id='word_1_19' title='bbox 1697 485 1813 551; x_wconf 90' lang='lat' dir='ltr'>sed</span> <span class='ocrx_word' id='word_1_20' title='bbox 1840 487 2201 554; x_wconf 84' lang='lat' dir='ltr'>existimare</span> <span class='ocrx_word' id='word_1_21' title='bbox 2228 488 2423 555; x_wconf 90' lang='lat' dir='ltr'>debes</span> <span class='ocrx_word' id='word_1_22' title='bbox 2453 511 2589 556; x_wconf 90' lang='lat' dir='ltr'>om·</span> <span class='ocrx_word' id='word_1_23' title='bbox 2623 470 2648 508; x_wconf 73' lang='lat'>⁶</span> 
     </span>
     <span class='ocr_line' id='line_1_4' title="bbox 543 578 2589 668; baseline 0.003 -25"><span class='ocrx_word' id='word_1_24' title='bbox 543 580 721 644; x_wconf 89' lang='lat' dir='ltr'>nium</span> <span class='ocrx_word' id='word_1_25' title='bbox 756 579 970 644; x_wconf 88' lang='lat' dir='ltr'>oculos</span> <span class='ocrx_word' id='word_1_26' title='bbox 1005 579 1072 643; x_wconf 90' lang='lat' dir='ltr'>in</span> <span class='ocrx_word' id='word_1_27' title='bbox 1113 589 1179 643; x_wconf 89' lang='lat' dir='ltr'>te</span> <span class='ocrx_word' id='word_1_28' title='bbox 1225 600 1363 644; x_wconf 90' lang='lat' dir='ltr'>esse</span> <span class='ocrx_word' id='word_1_29' title='bbox 1399 578 1717 645; x_wconf 88' lang='lat' dir='ltr'>coniectos</span> <span class='ocrx_word' id='word_1_30' title='bbox 1752 602 1984 659; x_wconf 82' lang='lat' dir='ltr'>unum3</span> <span class='ocrx_word' id='word_1_31' title='bbox 2036 591 2101 647; x_wconf 90' lang='lat' dir='ltr'>te</span> <span class='ocrx_word' id='word_1_32' title='bbox 2137 582 2489 668; x_wconf 85' lang='lat' dir='ltr'>sapientem</span> <span class='ocrx_word' id='word_1_33' title='bbox 2524 596 2589 649; x_wconf 91' lang='lat' dir='ltr'>et</span> 
     </span>
     <span class='ocr_line' id='line_1_5' title="bbox 543 671 2588 758; baseline 0.002 -21"><span class='ocrx_word' id='word_1_34' title='bbox 543 672 867 758; x_wconf 86' lang='lat' dir='ltr'>appellant</span> <span class='ocrx_word' id='word_1_35' title='bbox 911 682 976 739; x_wconf 90' lang='lat' dir='ltr'>et</span> <span class='ocrx_word' id='word_1_36' title='bbox 1019 671 1398 737; x_wconf 84' lang='lat' dir='ltr'>existimant.</span> <span class='ocrx_word' id='word_1_37' title='bbox 1485 672 1886 740; x_wconf 82' lang='lat' dir='ltr'>tribuebatur</span> <span class='ocrx_word' id='word_1_38' title='bbox 1928 674 2051 741; x_wconf 92' lang='lat' dir='ltr'>hoc</span> <span class='ocrx_word' id='word_1_39' title='bbox 2093 676 2285 741; x_wconf 91' lang='lat' dir='ltr'>modo</span> <span class='ocrx_word' id='word_1_40' title='bbox 2319 676 2419 741; x_wconf 89' lang='lat' dir='ltr'>M.</span> <span class='ocrx_word' id='word_1_41' title='bbox 2458 676 2588 743; x_wconf 85' lang='lat' dir='ltr'>Ca·-</span> 
     </span>
     <span class='ocr_line' id='line_1_6' title="bbox 542 765 2589 856; baseline 0.002 -25"><span class='ocrx_word' id='word_1_42' title='bbox 542 766 702 843; x_wconf 91' lang='lat' dir='ltr'>toni,</span> <span class='ocrx_word' id='word_1_43' title='bbox 739 766 974 831; x_wconf 87' lang='lat' dir='ltr'>seimus</span> <span class='ocrx_word' id='word_1_44' title='bbox 1009 765 1090 830; x_wconf 92' lang='lat' dir='ltr'>L.</span> <span class='ocrx_word' id='word_1_45' title='bbox 1126 765 1414 830; x_wconf 90' lang='lat' dir='ltr'>Acilium</span> <span class='ocrx_word' id='word_1_46' title='bbox 1447 767 1620 851; x_wconf 87' lang='lat' dir='ltr'>apud</span> <span class='ocrx_word' id='word_1_47' title='bbox 1664 778 1879 853; x_wconf 86' lang='lat' dir='ltr'>patres</span> <span class='ocrx_word' id='word_1_48' title='bbox 1914 780 2163 835; x_wconf 85' lang='lat' dir='ltr'>nostros</span> <span class='ocrx_word' id='word_1_49' title='bbox 2201 771 2589 856; x_wconf 86' lang='lat' dir='ltr'>appellatum</span> 
     </span>
     <span class='ocr_line' id='line_1_7' title="bbox 539 854 2585 967; baseline 0.003 -42"><span class='ocrx_word' id='word_1_50' title='bbox 539 882 682 926; x_wconf 88' lang='lat' dir='ltr'>esse</span> <span class='ocrx_word' id='word_1_51' title='bbox 717 860 1089 945; x_wconf 80' lang='lat' dir='ltr'><strong>sapientem,</strong></span> <span class='ocrx_word' id='word_1_52' title='bbox 1126 860 1241 925; x_wconf 90' lang='lat' dir='ltr'>sed</span> <span class='ocrx_word' id='word_1_53' title='bbox 1255 870 1542 967; x_wconf 88' lang='lat' dir='ltr'>uterque</span> <span class='ocrx_word' id='word_1_54' title='bbox 1579 861 1705 925; x_wconf 86' lang='lat' dir='ltr'>alio</span> <span class='ocrx_word' id='word_1_55' title='bbox 1742 862 2024 946; x_wconf 88' lang='lat' dir='ltr'>quodam</span> <span class='ocrx_word' id='word_1_56' title='bbox 2058 854 2277 926; x_wconf 73' lang='lat' dir='ltr'>inodo:</span> <span class='ocrx_word' id='word_1_57' title='bbox 2313 865 2585 943; x_wconf 88' lang='grc' dir='ltr'><strong>Αο111118,</strong></span> 
     </span>
     <span class='ocr_line' id='line_1_8' title="bbox 542 951 2589 1041; baseline 0.002 -24"><span class='ocrx_word' id='word_1_58' title='bbox 542 954 694 1037; x_wconf 89' lang='lat' dir='ltr'>quia</span> <span class='ocrx_word' id='word_1_59' title='bbox 742 952 1024 1038; x_wconf 90' lang='lat' dir='ltr'>prudens</span> <span class='ocrx_word' id='word_1_60' title='bbox 1069 974 1208 1017; x_wconf 88' lang='lat' dir='ltr'>esse</span> <span class='ocrx_word' id='word_1_61' title='bbox 1252 952 1321 1017; x_wconf 91' lang='lat' dir='ltr'>in</span> <span class='ocrx_word' id='word_1_62' title='bbox 1369 952 1508 1017; x_wconf 89' lang='lat' dir='ltr'>iure</span> <span class='ocrx_word' id='word_1_63' title='bbox 1553 951 1726 1017; x_wconf 87' lang='lat' dir='ltr'>civili</span> <span class='ocrx_word' id='word_1_64' title='bbox 1767 954 2142 1039; x_wconf 88' lang='lat' dir='ltr'>putabatur,</span> <span class='ocrx_word' id='word_1_65' title='bbox 2188 953 2384 1032; x_wconf 81' lang='lat' dir='ltr'>cato,</span> <span class='ocrx_word' id='word_1_66' title='bbox 2438 959 2589 1041; x_wconf 88' lang='lat' dir='ltr'>quia</span> 
     </span>
     <span class='ocr_line' id='line_1_9' title="bbox 541 1044 2589 1115; baseline 0.003 -6"><span class='ocrx_word' id='word_1_67' title='bbox 541 1046 888 1111; x_wconf 90' lang='lat' dir='ltr'>multarum</span> <span class='ocrx_word' id='word_1_68' title='bbox 921 1066 1134 1109; x_wconf 88' lang='lat' dir='ltr'>rerum</span> <span class='ocrx_word' id='word_1_69' title='bbox 1167 1067 1358 1109; x_wconf 90' lang='lat' dir='ltr'>usum</span> <span class='ocrx_word' id='word_1_70' title='bbox 1390 1044 1701 1111; x_wconf 84' lang='lat' dir='ltr'>habebat:</span> <span class='ocrx_word' id='word_1_71' title='bbox 1744 1048 1948 1111; x_wconf 89' lang='lat' dir='ltr'>multa</span> <span class='ocrx_word' id='word_1_72' title='bbox 1982 1048 2116 1114; x_wconf 90' lang='lat' dir='ltr'>eius</span> <span class='ocrx_word' id='word_1_73' title='bbox 2163 1059 2227 1115; x_wconf 89' lang='lat' dir='ltr'>et</span> <span class='ocrx_word' id='word_1_74' title='bbox 2259 1049 2327 1113; x_wconf 91' lang='lat' dir='ltr'>in</span> <span class='ocrx_word' id='word_1_75' title='bbox 2362 1062 2589 1115; x_wconf 86' lang='lat' dir='ltr'>senatu</span> 
     </span>
     <span class='ocr_line' id='line_1_10' title="bbox 540 1138 2590 1226; baseline 0.002 -22"><span class='ocrx_word' id='word_1_76' title='bbox 540 1151 608 1205; x_wconf 92' lang='lat' dir='ltr'>et</span> <span class='ocrx_word' id='word_1_77' title='bbox 640 1140 709 1203; x_wconf 92' lang='lat' dir='ltr'>in</span> <span class='ocrx_word' id='word_1_78' title='bbox 740 1138 882 1203; x_wconf 87' lang='lat' dir='ltr'>foro</span> <span class='ocrx_word' id='word_1_79' title='bbox 915 1138 1022 1205; x_wconf 85' lang='lat' dir='ltr'>vel</span> <span class='ocrx_word' id='word_1_80' title='bbox 1064 1138 1320 1224; x_wconf 72' lang='lat' dir='ltr'>provisa</span> <span class='ocrx_word' id='word_1_81' title='bbox 1364 1139 1715 1226; x_wconf 74' lang='lat' dir='ltr'><strong>prudenter</strong></span> <span class='ocrx_word' id='word_1_82' title='bbox 1754 1141 1859 1207; x_wconf 85' lang='lat' dir='ltr'>vel</span> <span class='ocrx_word' id='word_1_83' title='bbox 1902 1151 2047 1207; x_wconf 87' lang='lat' dir='ltr'>acta</span> <span class='ocrx_word' id='word_1_84' title='bbox 2082 1153 2444 1210; x_wconf 80' lang='lat' dir='ltr'>constanter</span> <span class='ocrx_word' id='word_1_85' title='bbox 2484 1144 2590 1210; x_wconf 84' lang='lat' dir='ltr'>vel</span> 
     </span>
     <span class='ocr_line' id='line_1_11' title="bbox 542 1233 2589 1324; baseline 0.003 -27"><span class='ocrx_word' id='word_1_86' title='bbox 542 1254 850 1319; x_wconf 86' lang='lat' dir='ltr'>responsa</span> <span class='ocrx_word' id='word_1_87' title='bbox 901 1244 1088 1299; x_wconf 88' lang='lat' dir='ltr'>acute</span> <span class='ocrx_word' id='word_1_88' title='bbox 1142 1233 1540 1312; x_wconf 83' lang='lat' dir='ltr'>ferebantur3</span> <span class='ocrx_word' id='word_1_89' title='bbox 1602 1246 1943 1321; x_wconf 84' lang='lat' dir='ltr'>propterea</span> <span class='ocrx_word' id='word_1_90' title='bbox 1993 1237 2180 1321; x_wconf 85' lang='lat' dir='ltr'>quasi</span> <span class='ocrx_word' id='word_1_91' title='bbox 2232 1258 2589 1324; x_wconf 84' lang='lat' dir='ltr'>cognomen</span> 
     </span>
     <span class='ocr_line' id='line_1_12' title="bbox 539 1326 2649 1418; baseline 0.002 -27"><span class='ocrx_word' id='word_1_92' title='bbox 539 1327 670 1393; x_wconf 85' lang='lat' dir='ltr'>iam</span> <span class='ocrx_word' id='word_1_93' title='bbox 703 1326 983 1394; x_wconf 87' lang='lat' dir='ltr'>habebat</span> <span class='ocrx_word' id='word_1_94' title='bbox 1023 1328 1092 1393; x_wconf 90' lang='lat' dir='ltr'>in</span> <span class='ocrx_word' id='word_1_95' title='bbox 1135 1339 1462 1396; x_wconf 77' lang='lat' dir='ltr'>senectute</span> <span class='ocrx_word' id='word_1_96' title='bbox 1507 1330 1833 1415; x_wconf 88' lang='lat' dir='ltr'>sapientis.</span> <span class='ocrx_word' id='word_1_97' title='bbox 1921 1341 1985 1397; x_wconf 89' lang='lat' dir='ltr'>te</span> <span class='ocrx_word' id='word_1_98' title='bbox 2020 1344 2235 1399; x_wconf 87' lang='lat' dir='ltr'>autem</span> <span class='ocrx_word' id='word_1_99' title='bbox 2269 1334 2395 1399; x_wconf 86' lang='lat' dir='ltr'>alio</span> <span class='ocrx_word' id='word_1_100' title='bbox 2430 1355 2591 1418; x_wconf 90' lang='lat' dir='ltr'>quo-</span> <span class='ocrx_word' id='word_1_101' title='bbox 2624 1356 2649 1396; x_wconf 76' lang='grc' dir='ltr'>’τ</span> 
     </span>
     <span class='ocr_line' id='line_1_13' title="bbox 541 1422 2591 1503; baseline 0.003 -17"><span class='ocrx_word' id='word_1_102' title='bbox 541 1422 691 1487; x_wconf 85' lang='lat' dir='ltr'>dam</span> <span class='ocrx_word' id='word_1_103' title='bbox 724 1423 914 1488; x_wconf 90' lang='lat' dir='ltr'>modo</span> <span class='ocrx_word' id='word_1_104' title='bbox 957 1444 1088 1489; x_wconf 87' lang='lat' dir='ltr'>non</span> <span class='ocrx_word' id='word_1_105' title='bbox 1131 1424 1340 1489; x_wconf 87' lang='lat' dir='ltr'>solum</span> <span class='ocrx_word' id='word_1_106' title='bbox 1382 1434 1613 1489; x_wconf 84' lang='lat' dir='ltr'>natura</span> <span class='ocrx_word' id='word_1_107' title='bbox 1658 1437 1724 1491; x_wconf 91' lang='lat' dir='ltr'>et</span> <span class='ocrx_word' id='word_1_108' title='bbox 1763 1426 2078 1503; x_wconf 90' lang='lat' dir='ltr'>moribus,</span> <span class='ocrx_word' id='word_1_109' title='bbox 2131 1450 2355 1493; x_wconf 83' lang='lat' dir='ltr'>verum</span> <span class='ocrx_word' id='word_1_110' title='bbox 2398 1430 2591 1495; x_wconf 85' lang='lat' dir='ltr'>etiam</span> 
     </span>
     <span class='ocr_line' id='line_1_14' title="bbox 539 1520 2591 1633; baseline 0.002 -49"><span class='ocrx_word' id='word_1_111' title='bbox 539 1520 752 1586; x_wconf 88' lang='lat' dir='ltr'>studio</span> <span class='ocrx_word' id='word_1_112' title='bbox 785 1531 853 1586; x_wconf 92' lang='lat' dir='ltr'>et</span> <span class='ocrx_word' id='word_1_113' title='bbox 887 1520 1174 1588; x_wconf 88' lang='lat' dir='ltr'>doctrina</span> <span class='ocrx_word' id='word_1_114' title='bbox 1207 1544 1348 1587; x_wconf 90' lang='lat' dir='ltr'>esse</span> <span class='ocrx_word' id='word_1_115' title='bbox 1383 1522 1764 1607; x_wconf 82' lang='lat' dir='ltr'>sapientem,</span> <span class='ocrx_word' id='word_1_116' title='bbox 1809 1544 1929 1588; x_wconf 89' lang='lat' dir='ltr'>nec</span> <span class='ocrx_word' id='word_1_117' title='bbox 1976 1523 2141 1588; x_wconf 89' lang='grc'><strong>810111</strong></span> <span class='ocrx_word' id='word_1_118' title='bbox 2173 1524 2430 1633; x_wconf 72' lang='lat' dir='ltr'>volgus,</span> <span class='ocrx_word' id='word_1_119' title='bbox 2476 1524 2591 1589; x_wconf 91' lang='lat' dir='ltr'>sed</span> 
     </span>
     <span class='ocr_line' id='line_1_15' title="bbox 541 1612 2593 1701; baseline 0.002 -24"><span class='ocrx_word' id='word_1_120' title='bbox 541 1624 613 1678; x_wconf 88' lang='lat' dir='ltr'>ut</span> <span class='ocrx_word' id='word_1_121' title='bbox 647 1612 878 1680; x_wconf 90' lang='lat' dir='ltr'>eruditi</span> <span class='ocrx_word' id='word_1_122' title='bbox 913 1615 1118 1679; x_wconf 86' lang='lat' dir='ltr'>solent</span> <span class='ocrx_word' id='word_1_123' title='bbox 1151 1616 1472 1700; x_wconf 86' lang='lat' dir='ltr'>appellare</span> <span class='ocrx_word' id='word_1_124' title='bbox 1507 1615 1893 1701; x_wconf 90' lang='lat' dir='ltr'>sapientem,</span> <span class='ocrx_word' id='word_1_125' title='bbox 1948 1617 2263 1700; x_wconf 86' lang='lat' dir='ltr'>qualem</span> <span class='ocrx_word' id='word_1_126' title='bbox 2244 1639 2313 1681; x_wconf 88' lang='lat' dir='ltr'>m</span> <span class='ocrx_word' id='word_1_127' title='bbox 2345 1618 2593 1700; x_wconf 86' lang='lat' dir='ltr'>reliqua</span> 
     </span>
     <span class='ocr_line' id='line_1_16' title="bbox 543 1704 2589 1794; baseline 0 -21"><span class='ocrx_word' id='word_1_128' title='bbox 543 1704 820 1773; x_wconf 83' lang='lat' dir='ltr'>Graecia</span> <span class='ocrx_word' id='word_1_129' title='bbox 860 1708 1188 1773; x_wconf 88' lang='lat' dir='ltr'>neminem</span> <span class='ocrx_word' id='word_1_130' title='bbox 1225 1742 1316 1755; x_wconf 90' lang='lat'>—-</span> <span class='ocrx_word' id='word_1_131' title='bbox 1354 1730 1505 1773; x_wconf 89' lang='lat' dir='ltr'>nam</span> <span class='ocrx_word' id='word_1_132' title='bbox 1533 1710 1664 1791; x_wconf 88' lang='lat' dir='ltr'>qui</span> <span class='ocrx_word' id='word_1_133' title='bbox 1708 1720 1954 1793; x_wconf 81' lang='lat' dir='ltr'>septem</span> <span class='ocrx_word' id='word_1_134' title='bbox 1998 1709 2427 1794; x_wconf 81' lang='lat' dir='ltr'>appellantur,</span> <span class='ocrx_word' id='word_1_135' title='bbox 2482 1730 2589 1776; x_wconf 88' lang='lat' dir='ltr'>eos</span> 
     </span>
     <span class='ocr_line' id='line_1_17' title="bbox 542 1800 2590 1886; baseline 0.002 -23"><span class='ocrx_word' id='word_1_136' title='bbox 542 1800 654 1882; x_wconf 87' lang='lat' dir='ltr'>qui</span> <span class='ocrx_word' id='word_1_137' title='bbox 704 1800 830 1863; x_wconf 85' lang='lat' dir='ltr'>ista</span> <span class='ocrx_word' id='word_1_138' title='bbox 878 1800 1173 1864; x_wconf 89' lang='lat' dir='ltr'>subtilius</span> <span class='ocrx_word' id='word_1_139' title='bbox 1228 1810 1544 1883; x_wconf 87' lang='lat' dir='ltr'>quaerunt</span> <span class='ocrx_word' id='word_1_140' title='bbox 1593 1801 1663 1864; x_wconf 90' lang='lat' dir='ltr'>in</span> <span class='ocrx_word' id='word_1_141' title='bbox 1713 1822 1983 1866; x_wconf 89' lang='lat' dir='ltr'>numero</span> <span class='ocrx_word' id='word_1_142' title='bbox 2036 1801 2416 1886; x_wconf 86' lang='lat' dir='ltr'>sapientium</span> <span class='ocrx_word' id='word_1_143' title='bbox 2460 1825 2590 1868; x_wconf 86' lang='lat' dir='ltr'>non</span> 
     </span>
     <span class='ocr_line' id='line_1_18' title="bbox 541 1890 2591 1979; baseline 0.002 -24"><span class='ocrx_word' id='word_1_144' title='bbox 541 1890 781 1957; x_wconf 85' lang='lat' dir='ltr'>habent</span> <span class='ocrx_word' id='word_1_145' title='bbox 823 1927 938 1969; x_wconf 93' lang='lat'>—,</span> <span class='ocrx_word' id='word_1_146' title='bbox 995 1892 1272 1957; x_wconf 77' lang='lat' dir='ltr'>Athenis</span> <span class='ocrx_word' id='word_1_147' title='bbox 1332 1914 1534 1957; x_wconf 92' lang='lat' dir='ltr'>unum</span> <span class='ocrx_word' id='word_1_148' title='bbox 1587 1894 1951 1979; x_wconf 87' lang='lat' dir='ltr'>accepimus</span> <span class='ocrx_word' id='word_1_149' title='bbox 2005 1904 2069 1958; x_wconf 94' lang='lat' dir='ltr'>et</span> <span class='ocrx_word' id='word_1_150' title='bbox 2130 1916 2278 1959; x_wconf 89' lang='lat' dir='ltr'>eum</span> <span class='ocrx_word' id='word_1_151' title='bbox 2330 1896 2591 1979; x_wconf 87' lang='lat' dir='ltr'>quidem</span> 
     </span>
     <span class='ocr_line' id='line_1_19' title="bbox 543 1984 2589 2071; baseline 0.001 -20"><span class='ocrx_word' id='word_1_152' title='bbox 543 1984 736 2051; x_wconf 91' lang='lat' dir='ltr'>etiam</span> <span class='ocrx_word' id='word_1_153' title='bbox 769 1985 1090 2071; x_wconf 82' lang='lat' dir='ltr'>Apollinis</span> <span class='ocrx_word' id='word_1_154' title='bbox 1125 1986 1383 2051; x_wconf 86' lang='lat' dir='ltr'>oraculo</span> <span class='ocrx_word' id='word_1_155' title='bbox 1419 1986 1956 2071; x_wconf 83' lang='lat' dir='ltr'>sapientissimum</span> <span class='ocrx_word' id='word_1_156' title='bbox 1998 1987 2378 2053; x_wconf 81' lang='lat' dir='ltr'>iudicatum:</span> <span class='ocrx_word' id='word_1_157' title='bbox 2422 1989 2589 2055; x_wconf 87' lang='lat' dir='ltr'>hanc</span> 
     </span>
     <span class='ocr_line' id='line_1_20' title="bbox 545 2079 2589 2170; baseline 0.001 -26"><span class='ocrx_word' id='word_1_158' title='bbox 545 2100 684 2145; x_wconf 91' lang='lat' dir='ltr'>esse</span> <span class='ocrx_word' id='word_1_159' title='bbox 718 2079 786 2144; x_wconf 91' lang='lat' dir='ltr'>in</span> <span class='ocrx_word' id='word_1_160' title='bbox 821 2092 884 2144; x_wconf 89' lang='lat' dir='ltr'>te</span> <span class='ocrx_word' id='word_1_161' title='bbox 921 2079 1298 2165; x_wconf 82' lang='lat' dir='ltr'>sapientiam</span> <span class='ocrx_word' id='word_1_162' title='bbox 1335 2079 1728 2159; x_wconf 84' lang='lat' dir='ltr'>existimant,</span> <span class='ocrx_word' id='word_1_163' title='bbox 1773 2092 1849 2146; x_wconf 90' lang='lat' dir='ltr'>ut</span> <span class='ocrx_word' id='word_1_164' title='bbox 1881 2080 2093 2145; x_wconf 89' lang='lat' dir='ltr'>omnia</span> <span class='ocrx_word' id='word_1_165' title='bbox 2127 2092 2241 2147; x_wconf 88' lang='lat' dir='ltr'>tua</span> <span class='ocrx_word' id='word_1_166' title='bbox 2272 2081 2339 2146; x_wconf 91' lang='lat' dir='ltr'>in</span> <span class='ocrx_word' id='word_1_167' title='bbox 2374 2094 2438 2149; x_wconf 90' lang='grc'>10</span> <span class='ocrx_word' id='word_1_168' title='bbox 2472 2105 2589 2170; x_wconf 88' lang='lat' dir='ltr'>po-</span> 
     </span>
     <span class='ocr_line' id='line_1_21' title="bbox 545 2171 2590 2262; baseline 0.001 -25"><span class='ocrx_word' id='word_1_169' title='bbox 545 2172 666 2237; x_wconf 85' lang='lat' dir='ltr'>sita</span> <span class='ocrx_word' id='word_1_170' title='bbox 699 2194 838 2239; x_wconf 87' lang='lat' dir='ltr'>esse</span> <span class='ocrx_word' id='word_1_171' title='bbox 883 2172 1080 2238; x_wconf 86' lang='lat' dir='ltr'>ducas</span> <span class='ocrx_word' id='word_1_172' title='bbox 1124 2171 1564 2257; x_wconf 89' lang='lat' dir='ltr'>humanosque</span> <span class='ocrx_word' id='word_1_173' title='bbox 1601 2196 1788 2240; x_wconf 87' lang='lat' dir='ltr'>casus</span> <span class='ocrx_word' id='word_1_174' title='bbox 1835 2175 2069 2241; x_wconf 84' lang='lat' dir='ltr'>virtute</span> <span class='ocrx_word' id='word_1_175' title='bbox 2103 2174 2433 2242; x_wconf 84' lang='lat' dir='ltr'>inferiores</span> <span class='ocrx_word' id='word_1_176' title='bbox 2469 2199 2590 2262; x_wconf 86' lang='lat' dir='ltr'>pu·-</span> 
     </span>
     <span class='ocr_line' id='line_1_22' title="bbox 542 2266 2589 2351; baseline 0.001 -20"><span class='ocrx_word' id='word_1_177' title='bbox 542 2280 658 2332; x_wconf 84' lang='lat' dir='ltr'>tes.</span> <span class='ocrx_word' id='word_1_178' title='bbox 710 2266 926 2350; x_wconf 83' lang='lat' dir='ltr'>itaque</span> <span class='ocrx_word' id='word_1_179' title='bbox 961 2289 1043 2333; x_wconf 85' lang='lat' dir='ltr'>ex</span> <span class='ocrx_word' id='word_1_180' title='bbox 1074 2290 1179 2333; x_wconf 93' lang='lat' dir='ltr'>me</span> <span class='ocrx_word' id='word_1_181' title='bbox 1215 2278 1549 2351; x_wconf 81' lang='lat' dir='ltr'>quaerunt,</span> <span class='ocrx_word' id='word_1_182' title='bbox 1587 2268 1775 2333; x_wconf 90' lang='lat' dir='ltr'>credo</span> <span class='ocrx_word' id='word_1_183' title='bbox 1812 2290 1894 2333; x_wconf 85' lang='lat' dir='ltr'>ex</span> <span class='ocrx_word' id='word_1_184' title='bbox 1928 2268 2051 2333; x_wconf 87' lang='lat' dir='ltr'>hoe</span> <span class='ocrx_word' id='word_1_185' title='bbox 2082 2268 2238 2335; x_wconf 89' lang='lat' dir='ltr'>item</span> <span class='ocrx_word' id='word_1_186' title='bbox 2256 2268 2589 2347; x_wconf 85' lang='lat' dir='ltr'>Scaevola,</span> 
     </span>
     <span class='ocr_line' id='line_1_23' title="bbox 483 2361 2591 2448; baseline 0.001 -23"><span class='ocrx_word' id='word_1_187' title='bbox 483 2388 492 2401; x_wconf 89' lang='lat'><strong>·</strong></span> <span class='ocrx_word' id='word_1_188' title='bbox 543 2374 822 2445; x_wconf 80' lang='lat' dir='ltr'>quonam</span> <span class='ocrx_word' id='word_1_189' title='bbox 855 2371 1042 2446; x_wconf 89' lang='lat' dir='ltr'>pacto</span> <span class='ocrx_word' id='word_1_190' title='bbox 1079 2372 1348 2427; x_wconf 87' lang='lat' dir='ltr'>mortem</span> <span class='ocrx_word' id='word_1_191' title='bbox 1366 2361 1664 2426; x_wconf 86' lang='lat' dir='ltr'>Africani</span> <span class='ocrx_word' id='word_1_192' title='bbox 1698 2362 1889 2438; x_wconf 86' lang='lat' dir='ltr'>feras,</span> <span class='ocrx_word' id='word_1_193' title='bbox 1926 2382 2129 2446; x_wconf 86' lang='lat' dir='ltr'>eoque</span> <span class='ocrx_word' id='word_1_194' title='bbox 2156 2363 2383 2448; x_wconf 85' lang='lat' dir='ltr'>magis,</span> <span class='ocrx_word' id='word_1_195' title='bbox 2418 2363 2591 2447; x_wconf 89' lang='lat' dir='ltr'>quod</span> 
     </span>
     <span class='ocr_line' id='line_1_24' title="bbox 541 2454 2591 2542; baseline 0 -21"><span class='ocrx_word' id='word_1_196' title='bbox 541 2456 845 2542; x_wconf 83' lang='lat' dir='ltr'>proximis</span> <span class='ocrx_word' id='word_1_197' title='bbox 888 2456 1123 2533; x_wconf 87' lang='lat' dir='ltr'>Nonis,</span> <span class='ocrx_word' id='word_1_198' title='bbox 1177 2477 1325 2522; x_wconf 89' lang='grc'><strong>011111</strong></span> <span class='ocrx_word' id='word_1_199' title='bbox 1365 2456 1435 2521; x_wconf 87' lang='grc'>111</span> <span class='ocrx_word' id='word_1_200' title='bbox 1477 2456 1696 2521; x_wconf 82' lang='grc'><strong>1101108</strong></span> <span class='ocrx_word' id='word_1_201' title='bbox 1739 2454 1827 2520; x_wconf 94' lang='lat' dir='ltr'>D.</span> <span class='ocrx_word' id='word_1_202' title='bbox 1864 2456 2055 2521; x_wconf 88' lang='lat' dir='ltr'>Bruti</span> <span class='ocrx_word' id='word_1_203' title='bbox 2105 2458 2367 2542; x_wconf 85' lang='lat' dir='ltr'>auguris</span> <span class='ocrx_word' id='word_1_204' title='bbox 2418 2479 2591 2524; x_wconf 91' lang='lat' dir='ltr'>com-</span> 
     </span>
     <span class='ocr_line' id='line_1_25' title="bbox 543 2549 2589 2629; baseline 0 -15"><span class='ocrx_word' id='word_1_205' title='bbox 543 2550 870 2615; x_wconf 88' lang='lat' dir='ltr'>mentandi</span> <span class='ocrx_word' id='word_1_206' title='bbox 903 2572 1124 2628; x_wconf 86' lang='lat' dir='ltr'>causa,</span> <span class='ocrx_word' id='word_1_207' title='bbox 1159 2561 1234 2614; x_wconf 91' lang='lat' dir='ltr'>ut</span> <span class='ocrx_word' id='word_1_208' title='bbox 1267 2549 1540 2628; x_wconf 89' lang='lat' dir='ltr'>adsolet,</span> <span class='ocrx_word' id='word_1_209' title='bbox 1576 2550 2001 2627; x_wconf 88' lang='lat' dir='ltr'>venissemus,</span> <span class='ocrx_word' id='word_1_210' title='bbox 2036 2561 2107 2615; x_wconf 93' lang='lat' dir='ltr'>tu</span> <span class='ocrx_word' id='word_1_211' title='bbox 2142 2573 2272 2616; x_wconf 90' lang='lat' dir='ltr'>non</span> <span class='ocrx_word' id='word_1_212' title='bbox 2308 2551 2589 2629; x_wconf 84' lang='lat' dir='ltr'>adfuisti,</span> 
     </span>
     <span class='ocr_line' id='line_1_26' title="bbox 541 2643 2591 2731; baseline 0.001 -24"><span class='ocrx_word' id='word_1_213' title='bbox 541 2644 656 2727; x_wconf 89' lang='lat' dir='ltr'>qui</span> <span class='ocrx_word' id='word_1_214' title='bbox 691 2644 1170 2731; x_wconf 83' lang='lat' dir='ltr'>diligentissime</span> <span class='ocrx_word' id='word_1_215' title='bbox 1205 2665 1455 2729; x_wconf 87' lang='lat' dir='ltr'>semper</span> <span class='ocrx_word' id='word_1_216' title='bbox 1497 2644 1680 2709; x_wconf 90' lang='lat' dir='ltr'>illum</span> <span class='ocrx_word' id='word_1_217' title='bbox 1716 2644 1885 2710; x_wconf 89' lang='lat' dir='ltr'>diem</span> <span class='ocrx_word' id='word_1_218' title='bbox 1922 2655 1987 2711; x_wconf 91' lang='lat' dir='ltr'>et</span> <span class='ocrx_word' id='word_1_219' title='bbox 2028 2643 2189 2711; x_wconf 91' lang='lat' dir='ltr'>illud</span> <span class='ocrx_word' id='word_1_220' title='bbox 2221 2667 2454 2710; x_wconf 90' lang='lat' dir='ltr'>munus</span> <span class='ocrx_word' id='word_1_221' title='bbox 2488 2666 2591 2711; x_wconf 91' lang='lat' dir='ltr'>so-</span> 
     </span>
     <span class='ocr_line' id='line_1_27' title="bbox 541 2736 1133 2803; baseline 0.003 -2"><span class='ocrx_word' id='word_1_222' title='bbox 541 2736 692 2801; x_wconf 88' lang='lat' dir='ltr'>litus</span> <span class='ocrx_word' id='word_1_223' title='bbox 729 2758 902 2803; x_wconf 88' lang='lat' dir='ltr'>esses</span> <span class='ocrx_word' id='word_1_224' title='bbox 937 2738 1133 2803; x_wconf 88' lang='lat' dir='ltr'>obire.</span> 
     </span>
    </p>

    <p class='ocr_par' dir='ltr' id='par_1_4' title="bbox 543 2827 2651 3467">
     <span class='ocr_line' id='line_1_28' title="bbox 673 2827 2651 2914; baseline -0.001 -21"><span class='ocrx_word' id='word_1_225' title='bbox 673 2828 982 2893; x_wconf 77' lang='lat' dir='ltr'>Scaevola.</span> <span class='ocrx_word' id='word_1_226' title='bbox 1039 2827 1378 2911; x_wconf 81' lang='lat' dir='ltr'>Quaerunt</span> <span class='ocrx_word' id='word_1_227' title='bbox 1409 2830 1691 2914; x_wconf 88' lang='lat' dir='ltr'>quidem,</span> <span class='ocrx_word' id='word_1_228' title='bbox 1728 2827 1806 2894; x_wconf 84' lang='lat' dir='ltr'>O.</span> <span class='ocrx_word' id='word_1_229' title='bbox 1826 2828 2034 2907; x_wconf 87' lang='lat' dir='ltr'>Laeli,</span> <span class='ocrx_word' id='word_1_230' title='bbox 2070 2829 2276 2907; x_wconf 87' lang='lat' dir='ltr'>multi,</span> <span class='ocrx_word' id='word_1_231' title='bbox 2312 2841 2384 2894; x_wconf 90' lang='lat' dir='ltr'>ut</span> <span class='ocrx_word' id='word_1_232' title='bbox 2420 2840 2518 2895; x_wconf 87' lang='lat' dir='ltr'>est</span> <span class='ocrx_word' id='word_1_233' title='bbox 2550 2852 2590 2893; x_wconf 90' lang='lat' dir='ltr'>a</span> <span class='ocrx_word' id='word_1_234' title='bbox 2623 2850 2651 2892; x_wconf 77' lang='lat' dir='ltr'>s</span> 
     </span>
     <span class='ocr_line' id='line_1_29' title="bbox 545 2914 2591 3009; baseline 0.001 -24"><span class='ocrx_word' id='word_1_235' title='bbox 545 2920 796 2985; x_wconf 82' lang='lat' dir='ltr'>Fannio</span> <span class='ocrx_word' id='word_1_236' title='bbox 831 2920 1096 2998; x_wconf 90' lang='lat' dir='ltr'>dictum,</span> <span class='ocrx_word' id='word_1_237' title='bbox 1129 2923 1244 2987; x_wconf 89' lang='lat' dir='ltr'>sed</span> <span class='ocrx_word' id='word_1_238' title='bbox 1275 2944 1400 3009; x_wconf 88' lang='lat' dir='ltr'>ego</span> <span class='ocrx_word' id='word_1_239' title='bbox 1435 2922 1503 2986; x_wconf 90' lang='lat' dir='ltr'>id</span> <span class='ocrx_word' id='word_1_240' title='bbox 1537 2923 1915 3008; x_wconf 76' lang='lat' dir='ltr'>responden,</span> <span class='ocrx_word' id='word_1_241' title='bbox 1950 2924 2125 3007; x_wconf 88' lang='lat' dir='ltr'>quod</span> <span class='ocrx_word' id='word_1_242' title='bbox 2158 2924 2441 2989; x_wconf 88' lang='lat' dir='ltr'>animum</span> <span class='ocrx_word' id='word_1_243' title='bbox 2476 2914 2591 2987; x_wconf 84' lang='lat' dir='ltr'>ad-</span> 
     </span>
     <span class='ocr_line' id='line_1_30' title="bbox 544 3014 2591 3102; baseline 0.001 -24"><span class='ocrx_word' id='word_1_244' title='bbox 544 3014 736 3090; x_wconf 84' lang='lat' dir='ltr'>verti,</span> <span class='ocrx_word' id='word_1_245' title='bbox 788 3024 852 3079; x_wconf 88' lang='lat' dir='ltr'>te</span> <span class='ocrx_word' id='word_1_246' title='bbox 887 3014 1200 3090; x_wconf 89' lang='lat' dir='ltr'>dolorem,</span> <span class='ocrx_word' id='word_1_247' title='bbox 1251 3036 1447 3099; x_wconf 90' lang='lat' dir='ltr'>quem</span> <span class='ocrx_word' id='word_1_248' title='bbox 1479 3016 1801 3102; x_wconf 84' lang='lat' dir='ltr'>acceperis</span> <span class='ocrx_word' id='word_1_249' title='bbox 1838 3038 1985 3081; x_wconf 88' lang='lat' dir='ltr'>cum</span> <span class='ocrx_word' id='word_1_250' title='bbox 2020 3017 2253 3081; x_wconf 85' lang='lat' dir='ltr'>summi</span> <span class='ocrx_word' id='word_1_251' title='bbox 2299 3018 2419 3081; x_wconf 86' lang='lat' dir='ltr'>viri</span> <span class='ocrx_word' id='word_1_252' title='bbox 2453 3028 2591 3081; x_wconf 90' lang='lat' dir='ltr'>tum</span> 
     </span>
     <span class='ocr_line' id='line_1_31' title="bbox 545 3106 2593 3195; baseline 0.002 -24"><span class='ocrx_word' id='word_1_253' title='bbox 545 3106 912 3172; x_wconf 88' lang='lat' dir='ltr'>amicissimi</span> <span class='ocrx_word' id='word_1_254' title='bbox 945 3118 1170 3185; x_wconf 89' lang='lat' dir='ltr'>morte,</span> <span class='ocrx_word' id='word_1_255' title='bbox 1204 3108 1372 3175; x_wconf 86' lang='lat' dir='ltr'>ferre</span> <span class='ocrx_word' id='word_1_256' title='bbox 1405 3109 1753 3187; x_wconf 83' lang='lat' dir='ltr'>moderate,</span> <span class='ocrx_word' id='word_1_257' title='bbox 1787 3132 1909 3175; x_wconf 92' lang='lat' dir='ltr'>nec</span> <span class='ocrx_word' id='word_1_258' title='bbox 1941 3110 2226 3195; x_wconf 87' lang='lat' dir='ltr'>potuisse</span> <span class='ocrx_word' id='word_1_259' title='bbox 2260 3133 2392 3176; x_wconf 90' lang='lat' dir='ltr'>non</span> <span class='ocrx_word' id='word_1_260' title='bbox 2418 3132 2593 3176; x_wconf 86' lang='lat' dir='ltr'>com·-</span> 
     </span>
     <span class='ocr_line' id='line_1_32' title="bbox 544 3200 2591 3287; baseline 0 -20"><span class='ocrx_word' id='word_1_261' title='bbox 544 3202 788 3267; x_wconf 84' lang='lat' dir='ltr'>moveri</span> <span class='ocrx_word' id='word_1_262' title='bbox 819 3222 941 3267; x_wconf 90' lang='grc'><strong>1100</strong></span> <span class='ocrx_word' id='word_1_263' title='bbox 965 3200 1164 3267; x_wconf 89' lang='lat' dir='ltr'>fuisse</span> <span class='ocrx_word' id='word_1_264' title='bbox 1191 3202 1260 3267; x_wconf 91' lang='lat' dir='ltr'>id</span> <span class='ocrx_word' id='word_1_265' title='bbox 1291 3201 1705 3269; x_wconf 82' lang='lat' dir='ltr'>humanitatis</span> <span class='ocrx_word' id='word_1_266' title='bbox 1740 3214 1889 3272; x_wconf 85' lang='lat' dir='ltr'>tuae</span> <span class='ocrx_word' id='word_1_267' title='bbox 1900 3227 1920 3282; x_wconf 86' lang='lat'>3</span> <span class='ocrx_word' id='word_1_268' title='bbox 1955 3204 2131 3287; x_wconf 87' lang='lat' dir='ltr'>quod</span> <span class='ocrx_word' id='word_1_269' title='bbox 2156 3214 2371 3270; x_wconf 89' lang='lat' dir='ltr'>autem</span> <span class='ocrx_word' id='word_1_270' title='bbox 2386 3204 2591 3269; x_wconf 87' lang='lat' dir='ltr'>Nonis</span> 
     </span>
     <span class='ocr_line' id='line_1_33' title="bbox 543 3296 2591 3384; baseline 0 -23"><span class='ocrx_word' id='word_1_271' title='bbox 543 3298 614 3361; x_wconf 87' lang='lat' dir='ltr'>in</span> <span class='ocrx_word' id='word_1_272' title='bbox 649 3296 916 3382; x_wconf 87' lang='lat' dir='ltr'>collegio</span> <span class='ocrx_word' id='word_1_273' title='bbox 949 3305 1166 3361; x_wconf 90' lang='lat' dir='ltr'>nostro</span> <span class='ocrx_word' id='word_1_274' title='bbox 1210 3318 1341 3362; x_wconf 90' lang='lat' dir='ltr'>non</span> <span class='ocrx_word' id='word_1_275' title='bbox 1375 3298 1718 3375; x_wconf 85' lang='lat' dir='ltr'>adfuisses,</span> <span class='ocrx_word' id='word_1_276' title='bbox 1763 3299 2195 3365; x_wconf 85' lang='lat' dir='ltr'>valetudinem</span> <span class='ocrx_word' id='word_1_277' title='bbox 2237 3298 2591 3384; x_wconf 86' lang='lat' dir='ltr'>respondeo</span> 
     </span>
     <span class='ocr_line' id='line_1_34' title="bbox 546 3391 1663 3467; baseline 0 -12"><span class='ocrx_word' id='word_1_278' title='bbox 546 3412 828 3467; x_wconf 84' lang='lat' dir='ltr'>causam,</span> <span class='ocrx_word' id='word_1_279' title='bbox 862 3413 994 3456; x_wconf 93' lang='lat' dir='ltr'>non</span> <span class='ocrx_word' id='word_1_280' title='bbox 1025 3391 1410 3458; x_wconf 85' lang='lat' dir='ltr'>maestitiam</span> <span class='ocrx_word' id='word_1_281' title='bbox 1443 3392 1663 3458; x_wconf 83' lang='lat' dir='ltr'>fuisse.</span> 
     </span>
    </p>

    <p class='ocr_par' dir='ltr' id='par_1_5' title="bbox 545 3484 2652 4131">
     <span class='ocr_line' id='line_1_35' title="bbox 673 3484 2593 3570; baseline -0.001 -21"><span class='ocrx_word' id='word_1_282' title='bbox 673 3484 947 3550; x_wconf 71' lang='lat' dir='ltr'>Laelius.</span> <span class='ocrx_word' id='word_1_283' title='bbox 1017 3484 1219 3551; x_wconf 86' lang='lat' dir='ltr'>Recte</span> <span class='ocrx_word' id='word_1_284' title='bbox 1270 3496 1342 3552; x_wconf 94' lang='lat' dir='ltr'>tu</span> <span class='ocrx_word' id='word_1_285' title='bbox 1395 3486 1685 3570; x_wconf 88' lang='lat' dir='ltr'>quidem,</span> <span class='ocrx_word' id='word_1_286' title='bbox 1738 3484 2081 3561; x_wconf 85' lang='lat' dir='ltr'>Scaevola,</span> <span class='ocrx_word' id='word_1_287' title='bbox 2134 3496 2199 3549; x_wconf 90' lang='lat' dir='ltr'>et</span> <span class='ocrx_word' id='word_1_288' title='bbox 2242 3505 2420 3549; x_wconf 73' lang='lat' dir='ltr'>verez</span> <span class='ocrx_word' id='word_1_289' title='bbox 2473 3504 2593 3548; x_wconf 86' lang='lat' dir='ltr'>nee</span> 
     </span>
     <span class='ocr_line' id='line_1_36' title="bbox 545 3576 2591 3666; baseline -0.002 -22"><span class='ocrx_word' id='word_1_290' title='bbox 545 3578 718 3645; x_wconf 91' lang='lat' dir='ltr'>enim</span> <span class='ocrx_word' id='word_1_291' title='bbox 751 3579 836 3643; x_wconf 85' lang='lat' dir='ltr'>ab</span> <span class='ocrx_word' id='word_1_292' title='bbox 863 3579 986 3645; x_wconf 86' lang='lat' dir='ltr'>isto</span> <span class='ocrx_word' id='word_1_293' title='bbox 1013 3578 1248 3658; x_wconf 84' lang='lat' dir='ltr'>officio,</span> <span class='ocrx_word' id='word_1_294' title='bbox 1282 3581 1455 3665; x_wconf 87' lang='lat' dir='ltr'>quod</span> <span class='ocrx_word' id='word_1_295' title='bbox 1485 3602 1736 3666; x_wconf 85' lang='lat' dir='ltr'>semper</span> <span class='ocrx_word' id='word_1_296' title='bbox 1762 3579 2090 3666; x_wconf 84' lang='lat' dir='ltr'>usurpavi,</span> <span class='ocrx_word' id='word_1_297' title='bbox 2117 3600 2267 3643; x_wconf 88' lang='lat' dir='ltr'>cum</span> <span class='ocrx_word' id='word_1_298' title='bbox 2290 3576 2591 3653; x_wconf 82' lang='lat' dir='ltr'>valerem,</span> 
     </span>
     <span class='ocr_line' id='line_1_37' title="bbox 547 3670 2595 3751; baseline -0.001 -15"><span class='ocrx_word' id='word_1_299' title='bbox 547 3673 781 3739; x_wconf 89' lang='lat' dir='ltr'>abduci</span> <span class='ocrx_word' id='word_1_300' title='bbox 829 3674 1234 3740; x_wconf 88' lang='lat' dir='ltr'>incommodo</span> <span class='ocrx_word' id='word_1_301' title='bbox 1287 3697 1430 3741; x_wconf 91' lang='lat' dir='ltr'>meo</span> <span class='ocrx_word' id='word_1_302' title='bbox 1483 3674 1709 3751; x_wconf 88' lang='lat' dir='ltr'>debui,</span> <span class='ocrx_word' id='word_1_303' title='bbox 1760 3697 1880 3741; x_wconf 89' lang='lat' dir='ltr'>neo</span> <span class='ocrx_word' id='word_1_304' title='bbox 1930 3674 2063 3739; x_wconf 90' lang='lat' dir='ltr'>ullo</span> <span class='ocrx_word' id='word_1_305' title='bbox 2116 3694 2271 3739; x_wconf 86' lang='lat' dir='ltr'>casu</span> <span class='ocrx_word' id='word_1_306' title='bbox 2323 3670 2595 3736; x_wconf 82' lang='lat' dir='ltr'>arbitror</span> 
     </span>
     <span class='ocr_line' id='line_1_38' title="bbox 547 3765 2591 3856; baseline -0.001 -25"><span class='ocrx_word' id='word_1_307' title='bbox 547 3768 670 3833; x_wconf 89' lang='lat' dir='ltr'>hoc</span> <span class='ocrx_word' id='word_1_308' title='bbox 696 3769 1010 3834; x_wconf 86' lang='lat' dir='ltr'>constanti</span> <span class='ocrx_word' id='word_1_309' title='bbox 1041 3767 1282 3835; x_wconf 89' lang='lat' dir='ltr'>homini</span> <span class='ocrx_word' id='word_1_310' title='bbox 1310 3792 1498 3856; x_wconf 89' lang='lat' dir='ltr'>posse</span> <span class='ocrx_word' id='word_1_311' title='bbox 1523 3770 1928 3855; x_wconf 78' lang='lat' dir='ltr'>contingere,</span> <span class='ocrx_word' id='word_1_312' title='bbox 1946 3779 2020 3833; x_wconf 89' lang='lat' dir='ltr'>ut</span> <span class='ocrx_word' id='word_1_313' title='bbox 2044 3769 2179 3834; x_wconf 82' lang='lat' dir='ltr'>ulla</span> <span class='ocrx_word' id='word_1_314' title='bbox 2210 3765 2591 3833; x_wconf 88' lang='lat' dir='ltr'>intermissio</span> 
     </span>
     <span class='ocr_line' id='line_1_39' title="bbox 547 3858 2652 3946; baseline 0 -23"><span class='ocrx_word' id='word_1_315' title='bbox 547 3860 662 3924; x_wconf 87' lang='lat' dir='ltr'>fiat</span> <span class='ocrx_word' id='word_1_316' title='bbox 705 3862 917 3927; x_wconf 87' lang='lat' dir='ltr'>officii.</span> <span class='ocrx_word' id='word_1_317' title='bbox 1005 3874 1078 3929; x_wconf 92' lang='lat' dir='ltr'>tu</span> <span class='ocrx_word' id='word_1_318' title='bbox 1119 3874 1368 3941; x_wconf 84' lang='lat' dir='ltr'>autem,</span> <span class='ocrx_word' id='word_1_319' title='bbox 1413 3863 1654 3939; x_wconf 83' lang='lat' dir='ltr'>Fanni,</span> <span class='ocrx_word' id='word_1_320' title='bbox 1704 3863 1883 3946; x_wconf 88' lang='lat' dir='ltr'>quod</span> <span class='ocrx_word' id='word_1_321' title='bbox 1914 3862 2073 3927; x_wconf 89' lang='lat' dir='ltr'>mihi</span> <span class='ocrx_word' id='word_1_322' title='bbox 2103 3871 2356 3927; x_wconf 83' lang='lat' dir='ltr'>tantum</span> <span class='ocrx_word' id='word_1_323' title='bbox 2398 3858 2593 3925; x_wconf 88' lang='lat' dir='ltr'>tribui</span> <span class='ocrx_word' id='word_1_324' title='bbox 2626 3874 2652 3914; x_wconf 80' lang='grc'><strong>9</strong></span> 
     </span>
     <span class='ocr_line' id='line_1_40' title="bbox 549 3952 2593 4046; baseline 0 -30"><span class='ocrx_word' id='word_1_325' title='bbox 549 3952 728 4030; x_wconf 88' lang='lat' dir='ltr'>dicis,</span> <span class='ocrx_word' id='word_1_326' title='bbox 755 3966 1066 4038; x_wconf 86' lang='lat' dir='ltr'>quantum</span> <span class='ocrx_word' id='word_1_327' title='bbox 1093 3980 1214 4043; x_wconf 85' lang='lat' dir='ltr'>ego</span> <span class='ocrx_word' id='word_1_328' title='bbox 1238 3980 1360 4025; x_wconf 89' lang='lat' dir='ltr'>nec</span> <span class='ocrx_word' id='word_1_329' title='bbox 1385 3958 1710 4046; x_wconf 86' lang='lat' dir='ltr'>adgnosco</span> <span class='ocrx_word' id='word_1_330' title='bbox 1735 3979 1857 4023; x_wconf 89' lang='lat' dir='ltr'>nec</span> <span class='ocrx_word' id='word_1_331' title='bbox 1884 3957 2158 4043; x_wconf 84' lang='lat' dir='ltr'>postulo,</span> <span class='ocrx_word' id='word_1_332' title='bbox 2184 3955 2343 4021; x_wconf 85' lang='lat' dir='ltr'>facis</span> <span class='ocrx_word' id='word_1_333' title='bbox 2368 3953 2593 4029; x_wconf 87' lang='lat' dir='ltr'>amice,</span> 
     </span>
     <span class='ocr_line' id='line_1_41' title="bbox 548 4046 2596 4131; baseline -0.001 -18"><span class='ocrx_word' id='word_1_334' title='bbox 548 4046 695 4123; x_wconf 86' lang='lat' dir='ltr'>sed,</span> <span class='ocrx_word' id='word_1_335' title='bbox 746 4058 820 4113; x_wconf 93' lang='lat' dir='ltr'>ut</span> <span class='ocrx_word' id='word_1_336' title='bbox 851 4049 1008 4115; x_wconf 90' lang='lat' dir='ltr'>mihi</span> <span class='ocrx_word' id='word_1_337' title='bbox 1051 4051 1316 4131; x_wconf 85' lang='lat' dir='ltr'>videris,</span> <span class='ocrx_word' id='word_1_338' title='bbox 1369 4074 1499 4119; x_wconf 91' lang='grc'><strong>11011</strong></span> <span class='ocrx_word' id='word_1_339' title='bbox 1540 4063 1713 4120; x_wconf 82' lang='grc'><strong>10010</strong></span> <span class='ocrx_word' id='word_1_340' title='bbox 1753 4050 1997 4119; x_wconf 87' lang='lat' dir='ltr'>iudicas</span> <span class='ocrx_word' id='word_1_341' title='bbox 2033 4049 2113 4117; x_wconf 89' lang='lat' dir='ltr'>de</span> <span class='ocrx_word' id='word_1_342' title='bbox 2150 4046 2427 4116; x_wconf 82' lang='lat' dir='ltr'>Catone:</span> <span class='ocrx_word' id='word_1_343' title='bbox 2484 4058 2596 4112; x_wconf 87' lang='lat' dir='ltr'>aut</span> 
     </span>
    </p>
   </div>
  </div>
 </body>
</html>
