3292 4559
617 549 686 603 38

627 624 678 664 64

622 1494 691 1549 39

632 1569 683 1610 65

632 2289 682 2329 66

633 3181 682 3222 67

722 237 847 304 198
1326 246 1405 302 Μ.
1442 245 1717 303 ‘runnu
1751 243 2156 322 cicsssoms

717 397 781 460 p.
818 369 997 458 193.]
1035 372 1072 406 ³*
1108 371 1143 406 *⁵
1181 369 1215 406 ³⁸*
1250 367 1535 454 maiolres
1579 380 1832 434 nostros
1877 379 1944 434 et
1984 367 2356 455 probavisse
2403 366 2684 434 maxime
2719 378 2782 434 et

718 466 1057 535 retinuisse
1090 463 1553 552 sapientissime
1586 465 1844 529 iudico?

852 558 1023 626 Cum
1066 583 1147 626 ea
1181 557 1401 645 Scipio
1446 559 1714 624 dixisset
1755 559 2140 642 silentioque
2195 558 2484 624 omnium
2535 558 2788 646 reliqua

722 657 859 722 eius
904 665 1381 740 exspectaretur
1424 654 1660 730 oratio,
1703 666 1844 718 tum
1890 652 2182 718 Tubero:
2239 652 2575 736 ‘quoniam
2626 652 2790 718 nihil

724 773 806 816 ex
840 762 924 828 te,
960 749 1291 826 Africano,
1324 747 1395 812 hi
1418 747 1694 814 maiores
1721 758 1880 814 natu
1905 748 2258 832 requirunt,
2293 770 2376 814 ex
2405 770 2514 814 me
2539 746 2788 823 audies,

724 845 879 930 quid
928 845 995 908 in
1049 843 1333 909 oratione
1377 853 1489 908 tua
1533 841 1932 908 desiderem?
2021 841 2256 918 ‘sane,’
2309 840 2522 925 inquit
2567 837 2790 925 Scipio

725 947 819 1006 ‘et
860 939 1133 1006 libenter
1174 937 1475 1022 quidem.’
1564 948 1704 1002 tum
1749 937 1884 1002 ille:
1935 935 2324 1002 ‘laudavisse
2357 935 2518 1002 mihi
2551 934 2790 1000 videris

724 1056 788 1119 p.
828 1029 1001 1118 194.]
1050 1043 1335 1097 nostram
1366 1053 1503 1096 rem
1538 1031 1897 1116 publicam,
1938 1053 2088 1096 cum
2123 1051 2206 1096 ex
2239 1041 2303 1094 te
2336 1051 2467 1096 non
2503 1029 2585 1094 de
2627 1028 2638 1114 Ι
2675 1050 2794 1092 no—

726 1137 884 1204 stra,
936 1127 1051 1192 sed
1106 1126 1187 1191 de
1236 1125 1411 1190 omni
1460 1147 1533 1190 re
1592 1125 1856 1211 publica
1911 1124 2265 1208 quaesisset
2316 1123 2616 1200 Laelius3
2671 1144 2790 1188 nec

726 1234 942 1285 tamen
978 1220 1169 1285 didici
1205 1243 1287 1284 ex
1320 1219 1611 1285 oratione
1644 1232 1776 1296 tua,
1809 1220 2000 1284 istam
2033 1218 2242 1304 ipsam
2275 1241 2413 1284 rem
2438 1217 2794 1303 publicam,

726 1337 921 1398 quam
954 1314 1200 1392 laudas,
1236 1332 1367 1397 qua
1401 1315 1758 1400 disciplina,
1793 1314 2030 1398 quibus
2063 1313 2350 1380 moribus
2385 1324 2498 1378 aut
2529 1312 2796 1399 le’gibus

726 1408 1108 1474 constituere
1142 1409 1246 1472 vel
1282 1429 1661 1474 conservare
1694 1407 2054 1493 possimus.’

855 1499 986 1566 Hic
1030 1501 1411 1567 Africanus:
1469 1509 1654 1588 ‘puto
1707 1502 1893 1566 nobis
1947 1523 2100 1568 mox
2145 1501 2225 1566 de
2267 1499 2678 1566 instituendis
2728 1512 2796 1566 et

728 1596 1179 1660 conservandis
1230 1595 1597 1660 civitatibus
1648 1597 1992 1680 aptiorem,
2045 1595 2336 1672 Tubero,
2387 1595 2528 1660 fore
2585 1594 2798 1660 disse-

726 1690 916 1754 rundi
947 1690 1194 1768 locum3
1240 1691 1323 1756 de
1358 1691 1598 1776 optimo
1634 1703 1849 1756 autem
1885 1701 2058 1756 statu
2093 1689 2392 1774 equidem
2427 1689 2800 1756 arbitrabar

725 1805 789 1869 p.
831 1781 1008 1870 143.]
1060 1806 1166 1849 me
1218 1784 1375 1849 satis
1425 1785 1850 1870 responldisse
1903 1785 1990 1851 ad
2037 1785 2137 1862 id,
2201 1783 2373 1868 quod
2425 1783 2798 1867 quaesierat

726 1878 1009 1969 Laelius.
1096 1880 1379 1964 primum
1424 1881 1593 1946 enim
1636 1903 1906 1947 numero
1949 1881 2318 1948 definieram
2352 1903 2596 1966 genera
2631 1880 2798 1946 civi-

725 1982 931 2036 tatum
974 1972 1095 2036 tria
1136 1974 1529 2058 probabilia,
1574 1975 1934 2061 perniciosa
1976 1987 2194 2041 autem
2235 1975 2441 2040 tribus
2475 1973 2602 2039 illis
2640 1974 2796 2040 toti-

726 2065 873 2130 dem
928 2068 1272 2147 oontraria,
1327 2070 1704 2154 nullumque
1749 2093 1832 2136 ex
1877 2071 1968 2136 eis
2013 2093 2218 2135 unum
2261 2092 2404 2135 esse
2447 2069 2793 2154 optimum,

727 2161 839 2224 sed
872 2161 941 2224 id
975 2174 1300 2247 praestare
1336 2164 1625 2250 singulis,
1662 2165 1837 2248 quod
1873 2189 1908 2230 e
1933 2165 2150 2230 tribus
2186 2165 2406 2251 primis
2441 2173 2614 2230 esset
2649 2181 2798 2229 mo-

726 2277 789 2339 p.
814 2253 991 2340 144.]
1030 2256 1170 2321 dice
1206 2267 1650 2343 temperatum.
1721 2261 1897 2343 quod
1919 2260 1926 2344 Ι
1947 2270 2166 2326 autem
2201 2259 2494 2345 exemplo
2529 2269 2794 2326 nostrae

728 2347 997 2412 civitatis
1032 2371 1189 2414 usus
1224 2373 1397 2427 sum,
1440 2373 1573 2416 non
1608 2354 1694 2418 ad
1729 2353 2162 2420 definiendum
2197 2353 2510 2439 optimum
2547 2364 2790 2421 statum

726 2441 927 2504 valuit
958 2475 1047 2487 —-
1076 2465 1227 2508 nam
1278 2443 1350 2508 id
1402 2445 1540 2510 fieri
1591 2448 1804 2531 potuit
1855 2449 1994 2514 sine
2045 2448 2340 2534 exemplo
2381 2483 2499 2523 -—-,
2553 2448 2672 2514 sed
2715 2457 2792 2510 ut

727 2532 981 2599 civitate
1022 2536 1305 2601 maxima
1348 2561 1575 2624 reapse
1611 2555 2006 2621 cerneretur,
2041 2542 2232 2627 quale
2267 2552 2434 2608 esset
2465 2541 2564 2619 id,
2611 2541 2790 2626 quod

724 2627 885 2692 ratio
922 2629 1251 2713 oratioque
1286 2631 1694 2702 describeret.
1775 2638 1876 2702 sin
1910 2648 2128 2703 autem
2162 2637 2299 2702 sine
2333 2636 2525 2702 ullius
2562 2635 2792 2723 populi

726 2724 1018 2810 exemplo
1070 2745 1275 2810 genus
1326 2727 1541 2812 ipsum
1595 2731 1880 2816 exquiris
1931 2731 2157 2818 optimi
2217 2741 2454 2808 status,
2513 2741 2790 2796 naturae

725 2817 1003 2904 imagine
1047 2821 1359 2886 utendum
1395 2835 1493 2890 est
1526 2827 1742 2906 nobis,
1786 2827 2093 2911 quoniam
2127 2839 2200 2893 tu
2230 2827 2402 2892 hanc
2433 2825 2792 2912 imaginem

725 2913 901 2978 urbis
938 2925 1001 2980 et
1032 2916 1257 3002 populi
1290 2918 1359 2984 ni
1395 2918 1431 2954 *⁸*
1467 2920 1503 2956 *⁸
1540 2922 1577 2958 *

1394 3011 1627 3100 [Multa
1661 3014 2130 3104 desiderantum]

624 3111 692 3162 40
725 3123 787 3184 p.
830 3099 961 3187 19.]
1019 3103 1055 3136 *¹*
1100 3105 1136 3138 *¹*
1182 3105 1217 3140 ³*
1272 3129 1447 3192 quem
1501 3106 1513 3195 Ι
1564 3109 1696 3174 iam
1749 3109 1995 3176 dudum
2046 3132 2285 3195 quaero
2337 3121 2404 3175 et
2455 3109 2540 3174 ad
2590 3129 2792 3194 quem

727 3195 914 3279 cupio
974 3199 1351 3280 pervenire?
1442 3203 1852 3288 ‘prudentem
1915 3203 2188 3270 fortasse
2249 3203 2574 3288 quaeris?
2647 3213 2790 3268 tum

595 3355 608 3366 ,
724 3287 859 3352 ille:
916 3288 1139 3354 ‘istum
1188 3291 1445 3378 ipsum.’
1535 3304 1664 3362 ‘est
1711 3297 1828 3362 tibi
1874 3319 1954 3363 cx
2001 3298 2095 3364 eis
2138 3297 2327 3386 ipsis,
2372 3296 2486 3381 qui
2525 3295 2787 3373 adsunt,

727 3382 894 3448 bella
940 3385 1151 3471 eopia,
1200 3391 1303 3454 vel
1339 3401 1411 3454 ut
1448 3413 1489 3455 a
1521 3401 1585 3456 te
1620 3391 1764 3478 ipso
1801 3392 2091 3458 ordiare.’
2177 3403 2318 3456 tum
2353 3390 2606 3476 Scipio:
2658 3397 2788 3455 ‘at-

726 3495 853 3558 que
903 3479 1147 3544 utinam
1201 3504 1283 3546 ex
1336 3485 1509 3548 omni
1556 3497 1784 3552 senatu
1828 3509 1946 3572 pro
1990 3495 2130 3552 rata
2173 3497 2356 3571 parte
2401 3483 2598 3550 essetl
2667 3484 2784 3549 sed

726 3581 941 3636 tamen
976 3586 1072 3638 est
1104 3575 1211 3642 ille
1244 3578 1547 3663 prudens,
1592 3580 1732 3663 qui,
1781 3591 1854 3646 ut
1889 3602 2081 3666 saepe
2115 3580 2184 3644 in
2215 3578 2448 3644 Africa
2483 3578 2782 3654 vidimus,

726 3664 965 3731 inmani
1018 3681 1083 3732 et
1133 3681 1353 3738 vastae
1403 3672 1688 3739 insidens
1741 3675 1968 3740 beluae
2027 3673 2305 3762 [coercet
2349 3683 2414 3738 et
2457 3672 2629 3758 regit
2669 3671 2788 3736 be-

727 3783 788 3846 p.
826 3759 959 3847 20.]
1015 3762 1251 3851 luam],
1288 3789 1694 3853 quocumque
1730 3770 1862 3834 volt
1895 3770 2024 3836 levi
2058 3769 2409 3846 admonitu,
2443 3787 2580 3832 non
2615 3766 2788 3850 acltu

724 3855 989 3922 inflectit
1020 3859 1195 3924 illam
1228 3861 1473 3927 feram.’
1564 3865 1744 3929 ‘novi
1789 3876 1882 3942 et,
1927 3864 2044 3930 tibi
2079 3887 2229 3930 cum
2263 3885 2471 3929 essem
2501 3863 2784 3948 legatus,

727 3973 917 4036 saepe
961 3953 1133 4018 vidi?
1224 3963 1406 4043 ‘ergo
1450 3957 1557 4023 ille
1593 3959 1796 4024 Indus
1842 3970 1954 4023 aut
1990 3959 2254 4028 Poenus
2296 3980 2493 4023 unam
2529 3962 2786 4023 coercet

725 4044 981 4110 beluam
1026 4059 1090 4112 et
1134 4071 1278 4114 eam
1320 4051 1589 4117 docilem
1634 4065 1699 4118 et
1740 4055 2036 4120 humanis
2085 4055 2368 4122 moribus
2411 4052 2782 4120 adsuetamz
