3292 4559
1025 240 1133 293 DE
1166 238 1271 293 RE
1304 235 1648 323 Pnnch
1681 238 1784 294 vl.
1822 234 1994 291 14-3.
2400 222 2528 287 237

468 342 777 431 invidiam
810 360 1119 429 'Gracchi
1172 361 1401 427 caritim
1464 361 1950 447 deprecabatur.
1990 336 1995 344 ¹
2037 356 2320 443 (Gellius
2371 372 2529 425 noct.

329 472 331 477 '
470 464 615 531 Att.¹
638 458 764 536 VI,
803 456 910 534 16,
948 458 999 541 ξ.
1040 455 1141 521 11.
1230 455 1481 522 Nonius
1516 476 1583 541 p.
1616 454 1797 541 290.)
1929 496 1934 501 ·

594 553 690 617 Μ.
729 552 973 616 Tullius
1017 553 1089 615 dc
1122 571 1190 615 re
1222 551 1404 637 publ.
1444 551 1547 615 lib.
1591 549 1695 614 VI
1692 572 1716 613 .-
1765 548 1878 633 qui
1921 570 2219 615 numeros
2261 548 2532 635 optima·-

472 651 629 713 tium
668 656 733 712 et
766 644 1139 731 principum
1172 643 1426 711 obtudit
1459 643 1559 708 his
1594 642 1884 721 vocibus,
1923 653 1988 707 et
2020 643 2352 729 gravitatis
2377 664 2532 707 suae
2564 690 2586 703 ..

470 740 654 825 liquit
686 740 877 805 illum
911 739 1157 804 tristem
1193 748 1257 803 et
1291 739 1555 825 plenum
1590 736 1919 824 dignitatis
1953 758 2202 803 sonum.
2254 734 2532 821 (Nonius

470 856 530 899 v.
568 838 738 900 triste
774 855 845 918 p.
876 831 1061 918 409.)

604 926 935 995 Genesim
958 949 1085 1011 pro
1118 928 1513 991 viminatium
1600 924 1694 989 M.
1741 924 1978 989 Tullius
2015 927 2086 988 cle
2119 945 2185 988 re
2209 923 2389 1009 publ.
2428 924 2531 986 lib.

485 1022 609 1087 VL·
650 1030 746 1097 ut,
791 1041 991 1104 quem
1022 1019 1109 1084 ad
1144 1020 1409 1085 modum
1444 1018 1667 1084 scribit
1697 1018 1828 1094 ille,
1864 1016 2184 1082 cotidiano
2217 1016 2288 1081 in
2321 1014 2534 1079 forum

434 1170 439 1175 .
472 1114 642 1180 mille
696 1113 1037 1179 hominum
1092 1134 1239 1178 cum
1293 1113 1505 1198 palliis
1549 1112 1884 1199 conchylio
1930 1110 2144 1177 tinctis
2189 1110 2536 1177 descende·-

470 1219 628 1273 rent.
693 1207 983 1292 (Nonius
1017 1228 1157 1293 cap.
1186 1206 1415 1284 VIIII,
1450 1230 1516 1293 p.
1542 1206 1694 1271 501.
1733 1206 1812 1292 cf.
1849 1206 2090 1271 Athen.
2117 1204 2285 1282 XII,
2321 1224 2378 1269 c.
2396 1203 2535 1287 31.)

595 1302 689 1367 Μ.
738 1302 983 1366 Tullius
1018 1305 1091 1366 dc
1124 1322 1191 1365 re
1220 1302 1391 1388 publ.
1431 1303 1535 1366 lib.
1586 1302 1710 1366 VI.-
1761 1300 1832 1365 in
1864 1300 1984 1377 his,
2027 1310 2104 1366 ut
2135 1298 2533 1375 meministis,

470 1416 789 1461 concursu
837 1395 1201 1461 levissimae
1244 1394 1670 1461 multitudinis
1717 1405 1784 1461 et
1815 1416 1964 1460 aere
1997 1403 2302 1480 congesto
2337 1392 2538 1457 funus

470 1490 549 1555 de
582 1490 803 1555 subito
844 1500 1013 1555 esset
1046 1498 1363 1555 ornatum.
1451 1486 1547 1573 (N
1546 1488 1732 1554 onius
1765 1510 1830 1553 v.
1867 1492 1940 1554 dc
1971 1490 2170 1553 subito
2204 1510 2270 1573 p.
2309 1484 2492 1571 517.)

598 1586 693 1649 M.
741 1586 987 1649 Tullius
1022 1586 1095 1649 de
1128 1606 1193 1647 re
1216 1584 1397 1669 publ.
1436 1584 1541 1648 lib.
1591 1584 1695 1648 VI
1692 1608 1714 1648 ε
1755 1582 2024 1648 firmiter
2057 1582 2224 1647 enim
2261 1580 2534 1645 maiores

471 1679 671 1743 nostri
726 1677 1014 1744 stabilita
1066 1676 1472 1742 matrimonia
1514 1700 1658 1743 ess-e
1699 1676 2058 1741 voluerunt.
2147 1673 2430 1759 (Nonius
2470 1695 2532 1736 v.

456 1774 725 1859 firmiter
756 1796 827 1859 Ρ.
864 1770 1013 1837 512.
1052 1782 1117 1837 et
1150 1771 1521 1837 Priscianus
1557 1770 1720 1849 XV,
1750 1770 1820 1849 3,
1859 1773 1908 1854 ξ.
1950 1769 2083 1855 13.)

598 1868 693 1933 Μ.
742 1868 985 1933 Tullius
1030 1870 1102 1931 de
1143 1889 1212 1931 re
1240 1868 1419 1954 publ.
1460 1867 1563 1931 lib.
1614 1867 1738 1931 VI.-
1805 1864 2012 1929 oratio
2055 1862 2296 1939 Laelii,
2341 1882 2536 1945 quam

474 1982 692 2028 omnes
739 1960 1057 2026 habemus
1104 1961 1173 2025 in
1216 1961 1542 2037 manibus,
1582 1978 1786 2043 'quam
1839 1958 2116 2044 simpula
2156 1955 2536 2043 pontificum

475 2056 571 2121 dis
614 2056 1063 2123 inmortalibus
1100 2066 1287 2141 grata
1320 2056 1447 2120 sint
1482 2053 1902 2138 Samiaeque,
1947 2052 2043 2118 uti
2087 2051 2336 2127 scribit,
2385 2072 2536 2135 cap-

329 2238 332 2249 Ι
473 2150 769 2235 pudines.
859 2150 1139 2233 (Nonius
1174 2172 1237 2213 v.
1275 2149 1555 2215 Samium
1587 2170 1654 2235 Ρ.
1691 2148 1869 2228 398.)

602 2248 960 2311 Imitatione
988 2245 1273 2310 Platonis
1316 2243 1519 2310 Cicero
1556 2246 1629 2308 dc
1661 2266 1728 2307 re
1750 2244 2009 2329 publica
2041 2242 2305 2306 scribens
2343 2241 2537 2303 locum

476 2342 659 2403 etiam
694 2344 769 2405 de
803 2340 959 2403 Eris
994 2338 1330 2425 Pamphyli
1360 2340 1563 2403 reditu
1594 2340 1664 2401 in
1699 2340 1916 2412 vitam,
1955 2336 2086 2422 qui,
2121 2346 2190 2399 ut
2223 2336 2341 2409 ait,
2378 2353 2538 2419 rogo

475 2430 791 2517 inpositus
826 2431 1163 2497 revixisset
1194 2428 1523 2517 multaque
1556 2430 1638 2497 de
1671 2430 1898 2495 inferis
1927 2438 2171 2496 secreta
2195 2437 2536 2504 narrasset,

478 2550 607 2591 non
626 2528 950 2614 fabulosa,
986 2538 1055 2591 ut
1086 2528 1219 2602 ille,
1257 2528 1698 2592 assimilatione
1732 2537 2094 2591 commentus
2129 2536 2242 2597 est,
2277 2524 2388 2587 secl
2417 2523 2540 2587 sol·-

482 2620 647 2685 lertis
698 2624 921 2685 somnii
972 2622 1331 2685 rationabili
1382 2624 1652 2707 quadam
1703 2622 2140 2705 imayinatione
2183 2619 2534 2701 composuit,

478 2714 752 2779 videlicet
785 2715 927 2776 scite
961 2715 1313 2799 siqnifieans
1346 2712 1538 2789 haec,
1582 2734 1752 2797 quae
1787 2712 1869 2778 de
1903 2714 2154 2777 animae
2187 2709 2539 2774 inmortali-

477 2815 611 2870 tate
658 2804 1019 2869 dicerentur
1074 2806 1409 2889 caeloque,
1456 2827 1581 2868 non
1630 2806 2084 2869 somniantium
2127 2800 2542 2887 philosopho·-

477 2921 627 2963 rum
672 2918 813 2963 esse
859 2908 1219 2965 commenta
1258 2920 1381 2963 nec
1425 2897 1680 2961 fabulas
1724 2896 2140 2971 incredibilis,
2187 2914 2348 2978 quas
2382 2892 2544 2978 Epi-

483 2992 661 3059 curei
725 2992 1046 3070 derident,
1110 2992 1224 3057 sed
1290 2992 1700 3077 prudentium
1757 2991 2172 3056 coniecturas.
2266 2990 2543 3053 insinuat

483 3087 833 3173 Scipionem
876 3089 1080 3163 illum,
1128 3090 1235 3173 qui
1276 3086 1667 3172 Karthayine
1707 3086 2033 3171 subiuyata
2075 3104 2399 3170 coquomen
2429 3082 2544 3169 fa-

418 3176 423 3182 ’
482 3183 693 3247 miliae
712 3184 955 3292 peperit
976 3184 1031 3247 A
1022 3182 1362 3267 fricanum
1400 3175 1537 3245 haic
1564 3178 1858 3265 Scipioni,
1894 3180 2084 3243 Pauli
2099 3178 2262 3265 filio,
2285 3177 2542 3263 sutum-as

484 3297 525 3337 a
558 3278 935 3361 propinquis
976 3277 1237 3340 insidias
1280 3286 1339 3340 et
1368 3274 1597 3361 fatalis
1636 3284 1830 3338 metae
1881 3274 2236 3337 denwntiarc
2278 3272 2542 3335 cumr-ica-

488 3368 634 3443 lum,
672 3372 839 3454 quod
868 3372 1213 3435 necessitate
1246 3392 1635 3435 numerorum
1667 3371 1736 3432 in
1767 3370 1927 3432 vitae
1941 3366 2247 3478 perfectae
2272 3376 2543 3449 tempora

486 3473 816 3537 coartetur,
869 3466 1171 3550 ponitque
1228 3464 1405 3529 illum
1456 3464 1676 3529 aetatis
1725 3484 1871 3527 suae
1924 3459 2418 3547 quinquaqesimo
2472 3479 2544 3519 ac

486 3567 654 3621 seato
706 3580 899 3634 anno,
966 3559 1201 3624 duobus
1252 3561 1320 3624 in
1370 3580 1435 3623 se
1484 3558 1834 3623 coeuntibus
1883 3557 2148 3622 numeris
2203 3552 2542 3617 absolutam

490 3652 653 3716 caelo
688 3654 978 3729 animam,
980 3644 1176 3721 unde
1210 3665 1535 3739 acceperat,
1571 3654 1969 3726 redditurum,
2007 3650 2176 3736 quod
2205 3659 2262 3712 et
2290 3648 2540 3710 immor-

492 3745 635 3809 talis
678 3758 827 3811 esset
869 3750 1065 3811 animi
1096 3750 1429 3833 mentisque
1460 3746 1806 3811 substantia
1839 3756 1896 3810 ct
1932 3746 2076 3809 bene
2106 3743 2336 3807 meritis
2369 3740 2446 3805 de
2475 3760 2542 3805 re

480 3839 659 3921 publ.
685 3844 1051 3929 patriaeque
1094 3843 1439 3907 custodibus
1486 3842 1662 3906 lactei
1695 3842 1906 3905 circuli
1942 3840 2142 3905 lucida
2176 3858 2247 3899 ac
2281 3836 2542 3899 candens

493 3932 789 3999 habitatio
824 3937 1152 4003 debentur.
1215 3934 1573 4019 (Favonius
1607 3934 1925 4019 Eulogius
1967 3932 2192 3998 Comm.
2231 3932 2316 3993 ad
2346 3950 2538 3993 soma.

494 4026 659 4115 Scip'.
696 4052 845 4117 pag.
880 4032 1031 4097 438.
1071 4030 1343 4116 Graev.)
1477 4069 1482 4073 ·

2587 2216 2622 2343 ...ω
