3292 4559
648 385 719 440 45

752 250 837 313 48
1295 324 1304 333 N
1362 252 1441 310 Μ.
1478 252 1752 312 mm
1775 248 2186 310 emmonis

747 381 927 468 ‘quod
990 362 1350 467 cognitione
1400 388 1475 443 -et
1525 375 1800 442 ‘scientia
1857 377 2233 442 continetur.
2317 376 2481 442 illud
2533 378 2804 446 forsitan

676 457 1187 562 ⁵⁹quaerendum
1233 474 1348 550 sit,
1392 490 1555 537 ιιιιιιιι
1593 471 1762 537 haec
1804 471 2257 548 commmxitas,
2311 492 2478 555 quae
2519 473 2809 538 maxime

752 584 847 638 est
888 580 1048 658 apta
1108 577 1404 646 naturae,
1468 568 1550 632 sit
1610 568 1802 632 etiam
1853 567 2270 632 moderationi
2318 568 2809 653 modestiaeque

751 688 1001 751 semper
1052 662 1514 749 anteponenda.
1601 683 1733 726 non
1783 661 2019 747 placen
2074 671 2224 726 sunt
2265 661 2435 725 enim
2478 662 2806 745 quaedam

749 760 981 846 partim
1022 759 1114 824 ita
1156 758 1376 836 foeda,
1420 757 1654 842 partim
1694 757 1785 820 ita
1813 756 2162 840 flagitiosa,
2207 765 2281 818 ιιι
2314 775 2394 819 ea
2420 777 2508 820 ne
2544 772 2808 820 conser-

748 854 997 918 vandae
1050 853 1309 936 quidem
1360 851 1603 936 patriae
1657 871 1853 914 causa
1881 849 2150 933 sapiens
2195 848 2481 913 facturus
2529 848 2633 913 sit.
2712 863 2806 914 fea

748 947 1135 1013 Posidonius
1179 945 1467 1030 'conlegit
1518 944 1861 1030 permulta,
1915 943 2027 1007 sed
2078 943 2168 1006 ita
2210 953 2412 1007 taetra
2454 943 2802 1026 quaedam,

748 1043 841 1106 ita
902 1043 1205 1117 obscena,
1269 1050 1343 1102 ut
1396 1039 1571 1102 dictu
1624 1054 1880 1121 quoque
1933 1037 2269 1101 videantur
2318 1038 2546 1121 turpia.
2636 1037 2802 1102 haec

749 1136 945 1220 igitur
988 1156 1115 1198 non
1163 1134 1463 1218 suscipiet
1505 1133 1598 1197 rei
1642 1132 1938 1217 publicae
1983 1152 2206 1208 causa3
2260 1153 2342 1196 ne
2382 1154 2489 1196 res
2535 1132 2801 1217 publica

750 1228 1009 1310 quidem
1042 1248 1158 1310 pro
1193 1250 1262 1291 se
1298 1227 1535 1311 suscipi
1570 1227 1759 1290 volet.
1849 1226 1962 1289 sed
1995 1225 2118 1289 ho‘e
2154 1225 2548 1289 commodius
2587 1248 2655 1290 se
2691 1246 2799 1290 res

748 1321 969 1396 habet,
1016 1319 1186 1402 quod
1231 1341 1360 1384 non
1404 1329 1615 1404 potest
1655 1319 1942 1384 accidere
1975 1330 2269 1404 tempus,
2313 1330 2388 1383 ut
2419 1319 2662 1384 intersit
2697 1321 2799 1384 rei

647 1432 724 1472 160
750 1414 1043 1499 publicae
1107 1413 1452 1496 quicquam
1511 1414 1766 1478 illorum
1816 1412 2029 1478 facere
2080 1404 2452 1501 sapientem.
2541 1435 2670 1496 qua
2723 1436 2796 1478 re

748 1509 870 1572 hoc
907 1507 1172 1590 quidem
1226 1507 1525 1572 effectum
1561 1518 1684 1584 est,
1732 1509 1812 1570 in·
1834 1507 2059 1572 officiis
2095 1502 2448 1592 deligendis
2479 1507 2552 1570 id
2585 1527 2794 1592 genus

528 1582 534 1590 ’
617 1635 621 1638 >
701 1678 705 1680 Y
749 1601 1103 1666 officiorum
1148 1602 1485 1678 excellere,
1542 1601 1713 1685 quod
1760 1613 2049 1666 teneatur
2093 1601 2424 1666 hominum
2469 1601 2793 1666 societate.

747 1698 985 1762 etenim
1029 1697 1455 1782 cognitionem
1491 1697 2024 1782 prudentiamque
2062 1708 2362 1780 sequetur
2397 1697 2796 1762 considerata

749 1791 941 1856 actio:
996 1790 1086 1855 ita
1126 1790 1199 1854 fit
1239 1802 1313 1855 ιιι
1358 1812 1549 1876 agere
1596 1791 1990 1855 considerate
2034 1791 2234 1881 pluris
2271 1791 2351 1855 sit
2384 1812 2582 1874 quam
2619 1791 2795 1876 cogi-

746 1897 883 1949 tare
926 1885 1289 1970 prudenter.
1378 1898 1570 1969 atque
1604 1885 1763 1949 haec
1788 1885 2056 1967 quidem
2087 1884 2416 1950 hactenus.
2499 1885 2791 1971 patefac

746 1990 848 2042 tu‘s
884 1979 1053 2043 enim
1087 1979 1264 2044 locus
1300 1991 1397 2044 est
1431 1980 1589 2064 ipse,
1625 1989 1699 2043 ιιι
1731 1999 1861 2042 non
1897 1975 2154 2044 difficile
2192 1979 2273 2042 sit
2300 1980 2372 2042 in
2395 1981 2792 2089 exquirendo

747 2072 956 2138 officio
1005 2074 1164 2156 quid
1216 2074 1446 2156 cuique
1500 2074 1581 2137 sit
1619 2073 2144 2158 praeponendum
2204 2073 2442 2138 videre.
2530 2074 2598 2137 in
2651 2074 2792 2158 ipsa

647 2192 652 2195 ·
747 2178 961 2232 autem
1012 2169 1463 2231 communitate
1516 2179 1663 2231 sunt
1705 2167 1944 2253 gradus
1990 2167 2373 2244 officiorum,
2426 2184 2511 2232 ex
2547 2166 2788 2251 quibus

642 2466 711 2506 161

745 2261 901 2342 qnid
923 2260 1165 2343 cuique
1199 2272 1476 2344 praestet
1493 2261 1792 2368 intellegi
1826 2262 2046 2346 possit,
2083 2273 2154 2325 ut
2186 2255 2393 2348 prima
2427 2262 2571 2325 dis
2551 2282 2790 2327 mmor-

744 2350 997 2433 taiizbus,
1032 2354 1315 2417 secunda
1346 2354 1611 2438 patriae,
1648 2356 1834 2419 tertia
1866 2356 2269 2440 parentibus,
2307 2356 2607 2440 deinceps
2642 2376 2788 2442 gra-

744 2446 940 2508 datim
974 2442 1230 2527 reliquis
1267 2447 1637 2511 debeantur.
1704 2448 1960 2531 quibus
2007 2471 2088 2513 ex
2119 2451 2312 2514 rebus
2346 2449 2627 2515 breviter
2659 2451 2787 2514 dis-

740 2539 978 2623 putatis
1036 2539 1320 2624 intellegi
1371 2551 1581 2625 potest
1640 2563 1772 2606 non
1834 2543 2041 2607 solum
2101 2543 2168 2608 id
2229 2543 2518 2608 homines
2579 2545 2785 2609 solere

742 2631 1059 2708 dubitati-e,
1112 2632 1531 2698 honestumne
1584 2658 1669 2698 an
1721 2646 1908 2721 turpe
1953 2634 2061 2714 sit,
2107 2637 2220 2702 sed
2265 2638 2485 2713 etiam,
2530 2639 2785 2702 duobus

739 2728 1075 2812 propositis
1102 2727 1391 2794 ‘honestis
1425 2740 1640 2794 utrum
1670 2728 2000 2796 honestius
2036 2732 2136 2796 sit.
2224 2733 2329 2798 lxic
2361 2733 2541 2798 locus
2579 2756 2621 2797 a
2641 2733 2785 2796 Pa-

739 2823 949 2888 naetio
1003 2834 1125 2899 est,
1178 2835 1252 2888 ιιι
1304 2846 1498 2911 supra
1550 2826 1711 2902 dixi,
1764 2824 2266 2912 praetermissus.
2356 2828 2472 2892 sed
2522 2828 2654 2893 iam
2699 2827 2783 2892 ad

738 2917 983 3000 reliqua
1028 2938 1391 3004 pergamus.
