3292 4559
607 289 612 299 “
720 285 844 350 128
1330 291 1410 348 Μ.
1447 290 1723 350 TULLII
1756 289 2155 349 CICERONIS

707 417 1260 505 interpretantium
1295 425 1409 484 aut
1453 437 1775 505 augurum
1818 422 1930 482 aut
1974 415 2439 503 astrologorum
2474 427 2587 482 aut
2631 440 2769 486 301·-

707 514 868 590 tium
899 548 990 562 -
1023 535 1100 580 ea
1145 511 1318 578 enim
1358 511 1514 579 feret
1533 512 1692 578 artis
1738 523 1885 578 sunt
1916 548 2006 596 χ·-
2046 524 2160 578 0111
2210 511 2605 578 somniorum
2657 525 2770 579 aut

707 607 1231 673 vaticinationum
1263 641 1356 655 -—-
1380 607 1549 674 haec
1590 607 1760 674 enim
1805 606 1933 672 duo
1978 606 2295 672 naturalia
2337 618 2649 695 putantur
2680 643 2771 656 —

706 701 1138 788 praedictione
1190 702 1562 768 moveatur?
1632 724 1907 786 quarum
1946 701 2219 794 ‚quidem
2269 724 2485 767 rerum
2538 711 2769 767 eventa

707 795 914 883 magis
967 795 1238 861 arbitror
1281 818 1478 880 quam
1521 816 1749 862 causas
1798 796 2019 880 quaeri
2071 805 2361 880 oportere
2371 819 2391 873 ;
2444 806 2543 860 est
2594 795 2767 861 enim

707 890 806 954 vis
843 900 908 956 et
939 900 1169 956 natura
1202 890 1547 975 quaedam,
1599 911 1769 974 quae
1816 899 1954 956 tum
1990 889 2340 955 observatis
2374 890 2570 976 longo
2605 900 2767 956 tem-

707 1005 863 1070 pore
925 983 1524 1070 significationibus,
1586 995 1729 1051 tum
1780 985 1992 1068 aliquo
2045 983 2349 1049 instinctu
2410 985 2765 1070 inflatuque

643 1093 675 1148 '²
713 1078 930 1144 divino
965 1079 1184 1146 futura
1225 1078 1653 1166 praenuntiat.
1741 1100 1871 1163 qua
1902 1101 1973 1146 re
2008 1077 2259 1144 omittat
2290 1100 2565 1164 urguere
2602 1075 2767 1144 Car-

710 1173 977 1250 neades,
1024 1173 1199 1256 quod
1233 1172 1512 1241 faciebat
1547 1173 1740 1240 etiam
1774 1172 2123 1240 Panaetius
2158 1173 2505 1257 requirens,
2541 1171 2765 1282 Iuppi-

711 1278 888 1332 terne
923 1266 1244 1335 cornicem
1277 1290 1317 1332 a
1349 1267 1554 1345 laeva,
1591 1289 1857 1334 corvum
1884 1266 1968 1332 ab
1996 1267 2257 1334 dextera
2284 1287 2509 1332 canere
2544 1267 2763 1330 iussis-

708 1373 834 1424 set·
871 1359 1208 1426 observata
1233 1370 1381 1426 sunt
1415 1359 1574 1426 11000
1609 1372 1895 1447 tempore
1918 1360 2217 1426 inmenso
2238 1361 2423 1442 et†in
2444 1359 2763 1446 significa-

708 1454 880 1519 tione
960 1465 1226 1520 eventus
1304 1454 1747 1521 animadversa
1791 1466 1857 1522 et
1897 1465 2145 1532 notata3
2200 1455 2356 1520 nihil
2400 1467 2497 1520 est
2548 1466 2761 1520 autem

708 1547 882 1632 quod
944 1569 1074 1612 non
1133 1547 1566 1634 longinquitas
1629 1561 1989 1634 temporum
2043 1549 2397 1636 excipiente
2459 1547 2763 1614 memoria

705 1640 1176 1727 prodendisque
1219 1643 1646 1711 monumentis
1692 1643 1945 1710 efficere
1992 1655 2184 1728 atque
2228 1643 2495 1728 adsequi
2538 1641 2757 1729 possit.

633 1755 684 1797 13
708 1733 928 1802 mirari
975 1734 1125 1801 licet
1169 1757 1334 1821 quae
1379 1737 1524 1810 31111,
1551 1737 1995 1807 animadversa
2030 1761 2069 1801 a
2111 1737 2375 1802 medicis
2420 1735 2761 1802 herbarum

707 1851 966 1916 genera,
1003 1851 1170 1915 quae
1203 1831 1491 1896 radicum
1517 1831 1602 1896 ad
1635 1853 1883 1897 morsus
1918 1829 2285 1909 bestiarum,
2324 1830 2406 1896 ad
2431 1831 2758 1896 oculorum

705 1923 993 2000 morbos,
1047 1924 1132 1988 ad
1173 1926 1462 2002 volnera,
1514 1945 1789 2009 quorum
1833 1925 1965 1992 vim
2010 1937 2203 2009 atque
2254 1936 2549 1990 naturam
2600 1923 2758 1990 ratio

705 2037 1057 2102 numquam
1091 2018 1460 2106 explicavit,
1505 2019 1778 2086 utilitate
1814 2031 1880 2086 et
1910 2043 2013 2086 ars
2050 2031 2148 2085 031
2182 2030 2249 2085 01
2289 2016 2581 2086 inve'ntor
2614 2040 2761 2104 pro-

705 2109 916 2177 batus.
1003 2134 1126 2198 age
1171 2135 1277 2189 ea,
1331 2135 1526 2197 quae,
1583 2135 1972 2199 quamquam
2019 2136 2101 2179 ex
2143 2112 2269 2178 alio
2312 2134 2546 2199 genere
2590 2123 2759 2190 sunt,

706 2213 922 2272 tamen
956 2205 1331 2274 divinationi
1365 2218 1516 2272 sunt
1549 2207 1871 2285 similiora,
1910 2206 2261 2273 videamus.

877 2344 1069 2417 atque
1105 2335 1297 2399 etiam
1331 2346 1556 2400 ventos
1593 2346 2057 2421 praemonstrat
2092 2359 2284 2423 saepe
2318 2335 2567 2402 futuros

873 2427 1164 2490 inflatum
1199 2449 1394 2502 mare,
1431 2449 1579 2493 cum
1615 2429 1823 2494 subito
1859 2430 2242 2515 penitusque
2278 2430 2591 2508 tumescit,

879 2541 1161 2604 saxaque
1198 2543 1359 2586 cana
1393 2523 1541 2588 salis
1579 2523 1771 2590 niveo
1808 2537 2103 2611 spumata
2137 2525 2382 2611 liquore

875 2614 1188 2680 tristificas
1225 2627 1470 2682 certant
1503 2617 1805 2704 Neptuno
1840 2620 2105 2687 reddere
2140 2643 2361 2698 voces,

877 2718 989 2773 aut
1024 2709 1258 2775 densus
1295 2710 1527 2777 stridor
1562 2733 1712 2777 cum
1746 2712 1915 2779 celso
1951 2735 1987 2779 e
2023 2716 2259 2782 vertice
2293 2714 2525 2781 montis

875 2813 1052 2868 ortus
1089 2803 1462 2890 adaugescit
1497 2807 1905 2892 scopulorum
1942 2831 2133 2895 saepe
2167 2811 2478 2895 repulsus.

632 2945 671 2998 8
707 2941 900 3015 atque
936 2931 1036 2996 his
1071 2955 1286 2998 rerum
1331 2935 1887 3020 praesensionibus
1921 2935 2345 3024 Prognostica
2378 2949 2495 3004 tua
2524 2933 2761 3005 referta

703 3034 872 3088 sunt.
961 3025 1102 3108 quis
1148 3025 1345 3111 igitur
1391 3027 1616 3095 elicere
1665 3048 1905 3098 causas
1933 3032 2459 3117 praesensionum
2510 3034 2759 3118 potest⁹

705 3117 825 3182 0131
859 3117 1048 3184 video
1083 3119 1407 3187 Βο011111111
1445 3119 1737 3189 Stoicum
1773 3147 1912 3190 esse
1950 3135 2269 3203 conatum,
2305 3127 2417 3210 qui
2450 3125 2757 3192 hactenus

703 3210 947 3297 aliquid
989 3212 1150 3297 egit,
1197 3225 1268 3278 ut
1315 3238 1534 3282 earum
1579 3217 1891 3294 rationem
1924 3240 2138 3284 rerum
2173 3220 2543 3328 explicaret,
2590 3240 2757 3304 quae

626 3325 678 3367 14
701 3307 770 3372 111
803 3307 966 3373 111011
1001 3307 1258 3373 caelove
1291 3309 1534 3375 fierent.
1621 3311 1732 3376 illa
1768 3333 1917 3414 vero
1954 3333 2068 3377 cur
2102 3313 2397 3378 eveniant
2433 3313 2574 3397 quis
2610 3334 2759 3400 pro-

701 3399 999 3467 babiliter
1034 3400 1298 3468 dixerit?

873 3543 1038 3588 cana
1069 3521 1230 3588 fulix
1264 3519 1486 3586 itidem
1520 3521 1777 3608 fugiens
1813 3546 1849 3592 e
1882 3525 2141 3612 gurgite
2174 3526 2353 3610 ponti

871 3614 1124 3682 nuntiat
1156 3614 1472 3680 horribilis
1508 3615 1791 3682 clamans
1824 3616 2061 3685 instare
2094 3621 2425 3705 procellas,

869 3708 1045 3774 haud
1078 3707 1361 3774 modicos
1397 3710 1670 3775 tremulo
1704 3709 1978 3777 fundens
2016 3735 2051 3778 e
2084 3724 2347 3800 gutture
2384 3725 2631 3790 cantus.

871 3823 1064 3885 saepe
1101 3801 1292 3866 etiam
1325 3803 1618 3888 pertriste
1654 3804 1827 3868 canit
1862 3805 1943 3871 de
1976 3817 2234 3891 pectore
2270 3829 2525 3873 carmen

871 3905 937 3959 et
969 3894 1298 3960 matutinis
1333 3897 1632 3962 acredula
1664 3897 1929 3966 vocibus
1964 3899 2207 3978 instat,-

871 3987 1136 4054 vocibus
1170 3989 1365 4055 instat
1399 4001 1463 4056 et
1498 3991 1799 4057 adsiduas
1833 3992 1983 4059 iacit
2014 4015 2125 4060 ore
2160 3985 2527 4078 querellas,¹

871 4103 1016 4148 cum
1049 4083 1330 4170 primum
1362 4085 1608 4173 gelidos
1643 4108 1817 4152 rores
1854 4107 2085 4153 aurora
2117 4089 2406 4165 remittit3
