3292 4559
737 173 824 239 64
1352 183 1429 239 Μ.
1469 181 1742 239 TULLII
1779 178 2181 237 CICERONIS

737 309 1099 394 accepimus
1135 345 1249 384 —-,
1304 305 1538 390 quibus
1591 303 1994 390 praecipiunt
2042 314 2118 368 ut
2168 305 2454 370 oratione
2516 305 2830 393 benigna

733 402 1156 468 multitudinis
1205 401 1450 466 animos
1496 400 1580 463 ad
1623 398 2135 464 benevolentiam
2182 399 2483 464 adliciant
2534 402 2825 468 milites-

736 516 862 582 que
896 495 1130 561 blande
1168 494 1547 580 appellando
1584 492 1924 558 deleniant.
2014 512 2180 576 quae
2228 504 2445 559 autem
2478 495 2547 558 in
2582 498 2824 562 multi-

734 592 957 657 tudine
985 613 1132 655 cum
1163 589 1562 654 contentione
1581 586 1854 653 habetur
1870 587 2094 664 oratio,
2124 609 2202 652 ea
2218 610 2409 674 saepe
2430 589 2820 657 universam

737 685 998 761 excitat3
1050 705 1291 769 magna
1335 693 1432 747 est
1478 681 1648 746 enim
1684 681 2020 745 admiratio
2057 682 2310 766 copiose
2346 683 2819 769 sapienterque

737 779 1003 844 dicentis
1016 826 1034 855 ,
1087 800 1280 862 quem
1325 776 1438 861 qui
1491 775 1762 840 audiunt
1802 776 2173 861 intellegere
2220 777 2412 842 etiam
2460 788 2525 842 et
2567 801 2819 864 sapere

737 868 881 958 [ilus.
921 894 957 954 1]
965 895 1111 935 uam
1147 880 1390 936 ceteros
1426 869 1832 935 arbitrantur.
1921 870 1975 934 si
2021 891 2174 934 vero
2207 869 2375 936 inest
2409 871 2477 935 in
2511 873 2816 940 oratione
2949 864 2950 889 ¹

741 970 937 1030 mixta
991 965 1300 1030 modestia
1343 963 1657 1049 gravitaS,
1699 963 1857 1028 nihil
1902 962 2337 1029 admirabilius
2378 964 2523 1030 fieri
2556 978 2815 1051 potest,

652 1086 700 1126 {⁴³
741 1085 945 1142 enque
993 1059 1227 1144 magis,
1275 1058 1330 1122 si
1374 1080 1454 1123 ea
1499 1068 1650 1123 sunt
1694 1057 1763 1122 in
1809 1057 2235 1123 adulescente.
2325 1059 2441 1125 sed
2486 1081 2641 1124 cum
2678 1063 2810 1125 sint
2883 1117 2898 1129 .

737 1158 922 1238 plura
977 1174 1314 1216 pausarum
1376 1173 1644 1237 genera,
1711 1173 1878 1235 quae
1930 1151 2361 1235 eloquentiam
2414 1153 2807 1232 desiderent,

737 1250 1049 1330 multique
1093 1246 1161 1310 in
1195 1256 1414 1310 nostra
1447 1267 1518 1310 re
1554 1245 1813 1330 publica
1848 1246 2285 1311 adulescentes
2322 1256 2386 1311 et
2422 1247 2597 1332 apud
2628 1247 2808 1312 iudi-

741 1362 845 1402 ces
893 1354 953 1402 et
1001 1339 1171 1422 apud
1213 1340 1528 1424 populum
1572 1351 1635 1405 et
1682 1339 1857 1424 apud
1900 1350 2195 1405 senatum
2230 1339 2501 1405 dicendo
2536 1341 2807 1408 laudem

741 1434 1025 1494 adsecuti
1073 1433 1224 1510 sint,
1271 1434 1552 1498 maxima
1584 1444 1683 1499 est
1719 1433 2053 1498 admiratio
2087 1434 2157 1498 in
2189 1433 2474 1511 iudiciis,
2521 1456 2806 1518 quorum

737 1530 897 1590 ratio
953 1527 1187 1614 duplex
1232 1538 1356 1603 est;
1410 1550 1561 1591 nam
1606 1551 1689 1592 ex
1736 1526 2139 1593 accusatione
2188 1538 2252 1592 et
2295 1549 2379 1592 ex
2425 1527 2806 1596 defensione

737 1634 982 1686 cunstat
997 1670 1013 1694 ,
1081 1642 1350 1704 quarum
1414 1622 1535 1686 etsi
1596 1620 1979 1686 laudabilior
2038 1632 2139 1687 est
2194 1621 2508 1700 defensi0‚
2581 1635 2806 1690 tamen

741 1718 929 1778 siriani
985 1716 1301 1782 accusatio
1353 1716 1624 1802 probata
1669 1738 1975 1801 persaepe
2020 1727 2137 1781 est.
2226 1716 2359 1781 dixi
2408 1717 2603 1802 paulo
2649 1730 2805 1786 ante

737 1810 814 1874 de
869 1810 1128 1887 [Et-asem
1181 1810 1355 1876 idem
1398 1810 1550 1881 fecit
1595 1810 1971 1876 adulescens
2016 1810 2115 1874 M.
2164 1811 2511 1876 Antonius.
2600 1813 2803 1879 etiam
2949 1871 2950 1885 ,

737 1906 813 1966 Ρ.
857 1902 1125 1990 Sulpicii
1167 1904 1594 1988 eloquentiam
1639 1904 1961 1971 accusatio
2005 1903 2397 1983 inlustravit,
2444 1928 2592 1971 cum
2629 1907 2807 1972 sedi·
2949 1927 2950 1933 ¹

737 2001 969 2062 tiusum
1025 2010 1088 2066 et
1137 1999 1430 2065 inutilem
1481 2000 1718 2076 civem,
1772 1997 1851 2065 O.
1906 1999 2314 2077 Norbanum,
2365 2001 2438 2064 in
2487 2001 2802 2067 iudicium

652 2130 700 2166 ᾗῇ
739 2096 1009 2158 vocavit.
1097 2094 1213 2158 sed
1256 2093 1380 2158 hoc
1425 2094 1687 2177 quidem
1731 2115 1863 2158 non
1906 2103 2005 2159 est
2048 2114 2239 2179 saepe
2275 2093 2643 2160 faciendum
2678 2119 2804 2162 nec

737 2210 1045 2270 umquam
1096 2187 1221 2251 nisi
1271 2199 1384 2252 aut
1433 2188 1527 2252 rei
1578 2188 1885 2273 publicae
1928 2209 2148 2264 causa,
2200 2199 2275 2254 ut
2315 2187 2389 2265 ii,
2440 2210 2603 2273 quos
2639 2201 2800 2256 ante

737 2282 897 2358 dixi,
953 2294 1061 2346 aut
1103 2274 1482 2356 ulciscendi,
1527 2292 1600 2345 ut
1645 2281 1775 2346 duo
1819 2281 2112 2359 Luculli,
2155 2292 2271 2346 aut
2315 2284 2680 2367 patrocinii,
2723 2295 2798 2349 ut

737 2398 849 2438 nus
901 2398 1013 2458 pru
1057 2373 1317 2452 Siculis,
1360 2396 1477 2460 pro
1515 2373 1739 2440 Sardis
1772 2374 1841 2439 in
1874 2375 2156 2441 Albucio
2191 2376 2416 2442 Iulius.
2502 2377 2573 2442 in
2608 2400 2799 2444 aecu-

737 2470 933 2530 sanda
985 2470 1176 2532 utiam
1228 2469 1347 2532 Μ’.
1380 2467 1654 2552 Aquilio
1687 2468 1771 2533 L.
1806 2467 1981 2533 Fufii
2028 2471 2286 2556 cognita
2326 2471 2641 2536 industria
2675 2483 2795 2536 est.

737 2566 929 2626 semel
983 2566 1177 2650 igit-ur
1211 2575 1324 2629 aut
1356 2584 1486 2628 non
1510 2560 1715 2648 *saepe
1751 2572 1951 2629 certe:
1999 2565 2097 2628 sin
2132 2565 2251 2629 erit
2287 2566 2391 2630 cui
2424 2565 2799 2632 faciendum

741 2658 817 2722 sit
865 2662 1114 2742 saepius
1132 2707 1150 2736 ,
1195 2657 1290 2723 rei
1335 2657 1632 2744 publicae
1668 2659 1907 2723 tribuat
1939 2659 2064 2724 hoe
2096 2659 2410 2737 muneris,
2456 2661 2638 2726 cuius
2673 2661 2800 2725 ini-

737 2754 933 2818 mic-us
989 2752 1210 2818 ulcisci
1256 2751 1510 2838 saepius
1555 2774 1685 2816 non
1742 2764 1839 2818 est
1884 2751 2510 2838 reprehendendum,
2560 2755 2797 2820 modus

741 2862 949 2910 tamen
997 2846 1191 2924 adsim
1248 2846 1393 2911 duri
1436 2847 1608 2912 enim
1652 2845 1924 2911 hominis
1968 2847 2073 2912 vel
2118 2847 2331 2934 potius
2376 2848 2488 2912 vix
2522 2849 2799 2914 hominis
2949 2925 2950 2941 χ

737 2942 985 3002 vidntur
1021 2939 1376 3026 periculum
1414 2940 1638 3026 capitis
1674 2941 1909 3006 inferre
1943 2940 2181 3006 multis.
2260 2941 2326 3009 id
2363 2964 2511 3006 cum
2544 2943 2799 3026 pericu-
2949 2968 2950 2987 ³

737 3034 941 3094 lusum
981 3033 1102 3118 ipsi
1136 3045 1265 3111 est,
1301 3045 1441 3098 tum
1477 3033 1671 3100 etiam
1706 3034 2037 3100 sordidum
2072 3035 2155 3099 ad
2190 3034 2459 3112 famam,
2506 3038 2797 3100 commit-
2949 3091 2950 3113 2

737 3142 865 3190 tere
921 3138 993 3190 ut.
1049 3139 1380 3194 accusator
1431 3129 1789 3206 nominere3
1862 3130 2035 3213 quod
2099 3129 2364 3214 contigit
2412 3129 2524 3204 M.>
2564 3131 2794 3206 Bruto,

737 3246 985 3286 summu
1021 3245 1255 3310 genere
1287 3234 1460 3302 nato,
1495 3223 1667 3298 illius
1701 3223 1853 3300 filio,
1889 3225 2001 3307 qui
2041 3223 2197 3288 iuris
2232 3221 2435 3288 civilis
2469 3223 2539 3287 in
2572 3223 2794 3308 primis

648 3342 696 3378 51
737 3318 973 3402 peritus
1029 3317 1168 3382 fuit.
1247 3328 1460 3402 atque
1514 3318 1707 3384 etiam
1759 3316 1883 3382 hoc
1932 3326 2347 3403 praeceptum
2402 3317 2599 3381 officii
2649 3318 2795 3381 dili-
2871 3316 2875 3319 ’

733 3426 957 3494 genter
1025 3412 1370 3478 tenendum
1431 3423 1558 3490 est,
1621 3425 1710 3477 'ne
1772 3432 1967 3496 quem
2030 3431 2337 3495 umquam
2387 3409 2791 3475 innocentem

737 3506 965 3570 indis-ic·
1013 3508 1234 3594 eapitis
1279 3529 1593 3583 arcessas3
1645 3506 1714 3570 id
1758 3506 1928 3570 enim
1975 3506 2111 3570 sine
2158 3505 2397 3571 scelere
2442 3503 2574 3570 fieri
2604 3503 2791 3567 nullo

737 3617 921 3686 pantu
969 3612 1203 3686 putes&
1256 3624 1407 3666 nam
1452 3600 1610 3684 quid
1656 3611 1753 3665 est
1796 3611 1931 3665 tam
1958 3599 2384 3664 inhumanum
2431 3620 2624 3684 quam
2656 3597 2795 3662 elo·-

737 3698 1061 3774 quentiaffl
1096 3719 1135 3760 a
1169 3705 1400 3762 natura
1441 3695 1525 3760 ad
1561 3696 1832 3761 salutem
1867 3695 2200 3783 hominum
2234 3692 2419 3759 etad
2453 3714 2798 3759 conserva-

737 3790 969 3854 tionem
1021 3790 1233 3855 datam
1268 3789 1352 3854 ad
1385 3791 1703 3856 bonorum
1737 3799 1983 3876 pestem
2016 3787 2491 3875 perniciemque
2528 3808 2799 3853 conver·
2845 3804 2858 3809 “

737 3886 909 3946 tere?
945 3906 1061 3946 nee
1089 3895 1323 3962 tamen,
1351 3896 1425 3949 ut
1439 3885 1564 3950 hoc
1579 3883 1962 3968 fugiendum
1978 3895 2095 3961 est,
2120 3883 2275 3948 item
2302 3893 2398 3947 est
2421 3880 2799 3946 habendum

737 3974 1029 4058 religieni
1065 3989 1396 4043 nocentem
1434 3977 1797 4060 aliquandO,
1834 3978 2024 4042 modo
2055 4001 2141 4045 ne
2166 3975 2487 4044 nefarium
2512 3974 2799 4062 inpium-
