3292 4559
993 822 1094 887 M.
1129 818 1460 887 TULLII
1495 816 2001 887 CICERONIS

875 931 1026 999 DE
1078 930 1588 998 DEORUM
1637 929 2125 996 NATURA
2170 1012 2175 1015 ,

1141 1043 1276 1109 AD
1312 1044 1410 1109 M.
1446 1040 1850 1109 BRUTUM

1196 1169 1469 1229 LIBRI
1519 1167 1793 1229 TRES.

1198 1454 1435 1511 LIBER.
1469 1452 1779 1513 PRIMUS.

1161 1572 1829 1633 ARGUMENTUM.

563 1696 635 1751 In
651 1688 738 1751 his
764 1696 948 1766 libris,
984 1696 1045 1751 in
1063 1696 1267 1767 quibus
1287 1694 1484 1753 Cicero
1503 1694 1614 1751 sibi
1633 1712 1855 1752 omnem
1879 1696 1999 1752 fere
2014 1700 2266 1753 veterum
2280 1696 2527 1767 philoso-

461 1774 698 1847 phorum
725 1774 796 1829 de
821 1779 1031 1829 natura
1058 1774 1291 1828 deorum
1320 1772 1632 1829 doctrinam
1661 1772 2053 1843 explicandam
2079 1773 2341 1843 sumpsit,
2376 1773 2527 1833 hanc

443 1856 658 1906 xauctor
681 1850 958 1905 rationem
986 1856 1208 1904 secutus
1237 1854 1350 1917 est,
1388 1855 1477 1918 ut,
1509 1866 1655 1919 quae
1673 1849 1938 1919 Epicurei
1966 1850 2037 1903 de
2063 1855 2268 1905 natura
2294 1850 2527 1905 deorum

463 1926 808 1993 docuissent,
845 1941 918 1979 ea
941 1924 1004 1979 O.
1032 1924 1256 1979 Velleio
1285 1926 1532 1979 senatori
1561 1926 1895 1993 exponenda
1924 1924 2201 1993 traderet,
2240 1941 2367 1979 cum
2401 1924 2524 1994 ipse

461 2000 784 2055 Phaedrum
802 1998 1232 2067 Atheniensem,
1272 1998 1368 2069 qui
1393 1999 1599 2054 librum
1628 2007 1759 2073 περὶ
1786 2002 1944 2053 θεῶν
1971 1999 2297 2070 scripserat,
2326 2000 2389 2053 in
2414 2000 2525 2053 hac

461 2079 624 2147 parte
645 2074 1068 2143 conscribenda,
1107 2079 1173 2128 ut
1187 2074 1426 2144 videtur,
1463 2081 1810 2146 sequeretur,
1848 2092 1918 2131 ea
1934 2080 2140 2145 autem,
2180 2092 2327 2146 quae
2346 2074 2524 2135 Stoici

463 2154 534 2207 de
561 2156 766 2207 natura
789 2151 1021 2206 deorum
1044 2152 1494 2223 praecepissent,
1528 2157 1594 2207 ut
1623 2152 1691 2217 Q.
1719 2152 1941 2208 Lucilio
1966 2153 2151 2209 Balbo
2188 2152 2525 2223 explicanda

463 2230 641 2298 daret,
677 2228 818 2299 ipse,
854 2232 919 2282 ut
943 2227 1181 2297 videtur,
1219 2228 1280 2283 in
1305 2230 1415 2285 hac
1437 2234 1601 2299 parte
1631 2229 2018 2300 componenda
2033 2228 2323 2285 Posidonii
2348 2228 2523 2284 libros

465 2312 594 2376 περὶ
625 2306 779 2359 θεῶν
805 2310 1046 2361 secutus.
1121 2304 1334 2361 Contra
1349 2307 1452 2361 hos
1478 2307 1562 2361 ita
1579 2307 1965 2378 disputantem
1989 2306 2131 2362 fecit
2147 2304 2210 2363 C.
2228 2305 2540 2362 Aurelium·
2623 2316 2627 2319 ·

461 2380 702 2451 Cottam,
735 2387 1013 2438 oratorem
1027 2399 1145 2438 non
1159 2382 1489 2455 ignobilem,
1525 2388 1590 2438 ut
1607 2384 1676 2453 is,
1716 2401 1861 2454 quae
1879 2383 2211 2440 Academici
2230 2382 2300 2439 de
2316 2388 2525 2439 natura

461 2459 692 2513 deorum
726 2458 1074 2529 docuissent,
1131 2465 1442 2515 enarraret:
1495 2461 1558 2517 in
1593 2476 1829 2531 quorum
1872 2460 2191 2531 praeceptis
2232 2459 2523 2518 tradendis

460 2533 658 2592 Cicero
685 2535 824 2605 ipse,
861 2541 927 2591 ut
949 2536 1187 2606 videtur,
1226 2536 1564 2593 Clitomachi
1580 2536 2079 2609 Karthaginiensis
2106 2535 2280 2591 libros
2298 2541 2523 2600 secutus

460 2617 564 2667 est.
633 2611 758 2666 Hos
781 2616 898 2667 tres
926 2613 1182 2669 homines
1210 2614 1364 2685 apud
1381 2612 1444 2671 C.
1464 2612 1690 2669 Cottam
1715 2614 1875 2671 feriis
1891 2613 2113 2668 Latinis
2138 2614 2287 2668 inter
2314 2630 2523 2669 annum

460 2706 515 2743 ιι.
537 2704 586 2743 c.
604 2688 672 2743 67
673 2690 724 2743 6.
737 2694 794 2744 et
809 2706 1020 2744 annum
1029 2690 1306 2747 679.inter
1323 2708 1384 2747 se
1405 2690 1475 2747 de
1490 2696 1699 2747 natura
1716 2691 1947 2746 deorum
1964 2690 2345 2760 colloquentes
2361 2688 2519 2761 facit,

459 2766 583 2836 ipso
611 2766 893 2837 audiente,
933 2768 1029 2838 qui
1053 2770 1226 2838 paulo
1253 2774 1387 2825 ante
1413 2770 1474 2824 in
1493 2768 1739 2826 Graecia
1765 2768 1951 2825 studio
1978 2768 2368 2839 philosophiae
2388 2784 2520 2839 ope-

459 2860 583 2898 ram
601 2843 850 2899 dederat.
905 2842 1204 2901 Scribebat
1221 2852 1410 2901 autem
1426 2847 1528 2901 hos
1546 2846 1741 2915 libros,
1777 2852 1843 2901 ut
1859 2845 2052 2917 colligi
2068 2850 2256 2915 potest
2272 2862 2341 2901 ex
2358 2844 2521 2914 epist.

461 2920 538 2975 ad
554 2918 807 2974 Atticum
832 2919 930 2975 lib.
947 2921 1112 2976 XIII.
1137 2940 1224 2992 ep.
1245 2924 1329 2977 39.
1350 2924 1398 2994 ξ.
1417 2924 1488 2992 2.,
1508 2923 1608 2978 ubi
1624 2923 1770 2993 petit
1795 2927 1861 2979 ut
1884 2922 1981 2977 ille
2000 2922 2110 2977 sibi
2135 2921 2323 2977 mittat
2349 2922 2527 2995 libros·

459 2996 712 3051 Phaedri
730 3003 860 3067 περὶ
879 2998 1060 3063 θεῶν,
1089 3004 1307 3055 aestate
1334 3001 1472 3055 anni
1485 3018 1541 3055 ιι.
1563 3017 1611 3055 c.
1633 3001 1773 3069 709„
1805 3000 2048 3055 absolvit
2064 3005 2215 3057 certe
2236 3005 2366 3055 ante
2382 3000 2521 3055 Idus

459 3074 700 3134 Martias
719 3074 854 3129 anni
875 3092 931 3129 u.
953 3092 1001 3129 c.
1023 3076 1160 3145 710„
1197 3082 1263 3131 nt
1286 3078 1636 3149 intellegitur
1654 3096 1722 3133 ex
1746 3077 1845 3132 lib.
1862 3077 1913 3131 I.
1932 3094 2056 3148 cap.
2074 3078 2127 3131 4.
2149 3079 2195 3144 ξ.
2217 3077 2267 3131 ’1.
2337 3077 2523 3132 Huius

461 3156 654 3207 autem
669 3150 799 3206 libri
813 3151 981 3221 primi
1003 3152 1064 3207 in
1081 3153 1205 3224 ipso
1221 3155 1508 3224 prooemio
1527 3155 1602 3210 ad
1619 3155 1696 3211 M.
1714 3154 1952 3209 Brutum
1970 3153 2179 3224 scripto
2198 3153 2277 3211 M.
2299 3153 2521 3209 Tullius

461 3231 535 3285 de
555 3245 771 3284 summa
796 3227 1131 3286 difficultate
1149 3236 1210 3287 et
1225 3231 1568 3288 obscuritate
1595 3232 1959 3305 gravissimae
1986 3231 2153 3289 huius
2176 3232 2521 3302 quaestionis

463 3308 536 3363 de
554 3312 760 3362 natura
781 3306 1010 3362 deorum
1037 3307 1286 3378 disserit,
1323 3308 1392 3365 de
1411 3326 1526 3379 qua
1542 3316 1661 3364 tam
1678 3309 1870 3365 variae
1886 3314 2115 3379 tamque
2134 3308 2521 3379 discrepantes

459 3384 919 3457 philosophorum
943 3385 1058 3440 sint
1081 3387 1416 3456 sententiae,
1453 3404 1592 3458 quas
1609 3387 1877 3457 deinceps
1902 3387 2101 3457 paucis
2120 3392 2347 3443 enarrat
2368 3385 2517 3456 (cap.

461 3464 496 3517 1
517 3466 577 3517 et
591 3460 667 3531 2).
737 3460 886 3515 Tum
902 3459 1116 3531 Cicero,
1137 3464 1404 3534 quoniam
1421 3468 1480 3519 et
1495 3464 1663 3518 amici
1678 3463 1949 3519 benevole
1968 3480 2097 3519 eum
2114 3462 2521 3517 admonuerant

461 3542 524 3593 et
547 3536 724 3592 invidi
747 3537 972 3594 inimice
995 3538 1469 3611 vituperaverant,
1497 3541 1661 3611 quod
1676 3540 2090 3611 philosophiam
2110 3538 2389 3597 Graecam
2404 3536 2521 3593 La-

461 3615 600 3669 tinis
625 3615 828 3671 litteris
850 3616 1123 3687 traderet,
1161 3623 1221 3678 et
1245 3619 1564 3675 universum
1590 3618 1979 3688 philosophiae
1998 3616 2242 3671 studium
2268 3612 2523 3677 defendit

445 3697 525 3763 ‘et
539 3691 784 3747 breviter
798 3693 1072 3749 rationem
1087 3694 1290 3765 reddit,
1313 3712 1482 3766 quam
1500 3696 1574 3751 ob
1590 3712 1711 3751 rem
1735 3694 1857 3765 ipse
1874 3691 2337 3751 Academicorum
2354 3688 2521 3743 disci-

459 3768 679 3839 plinam
702 3769 1050 3839 potissimum
1075 3776 1299 3826 secutus
1325 3772 1416 3842 sit,
1455 3788 1688 3842 quorum
1705 3770 1777 3827 de
1806 3766 2149 3842 gravissimis
2171 3765 2341 3821 rebus
2358 3764 2521 3823 dubi·

460 3851 655 3901 tanter
686 3847 953 3916 loquendi
975 3848 1122 3903 ratio
1150 3849 1225 3903 ad
1260 3850 1408 3904 hanc
1441 3849 1627 3919 ipsam
1660 3847 2046 3917 quaestionem
2060 3842 2321 3905 maximo
2348 3858 2521 3914 opere

459 3923 748 3994 pertinere
771 3923 1044 3994 videatur,
1082 3924 1152 3981 de
1165 3942 1296 3996 qua
1321 3943 1448 3981 cum
1474 3923 1867 3981 difficillimum
1898 3940 2003 3993 per
2038 3916 2103 3976 se'
2125 3919 2202 3975 sit
2234 3918 2519 3989 iudicium,

459 4007 584 4054 tum
597 4004 794 4057 tantae
812 4000 1252 4056 doctissimorum
1265 4002 1552 4058 hominum
1569 4000 1943 4059 dissensiones
1955 3999 2108 4072 (cap.
2127 3996 2323 4069 3-6).
2366 3994 2521 4056 Dein

463 4076 536 4133 de
563 4078 944 4151 disputatione
965 4078 1114 4135 inter
1129 4077 1193 4135 C.
1211 4079 1506 4137 Aurelium
1523 4078 1749 4135 Cottam
1774 4082 1835 4135 et
1850 4076 1914 4135 Ο.
1931 4074 2213 4135 Velleium
2238 4078 2298 4131 et
2316 4072 2386 4141 Q.
2403 4072 2527 4139 Lur-

571 4164 790 4211 Oiosronis
807 4166 888 4212 vol.
909 4165 996 4211 V11.
2126 4164 2160 4219 1
