3292 4559
1001 282 1109 338 DE
1143 282 1670 340 DIVINATIONE
1701 283 1780 340 11.
1816 283 2062 378 37-5-42.
2443 240 2568 345 18'1

507 430 675 495 quae
708 407 817 486 cui
853 407 1143 478 ducatur.
1229 429 1384 474 mox
1420 407 1501 472 de
1539 408 1816 474 sortibus
1827 433 1846 487 3
1892 416 2287 493 quamquam
2321 419 2394 476 tu
2429 409 2572 493 qui·-

504 505 657 571 dem
698 525 827 582 non
872 503 1225 569 hostiarum
1269 525 1533 572 causam
1585 503 1923 569 confirmas
1968 503 2236 571 sortium
2279 503 2572 578 similima

504 600 685 678 dine,
730 599 845 666 sed
886 599 1173 666 infirmas
1214 599 1403 666 sortis
1442 600 1802 666 conlatione
1839 599 2213 666 hostiarum.
2302 622 2388 668 an
2423 623 2570 672 eum
2613 620 2664 662 as

504 695 573 758 in
622 693 1145 779 Aequimaelium
1196 694 1487 760 misimus
1500 741 1523 772 ,
1583 694 1698 780 qui
1749 693 2001 759 adferat
2053 715 2324 780 agnum,
2378 715 2573 779 quem

504 789 929 866 immolemus,
964 789 1023 854 is
1049 787 1209 853 mihi
1234 811 1443 874 agnus
1472 788 1780 867 adfertur,
1815 789 1929 872 qui
1964 788 2162 854 habet
2195 799 2346 857 exta
2379 789 2573 858 rebus

504 884 989 950 accommodata
1022 894 1086 949 et
1130 883 1214 950 ad
1258 905 1409 949 eum
1440 906 1687 970 agnum
1720 905 1852 948 non
1887 905 2064 960 casu,
2101 884 2216 950 sed
2251 884 2415 950 duce
2451 883 2574 950 deo

506 1001 731 1044 servus
768 977 1145 1043 deducitur?
1186 1001 1340 1042 nam
1372 977 1429 1042 si
1466 999 1690 1044 casum
1721 978 1790 1042 in
1825 999 1902 1043 eo
1939 998 2202 1062 quoque
2235 999 2376 1044 esse
2411 977 2571 1044 dicis

502 1071 691 1156 quasi
737 1084 974 1136 sortem
1020 1071 1348 1155 quandam
1392 1093 1543 1137 cum
1598 1073 1867 1138 deorum
1925 1071 2254 1138 voluntate
2309 1070 2575 1146 conium-

504 1177 706 1242 ctam,
760 1165 947 1231 doleo
993 1176 1239 1231 tantam
1276 1164 1531 1234 Stoicos
1574 1176 1828 1232 nostros
1863 1164 2204 1252 Epicureis
2255 1164 2576 1232 inridendi

504 1260 607 1326 sui
648 1261 1025 1334 facultatem
1061 1259 1345 1341 dedisse3
1392 1284 1524 1328 non
1559 1262 1733 1328 enim
1764 1261 2026 1349 ignoras
2063 1283 2260 1347 quam
2302 1261 2426 1326 ista
2462 1260 2575 1326 de-

502 1356 771 1423 rideant.
879 1366 945 1422 et
996 1357 1259 1442 quidem
1316 1358 1413 1424 illi
1474 1357 1729 1424 facilius
1789 1357 2002 1424 facere
2064 1368 2364 1444 possunt3
2419 1356 2574 1422 deos
2615 1381 2666 1426 40

502 1450 676 1516 enim
708 1451 884 1537 ipsos
918 1451 1173 1518 iocandi
1208 1475 1404 1519 causa
1445 1451 1701 1519 induxit
1733 1451 2059 1540 Epicurus
2106 1451 2472 1538 perlucidos
2509 1461 2573 1518 et

502 1545 855 1632 perflabilis
907 1557 970 1614 ct
1022 1547 1371 1614 habitantis
1426 1558 1759 1633 tamquam
1803 1548 1972 1614 inter
2026 1547 2189 1614 duos
2244 1547 2427 1613 lucos
2481 1547 2573 1613 sio

501 1640 671 1706 inter
722 1639 885 1707 duos
946 1641 1223 1708 mundos
1287 1654 1552 1730 propter
1610 1653 1858 1709 metum
1909 1642 2242 1708 ruinarum
2248 1666 2268 1720 3
2335 1663 2573 1724 eosque

502 1733 743 1800 habere
776 1746 964 1820 putat
998 1737 1226 1802 eadem
1258 1737 1569 1814 membra,
1607 1758 1776 1821 quae
1809 1758 1950 1813 nos,
1983 1759 2108 1802 nec
2140 1758 2333 1802 usum
2367 1735 2575 1800 ullum

500 1826 742 1893 habere
776 1829 1231 1898 membrorum.
1305 1852 1459 1918 ergo
1495 1831 1601 1897 hic
1644 1831 2082 1897 circumitione
2110 1829 2392 1915 quadam
2420 1830 2575 1894 deos

502 1921 735 1986 tollens
768 1933 945 1988 reete
976 1945 1109 1992 non
1144 1923 1399 1990 dubitat
1445 1923 1906 1990 divinationem
1954 1925 2208 2002 tollere,
2261 1924 2378 1990 sed
2421 1945 2575 2002 non,

502 2027 577 2080 ut
627 2015 734 2081 hic
777 2015 902 2090 sibi
945 2029 1223 2096 constat,
1276 2019 1431 2084 item
1480 2016 1712 2085 Stoici·
1766 2019 1939 2084 illius
1992 2018 2164 2084 enim
2209 2016 2369 2084 deus
2417 2018 2576 2084 nihil

500 2110 747 2176 habens
790 2132 913 2177 nec
957 2111 1059 2177 sui
1101 2135 1223 2178 nec
1269 2112 1461 2178 alieni
1493 2113 1738 2200 negotii
1782 2133 1914 2177 non
1947 2123 2162 2199 potest
2209 2111 2574 2178 hominibus

501 2205 961 2272 divinationem
1012 2205 1319 2293 inpertire
1330 2232 1349 2286 3
1412 2218 1627 2277 vester
1682 2217 1898 2274 autem
1953 2207 2112 2272 deus
2178 2217 2395 2295 potest
2443 2228 2576 2272 non

500 2301 836 2387 inpertire,
889 2313 965 2368 ut
1015 2303 1214 2369 nihilo
1256 2303 1469 2370 minus
1512 2305 1830 2370 mundum
1874 2316 2058 2390 regat
2101 2315 2164 2369 et
2207 2303 2574 2370 hominibus

500 2397 812 2462 consulat.
902 2418 1019 2462 cur
1060 2397 1260 2484 igitur
1294 2420 1410 2464 vos
1442 2397 1709 2464 induitis
1752 2398 1822 2464 in
1857 2421 1967 2465 eas
2005 2398 2365 2485 captiones,
2410 2420 2571 2483 quas
2614 2417 2666 2457 41

497 2513 851 2579 numquam
880 2493 1253 2580 explicetis?
1286 2495 1380 2560 ita
1406 2495 1579 2561 enim
1608 2517 1758 2560 cum
1785 2495 1992 2580 magis
2020 2505 2387 2580 properant,
2419 2515 2574 2560 con·

498 2588 757 2655 cludere
804 2589 1040 2656 solent:
1095 2590 1150 2655 si
1186 2590 1252 2655 di
1287 2602 1465 2669 sunt,
1512 2603 1609 2656 est
1642 2589 1982 2668 divinatio3
2039 2600 2187 2654 sunt
2222 2600 2439 2655 autem
2476 2588 2569 2653 di=

498 2693 598 2748 est
633 2705 787 2770 ergo
824 2683 1150 2750 divinatio.
1222 2686 1423 2750 multo
1461 2697 1559 2750 est
1593 2684 2020 2771 probabilius=
2056 2705 2187 2748 non
2223 2695 2321 2749 est
2355 2693 2572 2748 autem

498 2777 839 2842 divinatio·
874 2800 1007 2843 non
1043 2790 1193 2843 sunt
1229 2800 1383 2866 ergo
1419 2779 1505 2844 di.
1585 2778 1736 2846 vide
1771 2800 1968 2861 quam
2003 2789 2244 2843 temere
2281 2776 2571 2842 commit-

498 2881 641 2934 tant
674 2882 767 2947 ut,
804 2871 859 2933 si
892 2872 1071 2936 nulla
1100 2873 1182 2937 sit
1210 2872 1539 2950 divinatiO,
1572 2871 1738 2938 nulli
1773 2872 1900 2936 sint
1927 2871 2022 2950 di3
2060 2871 2368 2937 divinatio
2400 2871 2571 2936 enim

499 2962 839 3050 perspicue
876 2965 1138 3043 tollitur,
1177 2965 1331 3030 deos
1368 2987 1505 3032 esse
1542 2965 1948 3030 retinendum
1985 2977 2101 3031 est.

631 3058 853 3144 Atque
888 3045 1011 3123 hac
1057 3060 1437 3146 extispicum
1482 3060 1874 3127 divinatione
1911 3061 2166 3126 sublata
2202 3060 2410 3127 omnis
2456 3060 2572 3126 ha-
2608 3047 2673 3160 {ff

500 3153 829 3240 ruspicina
863 3154 1117 3220 sublata
1152 3168 1278 3235 est3
1324 3167 1575 3222 ostenta
1610 3156 1782 3222 enim
1809 3168 2165 3242 sequuntur
2192 3169 2257 3223 et
2290 3157 2570 3243 fulgura.

498 3250 676 3316 valet
709 3261 927 3315 autem
961 3250 1030 3316 in
1065 3251 1429 3338 fulguribus
1456 3251 1819 3318 observatio
1849 3252 2228 3328 diuturna‚‘
2210 3276 2278 3316 ln
2307 3252 2570 3317 ostentis

498 3343 663 3408 ratio
699 3346 1076 3431 plerumque
1106 3347 1595 3431 coniecturaque
1622 3346 1982 3413 adhibetur.
2037 3346 2196 3431 quid
2220 3358 2319 3412 est
2351 3345 2570 3430 igitur,

496 3437 677 3523 quod
714 3438 1127 3518 observatum
1162 3441 1245 3509 sit
1278 3441 1347 3510 in
1380 3439 1680 3528 fulgure?
1715 3442 1966 3508 caelum
2001 3442 2070 3506 in
2107 3439 2387 3506 sedecim
2423 3461 2570 3524 par-

494 3534 584 3598 tis
629 3532 983 3602 diviserunt
1014 3533 1295 3612 Etrusci.
1384 3536 1573 3614 facile
1615 3536 1686 3602 id
1730 3536 1993 3622 quidem
2040 3533 2191 3611 fuit,
2247 3543 2569 3619 quattuor,

498 3650 665 3712 quas
698 3651 819 3694 nos
854 3629 1198 3720 habemus,
1254 3629 1614 3720 duplicare3
1667 3642 1816 3720 post
1847 3631 2020 3698 idem
2054 3629 2290 3699 iterum
2335 3628 2568 3705 facere,

498 3734 577 3786 ut
611 3745 692 3788 ex
720 3745 796 3789 eo
827 3723 1132 3805 dicerent,
1168 3726 1416 3794 fulme‘n
1443 3749 1575 3812 qua
1610 3751 1694 3794 ex
1728 3738 1910 3815 parte
1939 3725 2237 3793 venisset.
2290 3724 2572 3810 primum

498 3817 571 3883 id
612 3819 775 3901 quid
814 3819 1119 3887 interest?
1170 3822 1402 3889 deinde
1448 3822 1604 3907 quid
1652 3822 2008 3909 significat?
2058 3841 2271 3886 nonne
2322 3818 2570 3905 perspi-

503 3931 699 3976 cuum
734 3925 859 3992 est,
904 3937 986 3981 ex
1020 3916 1230 4003 prima
1263 3917 1686 3984 admiratione
1722 3916 2010 3982 homines
2023 3965 2042 3995 ,
2080 3915 2257 4000 quod
2290 3912 2570 3980 tonitrua

500 4004 838 4092 iactusque
883 4010 1227 4078 fulminum
1275 4014 1750 4090 extimuissent‚
1805 4010 2151 4078 credidisse
2187 4033 2268 4076 ea
2312 4010 2568 4077 efficere

504 4122 723 4168 rerum
775 4103 1060 4202 omnium
1110 4120 1596 4195 praepotentem
1647 4107 1910 4173 Iovem?
1960 4106 2180 4192 itaque
2223 4105 2294 4172 in
2335 4106 2568 4172 nostris
