3292 4559
708 258 795 323 46
1165 313 1180 328 .
1328 264 1406 321 M.
1444 262 1720 323 TULLII
1755 262 2154 321 CICERONIS.

704 394 1011 470 infimam,
1046 413 1243 476 quam
1282 386 1713 455 crassissimus
1741 384 2212 454 circumfundat
2229 387 2376 453 ae‘r?
2411 398 2483 453 ut
2509 388 2593 455 ob
2623 412 2766 455 eam

705 488 914 573 ipsam
958 508 1248 562 causam,
1294 482 1469 567 quod
1512 482 1706 549 etiam
1741 480 2127 565 quibusdam
2168 481 2536 567 regionibus
2573 495 2765 567 atque

706 578 975 648 urbibus
1020 578 1387 664 contingere
1432 577 1756 653 videmus,
1799 574 2128 641 hebetiora
2162 586 2234 641 ut
2269 576 2396 641 sint
2435 576 2766 643 hominum

706 674 967 762 ingenia
1008 683 1271 759 propter
1311 671 1475 738 caeli
1516 670 1867 757 pleniorem
1903 680 2227 747 naturam,
2279 669 2404 736 hoc
2446 671 2618 739 idem
2653 694 2768 758 ge-

708 768 847 833 neri
879 767 1161 833 humano
1198 765 1510 843 evenerit,
1556 764 1732 850 quod
1764 765 1833 829 in
1865 774 2065 843 terra,
2110 751 2234 831 li'oc
2269 776 2367 831 est
2405 765 2475 831 in
2509 767 2769 833 crassis·

630 882 683 925 ιε
710 862 873 928 sima
923 862 1184 947 regione
1234 859 1491 937 mundi,
1542 858 1858 926 conlocati
1901 858 2046 925 sint.
2136 870 2201 926 et
2244 870 2460 929 tamen
2505 883 2586 927 ex
2627 860 2770 947 ipsa

709 955 1043 1023 hominum
1088 954 1367 1021 sollertia
1404 977 1543 1021 esse
1588 953 1870 1037 aliquam
1904 964 2186 1019 mentem
2220 964 2286 1020 et
2327 976 2471 1019 eam
2507 954 2770 1039 quidem

710 1050 1019 1116 acriorem
1065 1059 1131 1116 et
1180 1048 1465 1115 divinam
1516 1047 1881 1113 existimare
1936 1047 2262 1115 debemus.
2352 1048 2552 1115 ‘unde
2598 1048 2770 1114 enim

708 1144 875 1211 hanc
908 1143 1103 1210 homo
1138 1142 1481 1229 adripuitP’
1517 1153 1591 1207 ut
1618 1142 1709 1207 ait
1734 1141 1908 1228 apud
1923 1140 2431 1228 Xenophontem
2449 1140 2769 1209 Socrates.

710 1238 868 1322 quin
902 1248 967 1303 et
1000 1258 1291 1303 umorem
1327 1248 1393 1303 et
1426 1236 1736 1314 calorem,
1785 1235 1894 1319 qui
1931 1247 2029 1301 est
2061 1236 2246 1301 fusus
2280 1237 2350 1301 in
2383 1255 2671 1323 corpore,
2709 1248 2772 1301 et

711 1343 1032 1399 terrenam
1074 1332 1284 1417 ipsam
1326 1332 1645 1398 viscerum
1691 1330 2070 1397 soliditatem
2085 1379 2104 1409 ,
2160 1332 2445 1398 animum
2497 1332 2774 1417 denique

709 1426 892 1491 illum
926 1425 1325 1512 spirabilem,
1364 1426 1417 1491 si
1452 1426 1597 1510 quis
1633 1435 1917 1509 quaerat,
1955 1425 2126 1491 unde
2161 1426 2536 1505 habeamus,
2571 1427 2776 1513 adpa-

712 1530 828 1596 ret,
864 1519 1040 1605 quod
1075 1520 1249 1585 aliud
1278 1542 1317 1585 a
1344 1532 1515 1587 terra
1546 1519 1957 1605 sumpsimus,
1993 1520 2170 1585 aliud
2203 1520 2288 1585 ab
2313 1543 2557 1600 umore,
2595 1521 2774 1587 aliud

644 1635 677 1688 7
715 1614 797 1679 ab
841 1614 1007 1701 igni,
1063 1614 1241 1681 aliud
1284 1615 1368 1681 ab
1404 1620 1549 1681 aere
1584 1635 1693 1692 ee,
1745 1635 1937 1698 quem
1973 1614 2201 1700 spiritu
2237 1615 2530 1681 ducimus
2612 1616 2774 1682 illud

717 1717 952 1786 autem,
986 1708 1162 1792 quod
1188 1708 1387 1775 vincit
1411 1708 1571 1775 haec
1596 1707 1830 1787 omnia,
1855 1707 2168 1774 rationem
2195 1708 2337 1775 dico
2368 1721 2450 1789 et,
2479 1710 2536 1775 si
2559 1710 2772 1797 placet

714 1800 1007 1886 pluribus
1042 1802 1255 1869 verbis
1268 1850 1287 1880 ,
1324 1812 1634 1879 mentem,
1680 1801 2048 1880 consilium,
2095 1800 2574 1889 cogitationem,
2617 1826 2776 1889 pru·-

718 1894 1029 1973 dentiam,
1092 1896 1208 1961 ubi
1256 1896 1662 1965 invenimus?
1724 1897 1896 1963 unde
1949 1898 2360 1963 sustulimus?
2428 1922 2512 1963 an
2559 1909 2776 1964 cetera

717 1989 997 2055 mundus
1031 1989 1296 2056 habebit
1320 1991 1554 2069 omnia,
1588 1990 1714 2056 hoc
1742 2014 1962 2070 unum,
1997 1992 2173 2076 quod
2204 1993 2464 2079 plurimi
2491 2003 2607 2071 est,
2641 2015 2778 2059 non

582 2116 595 2128 ·
715 2081 1016 2149 habebit?
1034 2084 1211 2168 atqui
1228 2095 1399 2151 certe
1416 2084 1573 2149 nihil
1594 2085 1880 2151 omnium
1905 2105 2120 2153 rerum
2145 2088 2372 2153 melius
2391 2098 2486 2153 est
2511 2088 2775 2166 mundo,

717 2176 875 2243 nihil
910 2177 1385 2261 praestabilius,
1438 2178 1597 2245 nihil
1630 2179 1990 2265 pulchrius,
2045 2202 2166 2245 nec
2209 2182 2417 2246 solum
2460 2181 2618 2246 nihil
2653 2194 2774 2261 est,

718 2269 833 2335 sed
875 2289 959 2335 ne
1004 2270 1272 2356 cogitari
1312 2272 1575 2357 quidem
1618 2272 1966 2356 quicquam
2010 2272 2238 2337 melius
2281 2284 2510 2358 potest.
2608 2286 2673 2341 et
2719 2277 2777 2342 si

718 2362 965 2429 ratione
1000 2374 1067 2429 et
1100 2364 1413 2450 sapientia
1446 2365 1604 2431 nihil
1639 2376 1737 2431 est
1769 2365 2017 2441 melius,
2053 2386 2314 2432 necesse
2348 2376 2445 2431 est
2479 2366 2639 2433 haec
2672 2368 2779 2435 in-

643 2482 694 2523 19
721 2477 860 2521 esse
892 2455 963 2521 in
996 2478 1104 2534 eo,
1141 2458 1317 2540 quod
1351 2459 1664 2544 optimum
1699 2480 1837 2523 esse
1873 2458 2300 2523 concedimus.
2386 2458 2544 2541 quid
2576 2463 2777 2526 vero?

717 2560 897 2615 tanta
928 2573 1145 2617 rerum
1179 2552 1608 2627 consentiens,
1644 2548 2036 2636 conspirans,
2073 2551 2441 2633 continuata
2473 2556 2776 2639 cognatio

716 2664 912 2727 quem
938 2666 1068 2711 non
1093 2658 1282 2732 coget
1310 2668 1406 2722 ea,
1434 2650 1599 2729 quae
1628 2643 1926 2709 dicuntur
1953 2668 1994 2709 a
2015 2666 2140 2723 me,
2159 2646 2589 2732 conprobare?
2620 2670 2776 2734 pos-

718 2748 897 2804 setne
926 2762 1054 2804 uno
1079 2750 1367 2823 tempore
1391 2738 1636 2812 florere,
1658 2736 1808 2803 dein
1832 2737 2111 2805 vicissim
2135 2738 2392 2806 horrere
2417 2742 2624 2807 terra?
2657 2754 2776 2809 aut

718 2841 813 2896 tot
839 2832 1033 2897 rebus
1061 2832 1217 2917 ipsis
1246 2852 1315 2897 se
1342 2829 1806 2897 inmutantibus
1833 2830 1985 2897 solis
2013 2855 2306 2900 accessus
2326 2834 2786 2920 discessusque·

718 2924 1001 2989 solstitiis
1020 2923 1387 3007 brumisque
1406 2924 1727 3009 cognosci,
1747 2937 1859 2992 aut
1875 2938 2086 2993 aestus
2105 2929 2404 2995 maritimi
2427 2929 2777 2995 fretorum-

716 3036 843 3098 que
872 3016 1205 3101 angustiae
1232 3028 1376 3083 ortu
1406 3029 1518 3083 aut
1542 3017 1722 3084 obitu
1743 3020 1934 3087 lunae
1963 3023 2350 3089 commoveri
2375 3034 2486 3089 aut
2515 3047 2646 3089 una
2671 3041 2774 3089 to-

717 3108 843 3175 tius
862 3110 1023 3175 caeli
1050 3112 1461 3179 conversione
1490 3136 1714 3181 cursus
1731 3126 2048 3183 astrorum
2065 3117 2348 3203 dispares
2369 3118 2772 3183 conservari?

718 3200 878 3266 haec
912 3202 1004 3267 ita
1036 3204 1176 3269 fieri
1200 3206 1497 3271 omnibus
1530 3207 1700 3274 inter
1725 3232 1794 3275 se
1821 3210 2298 3277 concinentibus
2325 3211 2548 3276 mundi
2570 3210 2773 3295 parti-

718 3294 842 3360 bus
869 3296 1155 3381 profecto
1182 3320 1311 3364 non
1336 3313 1617 3387 possent,
1651 3302 1776 3367 nisi
1811 3324 1888 3371 ea
1911 3326 2039 3369 uno
2066 3304 2283 3370 divino
2311 3316 2376 3371 et
2399 3303 2770 3370 continuato

642 3415 696 3457 20
722 3390 949 3476 spiritu
966 3392 1455 3459 continerentur.
1509 3406 1705 3480 atque
1732 3396 1892 3465 haec
1911 3419 2058 3466 cum
2085 3399 2344 3465 uberius
2363 3398 2773 3485 disputantur

724 3493 789 3549 et
822 3483 1052 3563 fusius,
1088 3495 1161 3550 ut
1193 3486 1349 3553 mihi
1384 3498 1482 3553 est
1521 3489 1592 3555 in
1628 3490 1845 3557 animo
1880 3490 2122 3571 facere,
2166 3492 2416 3558 facilius
2453 3490 2772 3576 effugiunt

720 3578 1259 3645 Academicorum
1292 3581 1674 3649 calumniam
1686 3610 1705 3661 3
1743 3608 1892 3651 cum
1927 3596 2161 3662 autem,
2197 3596 2271 3649 ut
2289 3586 2466 3651 Zeno
2501 3584 2770 3661 solebat,

720 3671 976 3739 brevius
1004 3674 1463 3759 angustiusque
1490 3678 1973 3755 concluduntur,
2008 3690 2146 3745 tum
2173 3678 2491 3764 apertiora
2507 3688 2658 3743 sunt
2685 3678 2770 3743 ad

719 3765 1345 3848 reprehendendum:
1397 3794 1551 3837 nam
1592 3782 1666 3836 ut
1719 3773 2039 3859 profluens
2098 3773 2303 3839 amnis
2347 3782 2460 3837 aut
2502 3772 2614 3837 vix
2658 3782 2773 3837 aut

720 3858 897 3919 nullo
926 3859 1138 3937 modo,
1176 3863 1475 3930 conclusa
1508 3876 1726 3932 autem
1759 3888 1929 3951 aqua
1962 3867 2149 3933 facile
2186 3866 2643 3952 conrumpitur,
2679 3865 2772 3930 sic

722 3949 1022 4017 orationis
1067 3954 1329 4025 flumine
1363 3958 1834 4044 reprehensoris
1871 3960 2138 4025 convitia
2174 3960 2526 4035 diluuntur,
2563 3978 2772 4043 angu-

723 4042 847 4113 stia
883 4057 1097 4117 autem
1132 4052 1469 4121 conclusae
1504 4054 1806 4121 orationis
1840 4075 1968 4121 non
2003 4054 2192 4121 facile
2227 4076 2297 4119 se
2331 4054 2472 4139 ipsa
2503 4061 2773 4117 tutatur.
