3292 4559
686 237 773 308 38
818 248 824 256 ’
1306 245 1383 304 Μ.
1421 247 1696 306 TULLII
1728 241 2138 304 cmERoms

683 386 867 444 nesta
911 374 1066 450 sint3
1120 341 1317 438 talem
1360 373 1531 439 enim
1576 371 1856 436 solemus
1891 379 1955 435 et
1989 357 2221 435 sentire
2255 369 2497 434 bonum
2534 368 2742 434 civem

583 503 661 544 125
689 484 753 538 et
804 470 1035 535 dicere.
1121 468 1444 552 peregrini
1500 476 1718 532 autem
1769 475 1963 548 atque
2015 464 2261 530 incolae
2314 463 2602 527 officium
2649 473 2750 527 est

684 564 843 631 nihil
887 573 1142 650 praeter
1186 584 1374 627 suum
1415 561 1751 647 negotium
1785 581 2007 646 agere,
2049 557 2209 623 nihil
2242 558 2322 624 de
2358 558 2483 622 alio
2517 556 2762 640 anqui-

684 679 824 724 rere
871 655 1261 739 minimeque
1308 677 1448 720 esse
1492 655 1559 720 in
1602 653 1812 719 aliena
1845 676 1914 718 re
1949 653 2211 739 publica
2245 651 2586 716 curiosum.
2655 651 2756 714 ita

686 751 821 818 fere
869 749 1085 816 officia
1126 749 1553 835 reperientur,
1600 770 1748 813 cum
1795 759 2167 830 quaeretur,
2214 745 2370 828 quid
2415 746 2642 810 deceat
2685 757 2756 810 et

688 844 848 929 quid
899 855 1122 930 aptum
1176 843 1259 908 sit
1309 843 1626 929 personis,
1681 841 2108 927 temporibus,
2163 839 2499 905 aetatibus.
2589 839 2754 903 nihil

690 948 787 1004 est
840 949 1056 1003 autem
1108 936 1282 1021 quod
1334 948 1465 1001 tam
1519 936 1744 1002 deceat
1787 957 1982 1020 quam
2024 935 2093 998 in
2135 933 2312 998 omni
2351 955 2422 998 re
2466 932 2758 1018 gerenda

691 1031 1082 1114 consilioque
1117 1030 1429 1116 capiendo
1464 1051 1720 1096 servare
1757 1029 2200 1094 constantiam.

585 1131 657 1186 35
820 1123 956 1191 Sed
990 1123 1292 1206 quoniam
1327 1123 1631 1188 decorum
1665 1122 1827 1188 illud
1859 1123 1927 1188 in
1962 1122 2260 1187 omnibus
2295 1120 2505 1196 factis,
2541 1119 2756 1196 dictis,

586 1203 665 1244 ²²⁸
688 1219 758 1284 in
793 1218 1073 1303 corporis
1118 1217 1397 1300 denique
1443 1229 1621 1283 motu
1661 1228 1735 1303 ,et
1778 1229 1953 1282 statu
1995 1217 2304 1292 cernitur,
2349 1215 2543 1298 idque
2577 1213 2758 1299 posi·
2811 1213 2818 1218 ’

688 1324 829 1378 ιιιιιι
874 1320 973 1375 est
1016 1311 1085 1373 in
1119 1311 1323 1375 tribus
1360 1312 1585 1388 rebus,
1630 1311 2056 1389 formositate,
2103 1311 2355 1388 ordine,
2397 1318 2625 1374 ornatu
2659 1308 2758 1371 ad

688 1405 1005 1470 actionem
1040 1413 1191 1489 apto
1204 1451 1222 1480 ,
1260 1403 1629 1471 difficilibus
1663 1406 1748 1470 ad
1785 1406 2214 1489 eloquendum
2228 1453 2246 1484 ‚
2293 1404 2407 1470 sed
2441 1403 2594 1468 satis
2627 1402 2760 1467 erit

686 1497 1003 1582 intellegi,
1046 1498 1115 1564 in
1160 1498 1259 1562 his
1304 1509 1520 1564 autem
1564 1499 1770 1563 tribus
1805 1499 2165 1564 continetur
2199 1522 2354 1564 cura
2389 1497 2582 1563 etiam
2615 1495 2758 1572 illa,

616 1611 621 1618 ·
688 1603 763 1656 ut
795 1591 1192 1676 probemur
1174 1591 1282 1669 iis,
1320 1592 1710 1675 quibuscum
1743 1594 1918 1679 apud
1953 1615 2245 1677 quosque
2279 1593 2572 1658 vivamus
2586 1636 2604 1667 ,
2647 1589 2760 1654 his

690 1705 949 1770 quoque
1008 1685 1090 1750 de
1149 1686 1343 1752 rebus
1404 1703 1615 1772 pauca
1677 1687 1987 1753 dicantur.
2092 1687 2402 1773 principio
2463 1683 2756 1770 corporis

690 1780 889 1844 nostri
942 1802 1248 1865 magnam
1308 1792 1540 1846 natura
1590 1782 1734 1868 ipsa
1777 1783 2030 1848 videtur
2073 1782 2374 1847 habuisse
2415 1780 2757 1857 rationem,

690 1895 857 1959 quae
890 1873 1164 1939 formam
1199 1887 1485 1942 nostram
1518 1877 1959 1962 reliquamque
1991 1875 2342 1963 figuram,
2321 1899 2392 1940 m
2425 1896 2558 1959 qua
2585 1885 2758 1940 esset

691 1969 939 2056 species
993 1970 1289 2048 honesta,
1344 1994 1488 2036 eam
1540 1971 1758 2056 posuit
1807 1971 1874 2036 in
1924 1981 2254 2056 promptu,
2315 1991 2482 2054 quae
2534 1977 2760 2054 partes

688 2076 906 2132 autem
954 2067 1237 2153 corporis
1286 2067 1369 2133 ad
1413 2080 1682 2133 naturae
1717 2067 2162 2134 necessitatem
2198 2068 2387 2132 datae
2424 2075 2756 2150 aspectum

688 2169 905 2226 essent
957 2160 1313 2226 deformem
1363 2161 1699 2226 habiturae
1743 2174 1934 2246 atque
1978 2172 2262 2248 turpem,
2317 2183 2426 2226 eas
2471 2157 2755 2224 contexit

586 2281 663 2322 ιιι
690 2263 885 2337 atque
938 2253 1202 2321 abdidit.
1290 2253 1458 2319 hanc
1510 2267 1778 2321 naturae
1829 2267 1964 2320 tam
2017 2255 2390 2340 diligentem
2440 2252 2754 2318 fabricam

688 2346 935 2410 imitata
978 2358 1076 2410 est
1118 2345 1453 2412 hominum
1497 2350 1913 2416 verecundiae
1961 2370 2127 2434 quae
2175 2349 2355 2414 enim
2379 2357 2610 2412 natura
2643 2367 2758 2412 oc-

690 2439 976 2514 cultavit,
1014 2439 1243 2532 eadem
1279 2462 1505 2506 omnes
1540 2443 1654 2526 qui
1691 2465 1848 2508 sana
1880 2453 2096 2510 mente
2133 2453 2283 2508 sunt
2309 2451 2642 2507 removent
2669 2439 2756 2503 ab

690 2533 891 2598 oculis
935 2533 1186 2618 ipsique
1230 2538 1596 2602 necessitati
1633 2538 1790 2603 dant
1822 2561 2084 2625 operam
2119 2548 2193 2603 ιιι
2227 2559 2426 2621 quam
2459 2535 2758 2602 occultis-

690 2626 850 2692 sime
909 2640 1211 2712 pareant,
1274 2652 1676 2716 quarumque
1729 2635 2010 2720 partium
2063 2634 2344 2720 corporis
2395 2655 2552 2696 usus
2603 2641 2756 2696 sunt

690 2721 1063 2800 necessarii,
1106 2745 1217 2789 eas
1261 2744 1473 2810 neque
1518 2728 1717 2813 partis
1762 2750 1974 2812 neque
2019 2751 2240 2794 earum
2274 2749 2433 2792 usus
2467 2725 2602 2791 suis
2635 2745 2756 2790 no-

691 2812 969 2879 minibus
1004 2818 1363 2902 appellant,
1410 2820 1712 2904 quodque
1747 2822 1962 2888 facere
1995 2833 2185 2908 turpe
2219 2843 2352 2886 ιιοιι
2387 2831 2513 2897 est,
2560 2818 2754 2884 modo

692 2909 961 2986 occulte,
996 2909 1065 2974 id
1100 2910 1311 2978 dicere
1346 2913 1697 2980 obscenum
1732 2926 1846 2981 est.
1930 2916 2148 3000 itaque
2182 2937 2303 2981 nec
2337 2914 2505 2980 actio
2538 2935 2754 2979 rerum

692 3001 948 3066 illarum
992 3015 1214 3088 aperta
1257 3009 1613 3092 petulantia
1656 3021 1845 3075 vacat
1877 3032 1998 3075 nec
2032 3009 2335 3075 orationis
2371 3008 2758 3073 obscenitas.

591 3123 668 3164 128
692 3116 813 3160 nec
855 3118 1007 3161 vero
1054 3099 1357 3166 audiendi
1402 3114 1550 3168 sunt
1588 3101 1820 3190 Cynici
1867 3116 1978 3170 aut
2013 3105 2067 3170 si
2102 3105 2216 3188 qui
2247 3104 2512 3169 fuerunt
2548 3101 2754 3168 Stoici

690 3211 895 3274 paene
956 3191 1195 3276 cynici,
1250 3196 1364 3279 qui
1414 3199 1894 3284 reprehendunt
1947 3210 2012 3264 et
2061 3200 2370 3275 inrident,
2424 3197 2600 3280 quod
2659 3219 2758 3273 ea,

692 3302 859 3366 quae
905 3287 1119 3371 turpia
1160 3310 1289 3355 non
1327 3291 1482 3370 sint,
1528 3293 1896 3358 nominibus
1930 3293 2248 3380 flagitiosa
2283 3292 2601 3368 dicamus,
2645 3290 2758 3356 illa

694 3390 941 3458 autem,
1002 3402 1169 3465 quae
1231 3387 1443 3472 turpia
1504 3389 1660 3464 sint,
1722 3389 2087 3453 nominibus
2151 3388 2548 3474 appellemus
2602 3386 2756 3450 suis.

693 3471 1076 3554 latrocinari,
1113 3477 1445 3559 fraudare,
1484 3482 1843 3548 adulterare
1878 3505 1948 3549 re
1984 3494 2170 3568 turpe
2207 3493 2334 3558 est,
2371 3481 2488 3547 sed
2523 3479 2756 3546 dicitur

693 3587 823 3632 non
865 3569 1171 3650 obscene,
1225 3573 1443 3640 liberis
1488 3574 1640 3640 dare
1688 3599 1950 3662 operam
1985 3597 2054 3642 re
2089 3576 2431 3641 honestum
2468 3585 2596 3650 est,
2632 3592 2754 3638 no-

694 3661 865 3727 mine
911 3665 1287 3745 obscenum;
1339 3667 1707 3753 pluraque
1689 3693 1756 3734 m
1792 3693 1934 3736 eam
1977 3671 2357 3736 sententiam
2391 3669 2478 3733 ab
2514 3667 2754 3734 eisdem

692 3768 917 3822 contra
972 3761 1428 3825 verecundiam
1489 3763 1914 3850 disputantur.
2012 3787 2130 3830 nos
2194 3774 2410 3830 autem
2455 3774 2756 3828 naturam

694 3871 1041 3934 sequamur
1082 3865 1148 3918 et
1182 3854 1267 3918 ab
1302 3855 1505 3934 omni,
1554 3860 1726 3943 quod
1761 3859 2061 3924 abhorret
2095 3860 2181 3923 ab
2216 3859 2546 3924 oculorum
2581 3856 2754 3920 auri·-

695 3965 935 4028 umque
988 3948 1472 4034 adprobatione,
1522 3952 1881 4038 fugiamus:
1935 3963 2137 4019 status
2180 3951 2498 4029 incessuS,
2547 3950 2752 4016 sessio

693 4040 1041 4116 accubitio,
1078 4043 1286 4108 voltus
1324 4045 1523 4122 oculi,
1558 4067 1868 4112 manuum
1903 4058 2116 4112 motus
2152 4058 2410 4112 teneant
2444 4044 2606 4109 illud
2643 4043 2758 4108 de-
