3292 4559
935 273 1042 327 DE
1077 268 1409 337 DEORUM
1441 270 1769 327 NATURA
1802 269 1850 323 I.
1885 272 2126 325 42—49.
2483 258 2567 323 17

507 399 564 463 si
617 397 710 463 ita
763 406 889 473 est,
942 418 1092 467 vere
1137 394 1426 480 exposita
1475 392 1587 459 illa
1629 392 1944 461 sententia
1990 405 2087 459 est
2134 394 2217 458 ab
2260 393 2565 480 Epicuro,

506 492 684 578 quod
718 492 978 557 beatum
1013 500 1473 573 aeternumque
1511 488 1620 569 sit,
1666 488 1735 551 id
1779 511 1899 559 nec
1934 487 2172 555 habere
2207 489 2419 575 ipsum
2452 514 2565 557 ne-

504 586 668 673 gotii
701 585 1046 670 quicquam
1079 606 1200 649 nec
1235 582 1537 649 exhibere
1573 582 1783 659 alteri,
1830 582 2046 666 itaque
2080 604 2289 668 neque
2322 584 2419 661 ira
2452 609 2566 653 ne-

505 703 634 765 que
669 680 880 767 gratia
912 679 1144 757 teneri,
1180 678 1354 761 quod
1388 698 1554 761 quae
1588 676 1742 741 talia
1778 686 1988 742 essent
2020 678 2319 745 inbecilla
2354 692 2566 745 essent

507 776 742 841 omnia.
831 775 886 839 si
920 773 1078 839 nihil
1115 773 1290 837 aliud
1325 793 1779 857 quaereremus
1813 771 1935 835 nisi
1971 783 2043 835 ut
2069 772 2221 839 deos
2256 771 2362 858 pie
2398 774 2565 839 cole-

505 892 726 935 remus
763 880 826 934 et
858 878 932 933 ut
968 866 1414 953 superstitione
1447 865 1894 942 liberaremur,
1932 866 2083 931 satis
2120 879 2257 931 erat
2290 866 2562 945 dictum3

505 986 662 1027 nam
697 974 760 1029 et
802 972 1134 1047 praestans
1168 959 1434 1025 deorum
1477 970 1708 1024 natura
1748 959 2081 1025 hominum
2122 960 2361 1045 pietate
2396 962 2565 1028 cole-

507 1066 714 1134 retur,
761 1077 911 1119 cum
947 1066 1010 1121 et
1045 1053 1302 1119 aeterna
1337 1065 1505 1118 esset
1538 1062 1602 1117 et
1644 1052 2013 1119 beatissima
2044 1089 2132 1103 -
2164 1052 2360 1119 habet
2395 1053 2566 1120 enim

509 1150 989 1217 venerationem
1020 1149 1258 1214 iustam
1301 1148 1606 1232 quicquid
1641 1147 1894 1213 excellit
1924 1184 2039 1225 --,
2078 1160 2143 1212 et
2183 1158 2393 1213 metus
2430 1169 2566 1212 om-

507 1243 610 1312 nis
646 1266 687 1309 a
723 1245 788 1309 vi
823 1254 1016 1329 atque
1051 1243 1148 1307 ira
1184 1242 1448 1307 deorum
1484 1242 1709 1327 pulsus
1747 1252 1941 1320 esset3
1978 1242 2366 1329 intellegitur
2392 1240 2563 1307 enim

507 1362 550 1403 a
584 1338 774 1405 beata
807 1336 1253 1420 inmortalique
1278 1346 1508 1401 natura
1533 1346 1599 1401 et
1630 1336 1793 1401 iram
1822 1346 1885 1400 et
1916 1336 2192 1421 gratiam
2220 1336 2564 1423 segregari,

507 1429 744 1517 quibus
787 1431 1044 1497 remotis
1089 1430 1297 1497 nullos
1344 1454 1384 1495 a
1429 1430 1675 1515 superis
1717 1430 2065 1516 inpendere
2116 1440 2343 1495 metus.
2451 1430 2565 1495 sed

509 1528 596 1593 ad
655 1526 824 1593 hanc
879 1526 1378 1599 confirmandam
1431 1524 1794 1610 opinionem
1859 1526 2137 1609 anquirit
2197 1526 2447 1591 animus
2502 1534 2565 1590 et

507 1621 782 1687 formam
817 1636 881 1687 et
916 1620 1086 1686 vitae
1123 1620 1439 1685 actionem
1473 1619 1833 1703 mentisque
1870 1620 2283 1705 agitationem
2316 1621 2383 1685 in
2420 1620 2561 1685 dec.

764 1719 870 1783 Ac
905 1718 985 1783 de
1021 1718 1230 1783 forma
1265 1716 1525 1800 quidem
1559 1715 1793 1801 partim
1826 1726 2057 1780 natura
2088 1737 2206 1781 nos
2242 1716 2561 1791 admonet,
2598 1705 2667 1819 ff

505 1812 739 1899 partim
781 1812 942 1876 ratio
989 1811 1202 1877 docet:
1255 1832 1408 1873 nam
1453 1832 1493 1873 a
1535 1819 1767 1873 natura
1808 1808 2121 1873 habemus
2170 1832 2391 1875 omnes
2428 1831 2564 1874 om-

506 1907 686 1971 nium
723 1904 1014 1989 gentium
1049 1904 1327 1987 speciem
1359 1903 1602 1966 nullam
1638 1902 1831 1965 aliam
1865 1901 1989 1965 nisi
2022 1901 2373 1967 humanam
2410 1902 2561 1967 deo-

505 2022 684 2075 rum3
721 2019 886 2079 quae
914 1996 1083 2061 enim
1109 1996 1316 2059 forma
1341 1994 1465 2059 alia
1493 1995 1767 2060 occurrit
1800 2016 2105 2078 umquam
2136 2006 2249 2059 aut
2271 1995 2563 2079 vigilanti

509 2091 813 2175 cuiquam
859 2100 971 2155 aut
1019 2087 1393 2153 dormienti?
1453 2088 1598 2163 sed,
1650 2110 1732 2153 ne
1780 2087 1995 2153 omnia
2046 2100 2425 2155 revocentur
2478 2088 2561 2154 ad

507 2185 746 2271 primas
782 2184 1092 2261 notiones,
1127 2183 1289 2249 ratio
1322 2183 1445 2248 hoc
1477 2182 1651 2248 idem
1685 2182 1827 2267 ipsa
1862 2182 2171 2247 declaratx
2226 2205 2378 2247 nam
2413 2204 2560 2247 cum
2602 2198 2655 2239 4⁷

507 2278 1140 2367 praestantissumam
1180 2286 1506 2353 naturam,
1561 2276 1665 2341 vel
1710 2276 1863 2360 quia
1904 2274 2097 2343 beata
2130 2288 2226 2341 est
2271 2276 2374 2341 vel
2410 2275 2563 2360 quia

509 2373 922 2460 sempiterna,
977 2370 1316 2440 convenire
1367 2370 1661 2435 videatur
1706 2370 1977 2438 eandem
2021 2393 2161 2445 esse
2212 2370 2565 2457 pulcherri-

507 2491 706 2545 mam,
770 2488 937 2551 quae
991 2465 1341 2552 conpositio
1394 2464 1828 2530 membrorum
1842 2512 1859 2541 ,
1924 2486 2089 2547 quae
2143 2464 2559 2530 conformatio

507 2562 1040 2637 liniamentorum,
1077 2581 1244 2644 quae
1277 2559 1514 2644 figura,
1553 2580 1721 2641 quae
1758 2558 1999 2643 species
2035 2560 2317 2624 humana
2351 2570 2562 2645 potest

509 2680 648 2723 esse
682 2654 1044 2743 pulchrior?
1088 2678 1202 2719 vos
1239 2653 1520 2737 quidem,
1556 2652 1794 2731 Lucili,
1832 2653 2046 2719 soletis
2064 2689 2152 2699 ——
2177 2676 2331 2717 nam
2368 2651 2561 2718 Cotta

506 2774 688 2817 meus
723 2750 914 2815 modo
949 2749 1090 2825 hoc,
1126 2748 1316 2813 modo
1353 2747 1513 2812 illud
1546 2784 1663 2823 —,
1700 2769 1849 2811 cum
1884 2747 2219 2813 artificium
2256 2746 2561 2831 effingitis

507 2844 946 2927 fabricamque
983 2844 1286 2920 divinam,
1325 2863 1520 2926 quam
1555 2841 1681 2906 sint
1708 2841 1922 2909 omnia
1944 2842 2013 2907 in
2046 2840 2317 2908 hominis
2352 2840 2563 2927 figura

507 2959 637 3004 non
679 2938 872 3003 modo
907 2938 992 3007 ad
1032 2960 1254 3014 usum,
1308 2958 1534 3002 verum
1577 2936 1769 3002 etiam
1814 2937 1899 3001 ad
1943 2946 2344 3003 venustatem
2390 2947 2560 3021 apta,

510 3031 896 3097 describere:
951 3031 1126 3115 quod
1171 3032 1228 3095 si
1262 3032 1546 3095 omnium
1595 3031 2013 3095 animantium
2056 3031 2331 3097 formam
2364 3031 2561 3096 vincit
2602 3044 2655 3084 48

507 3124 782 3193 hominis
817 3124 1056 3211 figura,
1111 3124 1269 3206 deus
1307 3136 1520 3190 autem
1558 3125 1846 3191 animans
1883 3136 2007 3203 est,
2062 3148 2140 3191 ea
2172 3123 2394 3213 figura'
2415 3148 2564 3213 pro-

507 3219 674 3285 fecto
728 3231 852 3297 est,
913 3241 1081 3303 quae
1132 3218 1560 3307 pulcherrima
1613 3231 1710 3285 est
1762 3220 2077 3298 omnium,
2131 3221 2561 3305 quoniamque

509 3313 661 3379 deos
713 3314 1114 3382 beatissimos
1169 3336 1309 3379 esse
1364 3324 1640 3392 constat,
1696 3313 1919 3379 beatus
1972 3325 2187 3380 autem
2240 3338 2379 3381 esse
2424 3312 2560 3379 sine

508 3406 738 3473 virtute
773 3430 962 3474 nemo
1008 3418 1218 3494 potest
1251 3431 1372 3474 nec
1416 3408 1618 3473 virtus
1665 3408 1801 3474 sine
1836 3408 2079 3476 ratione
2116 3420 2405 3473 constare
2440 3426 2561 3471 nec

507 3502 666 3567 ratio
701 3523 976 3587 usquam
1010 3502 1220 3569 inesse
1255 3502 1380 3567 nisi
1411 3502 1480 3567 in
1515 3502 1789 3567 hominis
1825 3502 2062 3589 figura,
2109 3500 2381 3567 hominis
2419 3522 2557 3565 esse

509 3598 718 3684 specie
755 3598 908 3665 deos
945 3599 1380 3665 confitendum
1415 3611 1530 3665 est.
1617 3621 1738 3664 nec
1774 3609 1987 3664 tamen
2024 3622 2101 3665 ea
2136 3596 2381 3681 species
2418 3616 2557 3660 cor-
2600 3607 2653 3647 4⁹

507 3714 626 3779 pus
679 3704 809 3769 est,
861 3693 977 3759 scd
1018 3694 1204 3777 quasi
1256 3716 1516 3779 corpus,
1569 3715 1690 3759 nec
1734 3693 1929 3759 habet
1981 3691 2389 3777 sanguinem,
2444 3687 2559 3753 sed

508 3787 689 3870 quasi
725 3786 1121 3873 sanguinem.
1211 3787 1370 3852 haec
1405 3808 1797 3871 quamquam
1832 3798 1897 3851 et
1928 3786 2187 3851 inventa
2222 3794 2371 3849 sunt
2406 3804 2557 3848 acu·
2592 3795 2659 3849 19

509 3882 632 3947 tius
683 3892 750 3947 et
802 3881 972 3947 dicta
1024 3880 1318 3947 subtilius
1372 3882 1456 3947 ab
1507 3881 1790 3967 Epicuro
1848 3903 2041 3965 quam
2098 3890 2172 3943 ut
2222 3877 2431 3962 quivis
2486 3900 2565 3943 ea

507 3976 704 4061 possit
732 3998 1100 4062 agnoscere,
1136 3988 1349 4042 tamen
1374 3976 1578 4043 fretus
1611 3974 2048 4061 intellegentia
2080 3983 2292 4039 vestra
2319 3972 2559 4039 dissero

509 4066 761 4135 brevius
798 4092 1000 4156 quam
1026 4092 1222 4140 causa
1258 4070 1594 4141 desiderat.
1676 4068 1997 4155 Epicurus
2033 4079 2269 4147 autem,
2308 4068 2420 4154 qui
2454 4090 2557 4135 res

613 4169 827 4214 Ciceronis
845 4172 926 4215 vol.
951 4172 1034 4217 VII.
2154 4170 2188 4225 2
