3292 4559
1101 297 1218 358 DE·
1245 302 1574 360 OFFICIIS
1609 303 1687 358 H.
1726 304 1967 360 60—65.
2486 287 2614 390 69'·

507 451 812 514 eumque,
866 428 978 512 qui
1027 425 1254 504 faciat,
1301 448 1706 492 communem
1749 426 2001 492 hostem
2032 425 2410 492 tenuiorum
2453 447 2577 510 pu-

507 537 666 590 tant.
756 533 950 608 atque
996 522 1156 586 haec
1199 521 1566 606 benignitas
1613 521 1807 586 etiam
1850 521 1946 586 rei
1982 520 2279 606 publicae
2316 529 2415 585 est
2449 518 2587 584 uti--

505 620 609 696 lis,
645 617 872 683 redimi
907 640 944 682 e
980 616 1287 681 servitute
1324 625 1564 704 captos,
1602 615 1981 700 locupletari
2006 615 2361 682 tenuiores:
2400 613 2575 697 quod

507 713 772 796 quidem
816 711 1010 796 volgo
1059 709 1314 774 solitum
1357 709 1495 774 fieri
1541 711 1624 774 ab
1670 709 1894 775 ordine
1929 722 2149 774 nostro
2184 708 2252 774 in
2289 707 2578 772 oratione

510 805 732 872 Crassi
777 805 1088 890 scriptum
1131 803 1389 888 copiose
1437 803 1753 869 videmus.
1844 804 2012 868 hanc
2065 824 2189 888 ego
2236 812 2580 868 consuetu-

509 902 729 970 dinem
774 899 1187 986 benignitatis
1235 897 1564 983 largitioni
1605 921 1949 963 munerum
1993 898 2187 982 long-e
2224 907 2543 981 antepono
2556 921 2583 967 ς·

511 996 670 1060 haec
707 1005 807 1060 est
841 992 1137 1078 gravium
1173 991 1506 1055 hominum
1537 1001 1735 1074 atque
1780 1012 2192 1076 magnorum,
2238 990 2348 1054 illa
2393 990 2577 1072 quasi

511 1089 995 1154 adsentatorum
1055 1084 1310 1171 populi,
1373 1085 1801 1150 multitudinis
1863 1084 2187 1150 levitatem
2249 1084 2577 1168 voluptate

512 1182 702 1266 quasi
737 1179 1148 1246 titillantium.
1220 1179 1558 1244 conveniet
1594 1191 1811 1244 autem
1848 1201 1997 1244 cum
2028 1180 2099 1244 in
2128 1178 2343 1244 dando
2370 1177 2581 1242 muni*-
2612 1197 2663 1236 64
2736 1233 2742 1240 .

513 1273 708 1342 ficum
745 1294 888 1342 esse
922 1287 1061 1340 tum
1095 1274 1164 1338 in
1199 1274 1518 1360 exigendo
1551 1295 1684 1340 non
1720 1275 2024 1340 acerbum
2070 1275 2137 1340 in
2172 1272 2473 1356 omnique
2506 1295 2583 1336 re

515 1369 950 1437 contrahenda
963 1417 983 1447 ‚
1046 1369 1392 1434 vendundo
1446 1370 1749 1447 emendo,
1814 1368 2231 1435 conducendo
2283 1367 2579 1442 locando-,-

513 1464 949 1532 vicinitatibus
983 1474 1052 1530 et
1087 1463 1376 1528 confiniis
1387 1509 1406 1540 ,
1443 1485 1725 1547 aequum
1740 1511 1761 1541 ,
1792 1462 2079 1540 facilem,
2126 1462 2329 1527 multa
2362 1459 2580 1526 multis

513 1562 596 1626 de
633 1581 750 1626 suo
785 1561 928 1625 iure
961 1559 1294 1624 cedentem
1309 1606 1328 1635 ,
1373 1580 1414 1623 a
1447 1557 1669 1624 litibus
1712 1581 1897 1634 vero,
1944 1568 2259 1641 quantum
2292 1557 2482 1622 liceat
2500 1555 2580 1620 'et

513 1655 730 1721 nescio
783 1677 868 1718 an
917 1653 1114 1738 paulo
1155 1651 1302 1738 plus
1349 1652 1542 1717 etiam
1583 1673 1783 1736 quam
1826 1653 2048 1728 liceat,
2102 1649 2549 1716 abhorrentem
2557 1671 2577 1722 ,ς

513 1761 614 1815 est
667 1748 838 1813 enim
889 1767 1021 1810 non
1063 1747 1256 1810 modo
1301 1746 1564 1810 liberale
1607 1746 1873 1831 paulum
1919 1768 2051 1810 non
2100 1763 2454 1826 numquam
2497 1741 2579 1806 de
2658 1790 2663 1796 .

515 1863 636 1907 suo
672 1842 810 1906 iure
833 1840 1184 1916 decedere,
1223 1840 1338 1905 sed
1373 1839 1696 1905 interdum
1732 1839 1925 1904 etiam
1960 1839 2383 1904 fructuosum.
2464 1835 2579 1903 ha·-
2648 1847 2669 1864 ¹

517 1935 730 2002 benda
773 1945 990 2008 autem
1033 1935 1196 1998 ratio
1243 1945 1342 1999 est
1384 1934 1479 1998 rei
1523 1933 1885 2010 familiaris,
1932 1953 2127 2017 quam
2173 1931 2434 2015 quidem
2470 1929 2581 1994 de—

517 2031 651 2096 labi
685 2029 894 2094 sinere
930 2029 1324 2114 flagitiosum
1359 2038 1476 2105 est,
1513 2028 1630 2094 sed
1662 2029 1783 2106 ita,
1818 2040 1892 2093 ut
1924 2025 2393 2094 inliberalitatis
2429 2047 2580 2094 ava-.-

515 2119 824 2208 ritiaeque
844 2206 852 2213 „
871 2123 1038 2187 absit
1082 2122 1380 2208 suspitio:
1431 2144 1620 2208 posse
1669 2123 1840 2188 enim
1883 2121 2265 2186 liberalitate
2309 2119 2405 2184 uti
2452 2140 2581 2183 non

514 2219 898 2306 spoliantem
940 2239 1012 2282 se
1058 2217 1440 2303 patrimonio
1485 2217 1791 2282 nimirum
1831 2228 1933 2282 est
1972 2214 2286 2302 pecuniae
2330 2213 2579 2280 finctus

516 2312 857 2378 maximus.
945 2322 1118 2378 recte
1173 2311 1367 2376 etiam
1421 2335 1460 2376 a
1503 2311 1957 2397 Theophrasto
2010 2321 2107 2375 est
2157 2308 2419 2374 laudata
2463 2307 2580 2372 ho·-

517 2406 830 2494 spitalitas
840 2431 858 2485 3
897 2416 995 2472 est
1029 2405 1222 2483 enim,
1259 2417 1332 2471 ut
1365 2405 1523 2470 mihi
1558 2406 1821 2490 quidem
1856 2405 2129 2481 videtur,
2164 2403 2355 2469 valde
2392 2402 2581 2468 deeo-

513 2525 662 2566 rum
708 2512 930 2588 patere
977 2501 1210 2565 domus
1253 2500 1585 2566 hominum
1618 2500 1985 2565 inlustrium
2018 2497 2379 2583 hospitibus
2414 2495 2582 2562 inlu-‚-

517 2596 756 2661 stribus
793 2592 988 2680 idque
1025 2593 1218 2661 etiam
1254 2595 1350 2661 rei
1384 2593 1683 2680 publicae
1720 2607 1815 2660 est
1851 2603 2254 2669 ornamentO,
2290 2591 2581 2658 homines

517 2701 820 2755 externos
881 2689 1004 2754 hoc
1067 2690 1466 2754 liberalitatis
1526 2710 1764 2776 genere
1826 2689 1895 2752 in
1954 2687 2115 2752 urbe
2176 2697 2395 2752 nostra
2454 2705 2585 2749 non

519 2805 732 2868 egere.
825 2795 922 2848 est
975 2794 1218 2848 autem'
1247 2784 1440 2848 etiam
1494 2783 1907 2848 vehementer
1950 2781 2107 2846 utile
2149 2780 2227 2845 iis
2240 2826 2259 2855 ,
2314 2779 2426 2862 qui
2468 2777 2585 2842 ho—

519 2888 702 2942 neste
749 2897 938 2960 posse
977 2875 1257 2940 multum
1299 2878 1552 2954 volunt,
1598 2899 1715 2962 per
1756 2875 2041 2961 hospites
2077 2873 2249 2959 apud
2288 2883 2583 2938 externos

521 2969 796 3056 populos
841 2969 1057 3034 valere
1103 2969 1334 3055 opibus
1377 2981 1442 3035 et
1486 2969 1713 3054 gratia.
1802 2967 2287 3053 Theophrastus
2324 2964 2585 3050 quidem

521 3064 777 3141 scribit,
823 3060 1164 3128 Cimonem
1195 3062 1537 3149 [Athenis]
1575 3063 1771 3129 etiam
1813 3062 1883 3128 in
1930 3085 2079 3128 suos
2128 3061 2383 3127 curialis
2422 3059 2587 3148 [La-

522 3157 770 3244 ciadas]
819 3157 1202 3243 hospitalem
1249 3157 1478 3224 fuisse:
1531 3158 1624 3222 ita
1668 3159 1839 3224 enim
1886 3157 2235 3222 instituisse
2283 3167 2347 3222 et
2382 3155 2585 3221 vilicis

521 3252 959 3338 imperavisse,
995 3261 1070 3314 ut
1103 3251 1318 3317 omnia
1351 3252 1811 3337 praeberentur
1844 3252 2237 3336 quicumque
2264 3249 2585 3316 Laciades

521 3348 591 3411 in
626 3347 846 3412 villam
883 3367 1068 3411 snam
1103 3345 1501 3412 devertisset.

656 3437 844 3522 Quae
888 3452 1104 3506 autem
1151 3461 1373 3527 opera,
1415 3462 1546 3506 non
1590 3439 1927 3526 largitione
1972 3437 2285 3504 beneficia
2330 3437 2584 3513 dantur,
2620 3418 2691 3532 ἓξ

523 3537 687 3602 haec
739 3547 879 3602 tum
930 3535 999 3600 in
1042 3536 1407 3602 universam
1449 3557 1588 3602 rem
1634 3535 1962 3622 publicam
2004 3545 2146 3598 tum
2186 3533 2257 3598 in
2299 3531 2585 3617 singulos

523 3632 685 3697 civis
735 3629 1172 3697 conferuntur.
1259 3651 1412 3696 nam
1451 3628 1521 3696 in
1563 3630 1703 3696 iure
1740 3649 1967 3694 cavere
2007 3625 2305 3712 [consilio
2334 3621 2586 3710 iuvare]

527 3737 721 3808 atque
767 3725 890 3791 hoc
938 3725 1238 3792 scientiae
1287 3747 1523 3812 genere
1569 3722 1875 3810 prodesse
1921 3744 2117 3806 quam
2152 3718 2441 3806 plurimis
2479 3739 2589 3784 ve-

529 3819 860 3886 hementer
905 3831 970 3887 et
1013 3820 1097 3886 ad
1141 3839 1296 3906 opes
1344 3819 1675 3906 augendas
1728 3817 2007 3904 pertinet
2058 3826 2122 3882 et
2164 3815 2251 3880 aad
2294 3813 2587 3900 gratiam.

529 3913 746 3996 itaque
787 3937 936 3980 cum
980 3916 1184 3980 mul-ta
1225 3916 1554 4001 praeclara
1597 3913 1913 3978 maiorum
1960 3923 2099 3978 tum
2141 3909 2317 3994 quod
2348 3908 2590 3994 optime

531 4007 860 4072 constituti
920 4009 1078 4074 iuris
1139 4009 1344 4075 civilis
1405 4029 1657 4074 summo
1720 4029 1978 4092 semper
2035 4005 2103 4070 in
2167 4004 2407 4072 honore
2468 4000 2592 4066 fuit

533 4099 814 4185 cognitio
867 4112 1060 4187 atque
1109 4103 1580 4190 interpretati03
1651 4124 1849 4187 quam
1900 4099 2161 4186 quidem
2222 4109 2371 4164 ante
2424 4097 2591 4168 hano
