3292 4559
1094 257 1202 312 nn
1240 255 1571 312 crmcns
1601 255 1711 311 111.
1744 255 1984 313 29—35.
2478 247 2560 328 εἰ

504 396 644 452 tate
688 381 1240 451 exterminandum
1287 391 1402 445 est.
1491 379 1757 456 etenim,
1805 391 1877 444 ut
1922 380 2209 446 membra
2242 381 2563 465 quaedam

507 488 948 567 amputantur,
1009 476 1064 540 si
1125 486 1188 540 et
1249 475 1390 567 ipsa
1451 473 1763 560 sanguine
1820 485 1885 543 et
1948 485 2275 558 tamquam
2336 477 2562 563 spiritu

505 597 726 643 carere
787 581 1134 658 coeperunt
1195 579 1256 634 et
1317 579 1554 636 nocent
1601 567 1865 652 reliquis
1914 570 2203 654 partibus
2256 575 2561 659 corporiS,

503 673 600 738 sic
643 671 766 735 ista
807 668 876 734 in
921 667 1130 753 figura
1171 663 1448 730 hominis
1479 663 1711 750 -qferitas
1758 675 1823 730 et
1866 664 2205 732 inmanitas
2249 665 2476 735 beluae
2522 693 2565 736 a

501 762 830 831 communi
873 772 1204 844 tamquam
1247 757 1661 825 humanitatis
1708 779 1973 844 corpore
2008 762 2409 846 segreganda
2442 773 2557 828 est.

498 859 696 924 huius
739 855 992 944 generis
1037 853 1444 938 quaestiones
1479 863 1626 918 sunt
1664 875 1885 921 omnes
1920 875 2063 930 eae,
2104 854 2175 920 in
2211 857 2444 938 quibus
2480 881 2559 924 ex
2660 927 2665 933 ,

499 965 792 1038 tempore
829 949 1114 1014 officium
1151 947 1524 1031 exquiritur.

634 1044 810 1110 Eius
841 1041 1016 1108 modi
1057 1041 1256 1127 igitur
1299 1040 1491 1106 credo
1525 1061 1628 1106 res
1662 1039 2045 1106 Panaetium
2078 1052 2559 1126 persecuturum
2603 1036 2653 1148 3⁷³

499 1139 736 1214 fuisse,
793 1135 917 1202 nisi
977 1135 1236 1220 aliqui
1243 1127 1430 1200 casus
1484 1144 1597 1202 aut
1647 1134 1981 1220 occupatio
2036 1134 2172 1200 eius
2227 1135 2561 1204 consilium

498 1232 904 1320 peremisset3
977 1230 1062 1296 ad
1124 1251 1284 1314 quas
1345 1228 1518 1314 ipsas
1581 1228 2076 1294 consultat-iones
2128 1229 2559 1340 superioribus

497 1327 680 1392 libris
729 1325 884 1391 satis
919 1324 1122 1390 multa
1155 1333 1498 1409 praecepta
1511 1333 1680 1400 sunt,
1696 1345 1776 1390 ex
1786 1323 2019 1407 qu1bus
2026 1345 2303 1409 perspici
2336 1325 2557 1411 possit,

499 1421 660 1506 quid
705 1420 787 1487 sit
831 1429 1094 1506 propter
1126 1416 1586 1503 turpitudinem
1621 1416 2031 1502 fugiendum,
2076 1417 2235 1502 quid
2268 1418 2350 1484 sit
2384 1419 2559 1504 quod

497 1515 738 1581 idcirco
782 1513 1166 1599 fugiendum
1210 1533 1341 1578 non
1385 1513 1498 1588 sit,
1545 1511 1720 1595 quod
1765 1511 2023 1578 omnino
2071 1523 2257 1598 turpe
2290 1535 2421 1579 non
2456 1515 2555 1581 sit.

499 1610 616 1676 sed
652 1608 954 1694 quoniam
989 1608 1167 1694 operi
1199 1606 1520 1683 inchoato,
1535 1661 1540 1665 .
1555 1627 1757 1691 prope
1792 1616 2009 1672 tamen
2044 1606 2357 1686 absolute,
2394 1618 2557 1674 tam-

500 1726 696 1788 quam
759 1703 1091 1788 fastigium
1151 1701 1548 1787 inponimus,
1609 1711 1685 1766 ut
1746 1710 2111 1785 geometrae
2173 1701 2378 1766 solent
2428 1724 2556 1767 non

499 1798 717 1862 omnia
761 1798 990 1863 docere
1003 1843 1022 1873 ,
1069 1796 1184 1861 sed
1217 1795 1544 1881 postulare
1579 1805 1654 1859 ut
1688 1792 2004 1878 quaedam
2042 1793 2167 1862 sibi
2201 1796 2558 1864 concedan-

495 1903 633 1969 tur,
698 1913 825 1975 quo
878 1890 1132 1955 facilius
1185 1911 1352 1974 quae
1403 1887 1631 1954 volunt
1682 1887 2034 1972 explicent,
2084 1887 2174 1953 sic
2229 1911 2349 1974 ego
2402 1914 2443 1958 a
2492 1902 2555 1958 te

499 1986 774 2073 postule,
827 1984 919 2049 mi
973 1980 1232 2060 Cicer0,
1297 1993 1370 2047 ut
1419 1981 1578 2048 mihi
1629 1981 1975 2058 concedas,
2028 1982 2081 2047 si
2132 1993 2346 2068 potes,
2398 1985 2557 2050 nihil

500 2091 758 2166 praeter
789 2080 890 2158 id,
937 2078 1112 2163 quod
1145 2077 1486 2144 honestum
1523 2077 1636 2154 sit,
1680 2088 1938 2164 propter
1972 2099 2041 2144 se
2078 2100 2219 2144 esse
2254 2090 2557 2165 expeten-

501 2174 685 2253 dum3
739 2173 838 2240 sin
889 2173 1012 2239 hoc
1061 2194 1191 2238 non
1241 2173 1392 2240 licet
1443 2193 1560 2257 per
1607 2168 2021 2258 Cratippum,
2072 2182 2138 2239 at
2182 2173 2341 2258 illud
2386 2187 2556 2242 certe

498 2269 712 2346 dabis,
767 2268 942 2353 quod
993 2268 1334 2334 honestum
1381 2266 1492 2344 sit,
1537 2265 1605 2330 id
1652 2289 1791 2332 esse
1838 2289 2137 2333 maxume
2180 2278 2442 2356 propter
2486 2292 2555 2334 se

499 2363 946 2449 expetendum.
1033 2362 1194 2426 mihi
1243 2361 1556 2427 utrumvis
1611 2360 1764 2426 satis
1813 2371 1909 2426 est
1952 2371 2019 2426 et
2070 2372 2207 2426 tum
2249 2363 2373 2430 hoc
2420 2376 2555 2436 tum

495 2458 655 2524 illud
705 2457 1098 2544 probabilius
1151 2456 1406 2522 videtur
1455 2477 1576 2521 nec
1627 2466 1961 2542 praeterea
2010 2456 2353 2540 quicquam
2408 2481 2555 2544 pro-

495 2552 726 2618 babile.
816 2573 893 2616 ac
935 2551 1214 2637 primum
1259 2550 1327 2614 in
1372 2549 1495 2616 hoc
1538 2549 1889 2616 Panaetius
1942 2549 2381 2620 defendendus
2438 2565 2552 2632 est,
2588 2571 2640 2610 ³4

497 2646 667 2730 quod
711 2668 842 2711 non
884 2646 1066 2710 utilia
1109 2667 1258 2710 cum
1301 2644 1583 2711 honestis
1635 2666 1927 2731 pugnare
1978 2645 2321 2730 aliquando
2354 2669 2551 2732 ,posse

497 2737 724 2810 dixerit
755 2775 846 2786 —-
877 2761 1088 2822 neque
1123 2739 1296 2804 enim
1329 2740 1392 2804 ei
1424 2739 1524 2804 fas
1561 2751 1699 2804 erat
1729 2773 1844 2815 —,
1883 2739 1997 2804 sed
2032 2763 2138 2817 ea,
2174 2763 2338 2824 quae
2375 2741 2553 2808 vide·

496 2852 711 2898 rentur
772 2833 954 2898 utilia
964 2857 982 2908 3
1053 2832 1210 2896 nihil
1262 2854 1418 2898 vero
1470 2832 1655 2908 utile,
1719 2832 1893 2916 quod
1952 2855 2082 2898 non
2130 2834 2319 2908 idem
2354 2835 2551 2902 hone-

497 2937 696 3003 stum,
740 2925 898 2990 nihil
944 2926 1317 3003 honestum,
1363 2924 1536 3010 quod
1581 2947 1712 2990 non
1762 2926 1937 2992 idem
1988 2927 2143 2992 utile
2196 2929 2307 3007 sit,
2358 2952 2551 3016 saepe

495 3030 764 3088 testatur
797 3029 1118 3106 negatque
1155 3021 1352 3086 ullam
1387 3030 1634 3105 pestem
1668 3020 1977 3086 maiorem
2011 3021 2079 3086 in
2112 3023 2310 3093 vitam
2345 3023 2549 3090 homi-

491 3137 650 3181 num
681 3114 992 3180 invasisse
1027 3136 1222 3198 quam
1259 3137 1480 3180 eorum
1514 3113 1902 3200 opinionem,
1938 3115 2051 3201 qui
2084 3117 2213 3200 ista·
2240 3117 2549 3185 distraxe-

494 3209 636 3275 rint.
741 3209 960 3293 itaque
1019 3209 1178 3286 non,
1239 3218 1314 3272 ut
1375 3208 1717 3293 aliquando
1777 3219 2310 3296 anteponeremus·
2370 3214 2549 3279 utilia

495 3303 805 3380 honestis,
877 3301 992 3370 sed
1061 3313 1136 3368 ut
1205 3325 1348 3368 eam
1418 3302 1556 3368 sine
1627 3326 1837 3370 errore
1900 3303 2421 3384 diiudicaremus,
2494 3309 2549 3371 si

495 3398 748 3484 quando
783 3397 1128 3476 incidisset,
1163 3397 1418 3462 induxit
1453 3421 1615 3476 eam,
1652 3419 1817 3482 quae
1853 3398 2175 3464 videretur
2212 3421 2349 3467 esse
2360 3446 2379 3477 ,
2416 3421 2547 3466 non

495 3515 660 3579 quae
701 3503 896 3570 esset,
941 3493 1454 3580 repugnantiam.
1544 3493 1712 3560 hanc
1746 3493 1945 3579 igitur
1976 3502 2227 3578 partem
2260 3495 2545 3560 relictam

497 3588 889 3674 explebimus
941 3588 1132 3654 nullis
1187 3588 1620 3666 adminiculis,
1684 3588 1827 3666 sed,
1892 3598 1965 3652 ut
2018 3587 2278 3665 dicitur,
2328 3588 2545 3656 Marte

495 3694 734 3760 nostr03
803 3703 1012 3767 neque
1076 3682 1247 3749 enim
1311 3683 1657 3768 quicquam
1708 3693 1809 3748 est
1858 3682 1940 3748 de
1992 3682 2115 3749 hac
2164 3693 2346 3768 parte
2399 3694 2544 3768 post

495 3776 872 3843 Panaetium
925 3778 1343 3862 explicatum,
1397 3777 1572 3861 quod
1624 3776 1885 3861 quidem
1938 3776 2098 3842 mihi
2143 3777 2541 3862 probaretur,

499 3867 625 3934 de
605 3870 707 3947 fis,
737 3892 904 3955 quae
939 3871 1007 3935 in
1041 3895 1270 3938 manus
1305 3895 1482 3938 meas
1518 3883 1846 3938 venerunt.

621 3960 792 4028 Cum
823 3964 1022 4050 igitur
1055 3967 1271 4052 aliqua
1303 3968 1549 4053 species
1584 3966 1875 4032 utilitatis
1912 3966 2161 4032 obiecta
2196 3977 2319 4043 est,
2366 3987 2535 4031 com·
2582 3947 2633 4058 385

497 4056 731 4123 moveri
765 4078 1024 4127 necesse
1061 4071 1188 4140 est3
1235 4060 1349 4128 sed
1383 4061 1458 4141 si,
1497 4083 1642 4128 cum
1681 4061 1965 4128 animum
2002 4059 2367 4139 attenderis,
2404 4071 2537 4136 tur-
