3292 4559
680 2052 735 2093 60

676 3086 731 3126 61

669 4063 739 4119 18

674 4136 729 4176 62

2690 0 2783 54 xrs*

2715 61 2734 115 i

2717 118 2730 165 ἲ

777 282 907 351 254
1396 292 1473 348 M.
1512 291 1788 349 TULLII
1821 290 2224 348 CICEROMS

774 422 1117 496 minorem,
1158 418 1507 485 Persarum
1550 439 1801 504 regem,
1860 414 2290 501 praestantem
2333 414 2596 502 ingenio
2641 429 2858 505 atque

772 516 1023 602 imperii
1058 513 1293 601 gloria,
1338 534 1489 577 cum
1523 510 1866 595 Lysander
1897 509 2482 589 Lacedaemoniun,
2527 512 2628 577 vir
2661 536 2857 579 sum-

773 632 919 675 mae
955 609 1227 685 virtutis,
1264 606 1545 673 venisset
1578 606 1664 670 ad
1701 627 1848 670 eum
1885 602 2106 671 Sardis
2143 604 2330 689 eique
2367 604 2538 670 dona
2571 630 2612 672 a
2647 610 2854 673 sociis

776 704 1120 780 attulisset,
1173 712 1239 768 et
1291 701 1516 767 ceteris
1568 700 1636 764 in
1687 700 1879 764 rebus
1927 720 2176 765 comem
2219 722 2373 786 erga
2419 698 2854 785 Lysandrum

776 810 971 883 atque
1005 798 1359 862 humanum
1393 795 1593 860 fuisse
1620 804 1686 859 et
1711 794 1772 859 ei
1807 794 2129 877 quendam
2153 807 2572 881 consaeptum
2606 819 2851 881 agrum

776 896 1114 981 diligenter
1160 892 1479 959 consitum
1525 890 1876 956 ostendisse
1887 915 1905 968 3
1961 912 2110 954 cum
2153 900 2369 956 autem
2411 891 2852 957 admiraretur

776 989 1119 1075 Lysander
1172 999 1239 1053 et
1286 984 1698 1073 proceritates
1743 986 2047 1049 arborum
2093 994 2156 1050 et
2201 984 2487 1050 derectos
2533 985 2598 1049 in
2647 988 2851 1069 quin-

774 1107 1047 1151 euncem
1098 1082 1351 1147 ordines
1406 1091 1471 1147 et
1531 1078 1802 1145 humum
1853 1080 2188 1143 subactam
2241 1090 2434 1163 atque
2485 1103 2716 1166 puram
2780 1095 2847 1145 et

776 1180 1157 1245 suavitatem
1184 1176 1472 1253 odorum,
1508 1176 1621 1259 qui
1657 1175 2044 1239 adflarentur
2077 1197 2158 1241 ex
2189 1174 2474 1250 floribus,
2509 1186 2648 1239 tum
2685 1198 2852 1240 eum

776 1275 1013 1339 dixisse
1048 1270 1265 1336 mirari
1301 1292 1370 1336 se
1406 1292 1536 1335 non
1562 1270 1754 1334 modo
1781 1270 2197 1355 diligentiam,
2233 1269 2351 1334 sed
2385 1270 2570 1334 etiam
2606 1271 2853 1335 soller-

774 1369 930 1433 tiam
975 1367 1141 1443 eius,
1190 1387 1228 1430 a
1262 1386 1389 1450 quo
1426 1376 1639 1430 essent
1683 1364 1795 1429 illa
1829 1364 2118 1429 dimensa
2161 1375 2354 1448 atque
2389 1362 2720 1450 discripta,
2781 1378 2854 1429 et

778 1458 1025 1547 Cyrum
1050 1459 1486 1544 respondisse.
1526 1459 1737 1543 ‘atqui
1761 1480 1886 1545 ego
1911 1458 2036 1524 ista
2061 1480 2204 1523 sum
2233 1459 2445 1522 omnia
2469 1458 2848 1536 dimensae,

774 1556 902 1621 mei
940 1565 1090 1621 sunt
1122 1554 1405 1632 ordines,
1454 1576 1603 1620 mea
1638 1552 1994 1638 discriptio,
2046 1553 2286 1619 multae
2331 1553 2520 1617 etiam
2562 1553 2846 1619 istarum

776 1651 1079 1717 arborum
1113 1671 1259 1715 mea
1292 1672 1490 1715 manu
1525 1661 1677 1715 sunt
1711 1648 1928 1714 satae!
1973 1660 2112 1713 tum
2132 1648 2542 1734 Lysandrum
2576 1650 2846 1715 intuen-

777 1759 908 1813 tem
934 1735 1294 1833 'purpuram
1329 1746 1465 1811 eius
1503 1756 1567 1811 et
1600 1745 1872 1810 nitorem
1906 1746 2188 1829 corporis
2225 1756 2648 1829 ornatumque
2673 1745 2849 1810 Per-

778 1841 981 1906 sicum
1015 1840 1215 1905 multo
1252 1861 1409 1905 auro
1444 1839 1789 1923 multisque
1823 1838 2094 1924 gemmis
2131 1838 2394 1905 dixisse:
2443 1846 2644 1903 ‘recte
2682 1860 2846 1904 vero

774 1946 871 2012 te,
920 1931 1123 2021 Cyre,
1177 1934 1437 2001 beatum
1480 1934 1728 2011 ferunt,
1781 1932 2084 2017 quoniam
2128 1933 2348 1997 virtuti
2391 1943 2540 1998 tuae
2575 1932 2849 1997 fortuna

778 2032 1116 2097 coniuncta
1152 2031 1285 2095 est.’
1375 2030 1498 2095 hac
1532 2030 1730 2116 igitur
1761 2028 2018 2093 fortuna
2051 2026 2179 2091 frui
2212 2028 2359 2093 licet
2397 2027 2679 2105 senibus,
2717 2051 2844 2093 nec

778 2139 953 2194 aetas
989 2126 1234 2212 inpedit
1269 2146 1397 2210 quo
1432 2125 1645 2189 minus
1683 2135 1746 2189 et
1779 2133 2136 2189 ceterarum
2169 2144 2384 2187 rerum
2411 2132 2476 2187 et
2507 2122 2576 2185 in
2604 2123 2842 2209 primis

778 2222 917 2309 agri
952 2221 1200 2287 colendi
1248 2220 1461 2286 studia
1507 2231 1840 2284 teneamus
1877 2238 2082 2302 usque
2119 2218 2202 2283 ad
2235 2218 2534 2283 ultimum
2579 2230 2841 2327 tempus

778 2315 1140 2382 senectutis.
1240 2314 1338 2379 Μ.
1384 2312 1645 2397 quidem
1691 2311 2023 2378 Valerium
2070 2308 2422 2377 Corvinum
2467 2313 2842 2421 accepimus

778 2410 861 2474 ad
896 2410 1315 2475 centesimum
1359 2430 1597 2472 annum
1642 2406 2048 2491 perduxisse,
2103 2428 2250 2471 cum
2299 2416 2468 2471 esset
2515 2417 2664 2471 acta
2704 2407 2842 2471 iam

774 2514 984 2569 aetate
1038 2504 1106 2569 in
1158 2502 1328 2588 agris
1382 2521 1619 2583 eosque
1671 2499 1910 2565 coleret
1918 2524 1937 2577 ;
1992 2500 2174 2565 cuius
2226 2500 2392 2566 inter
2443 2501 2727 2585 primum
2773 2514 2844 2566 et

774 2607 1030 2662 sextum
1082 2595 1482 2663 consulatum
1544 2616 1659 2658 sex
1709 2604 1776 2660 et
1835 2594 2265 2681 quadraginta
2318 2594 2468 2659 anni
2523 2594 2840 2661 interfue-

774 2703 953 2758 runt:
998 2694 1089 2757 ita
1133 2700 1443 2774 quantum
1480 2688 1757 2773 spatium
1793 2689 2016 2755 aetatis
2059 2689 2334 2753 maiores
2367 2688 2452 2753 ad
2487 2689 2838 2754 'senectutis

774 2786 1027 2851 initium
1062 2806 1201 2849 esse
1238 2782 1606 2860 voluerunt,
1663 2794 1878 2848 tantus
1921 2783 2014 2847 illi
2060 2804 2284 2865 cursus
2328 2782 2644 2847 honorum
2677 2784 2808 2848 fuit
2817 2809 2836 2859 3

774 2894 965 2964 atque
1000 2877 1189 2942 huius
1216 2888 1501 2943 extrema
1532 2888 1708 2944 aetas
1745 2876 1868 2943 hoc
1895 2876 2140 2942 beatior
2165 2898 2362 2960 quam
2386 2876 2618 2953 media,
2651 2878 2837 2961 quod

776 2971 1169 3037 auctoritatis
1203 2971 1485 3038 habebat
1520 2973 1689 3058 plus,
1725 2972 1962 3037 laboris
2001 2972 2240 3049 minus3
2277 2993 2442 3057 apex
2479 2982 2576 3035 est
2613 2983 2836 3037 autem

776 3066 1117 3131 senectutis
1154 3066 1520 3132 auctoritas.
1574 3077 1817 3150 quanta
1851 3065 1974 3130 fuit
2007 3065 2076 3131 in
2111 3064 2194 3129 L.
2217 3063 2500 3130 Caecilio
2528 3065 2834 3130 Metello!

774 3170 1013 3243 quanta
1030 3161 1098 3227 in
1135 3164 1201 3225 A.
1216 3161 1415 3226 Atilio
1436 3158 1762 3226 Calatino!
1782 3160 1849 3223 in
1866 3180 2059 3243 quem
2076 3158 2233 3224 illud
2254 3159 2561 3245 elogium:
2595 3166 2834 3224 ‘unum

772 3254 943 3320 hunc
968 3254 1280 3340 plurimae
1300 3255 1704 3321 consentiunt
1729 3264 1954 3339 gentes
1980 3253 2204 3339 populi
2229 3254 2603 3341 primarium
2629 3253 2836 3319 fuisse

772 3349 1022 3416 virum!
1119 3342 1345 3415 notum
1390 3359 1493 3414 est
1547 3370 1802 3413 carmen
1855 3348 2128 3414 incisum
2167 3349 2232 3413 in
2281 3349 2590 3434 sepulcro.
2690 3348 2834 3413 iure

772 3446 969 3531 igitur
1002 3445 1237 3531 gravis,
1274 3445 1457 3510 cuius
1492 3442 1573 3507 de
1607 3442 1908 3507 laudibus
1943 3444 2228 3508 omnium
2261 3455 2431 3509 esset
2463 3442 2640 3508 fama
2673 3464 2833 3507 con-

772 3540 1072 3606 sentiens.
1178 3560 1371 3624 quem
1423 3537 1632 3601 virum
1685 3558 1893 3623 nuper
1943 3536 2022 3603 P.
2071 3536 2407 3615 Crassum,
2461 3536 2834 3624 pontificem

769 3635 1153 3710 maximum,
1198 3653 1390 3715 quem
1410 3634 1650 3716 postea
1681 3631 1780 3697 M.
1820 3631 2172 3717 Lepidum,
2210 3633 2437 3698 eodem
2471 3629 2834 3697 sacerdotio

772 3728 1162 3815 praeditum,
1197 3724 1503 3789 vidimus!
1548 3725 1709 3807 quid
1745 3726 1824 3791 de
1858 3726 2068 3791 Paulo
2105 3737 2216 3791 aut
2251 3726 2564 3791 Africano
2597 3726 2834 3807 loquar

773 3833 913 3899 aut,
950 3831 1024 3885 ut
1056 3819 1186 3883 iam
1222 3829 1402 3894 ante,
1440 3818 1521 3885 de
1552 3819 1892 3885 Maximo?
1935 3841 2209 3904 quorum
2242 3842 2371 3886 non
2405 3822 2473 3885 in
2507 3819 2838 3885 sententia

774 3916 1007 3989 solum,
1060 3912 1174 3977 sed
1226 3912 1420 3979 etiam
1472 3914 1541 3979 in
1583 3927 1748 3980 nutu
1803 3914 2125 3980 residebat
2177 3915 2539 3981 auctoritas.
2627 3912 2832 3978 habet

774 4018 1065 4073 senectus
1120 4008 1432 4074 honorata
1493 4010 1865 4095 praesertim
1929 4020 2175 4076 tantam
2228 4009 2697 4082 auctoritatem,
2754 4017 2832 4071 ut

772 4122 849 4165 ea
885 4102 1084 4188 pluris
1122 4104 1203 4170 sit
1238 4126 1433 4190 quam
1469 4126 1690 4171 omnes
1729 4104 2196 4171 adulescentiae
2240 4105 2618 4190 voluptates.
2707 4101 2830 4167 sed

2993 1470 2997 1591 4
