3292 4559
618 646 655 701 9

594 3903 665 3957 10

612 3974 663 4011 23

714 220 845 288 278
996 208 1002 215 ’
1322 230 1401 284 n.
1439 226 1714 286 'runnu
1747 226 2152 286 menuctus
2209 283 2216 287 .

708 358 963 423 bento.
1068 376 1419 439 quaeque
1480 372 1732 439 augur
1787 352 2082 420 iniusta
2129 352 2437 418 nefasta
2489 353 2776 419 vitiosa

710 451 877 515 dira
937 448 1296 526 deixerit,
1357 448 1597 512 inrita
1658 446 2114 531 infectaque
2165 459 2423 525 sunto,
2489 450 2778 533 quique

703 566 854 609 non
888 543 1265 633 paruerit,
1302 542 1595 627 capital
1630 552 1820 606 esto.

832 637 1289 714 Foederum,
1332 636 1551 723 pacis
1598 632 1881 723 [bens-1,
1923 634 2396 701 indutiarum
2435 639 2476 717 †
2517 647 2779 701 orato-

704 752 866 797 rum
943 730 1258 797 fetiales
1326 730 1631 795 iudices
1699 750 1850 795 non
1918 738 2171 796 sunto:
2248 730 2460 796 bella
2527 732 2780 797 disce·

708 836 1002 914 ptanto.

834 918 1236 1005 Prodigia,
1296 929 1660 1003 portenta
1722 917 1816 981 ad
1869 914 2241 983 Etruscos
2291 919 2778 1004 haruspices,

707 1015 769 1081 si
816 1025 1127 1079 senatus
1169 1014 1432 1089 iussit,
1477 1012 1920 1086 deferunto‚
1973 1010 2440 1095 Etruriaque
2483 1012 2778 1099 princi-

703 1131 837 1194 pes
882 1107 1374 1193 disciplinam
1420 1106 1712 1171 doceto,
1799 1104 2081 1189 quibus
2114 1105 2316 1169 divis
2351 1107 2776 1176 creverint,

703 1211 1169 1289 procul-anto
1229 1200 1587 1283 idemque
1647 1198 1965 1285 fulgura
2023 1210 2250 1283 atque
2311 1199 2610 1265 obstita
2659 1202 2778 1287 pi·

705 1307 908 1359 anto.

831 1388 1229 1451 Nocturna
1271 1387 1681 1452 mulierum
1725 1386 2124 1453 sacrificia
2163 1410 2256 1453 ne
2289 1399 2520 1453 sunto
2553 1410 2776 1475 prae·

703 1492 818 1547 ter
857 1481 1043 1559 olla,
1089 1502 1284 1565 quae
1328 1504 1466 1568 pro
1509 1483 1797 1567 populo
1837 1482 1988 1547 rite
2030 1481 2256 1546 fient:
2308 1504 2504 1547 neve
2549 1504 2774 1567 quem

700 1576 1067 1640 initianto
1102 1575 1283 1653 nisi,
1316 1587 1402 1640 ut
1434 1576 1758 1653 adsolet,
1797 1573 2064 1641 Cereri
2097 1574 2400 1641 Graeco
2435 1598 2682 1643 sacro.

834 1668 1153 1735 Sacrum
1201 1670 1719 1746 commissum,
1771 1670 1975 1753 quod
2023 1690 2164 1735 nee
2208 1670 2513 1756 expiari
2554 1684 2777 1757 pote-

702 1764 832 1841 rit,
874 1763 1091 1849 inpie
1129 1764 1613 1828 commissum
1648 1774 1842 1827 estoz
1890 1764 2089 1848 quod
2124 1764 2424 1850 expiari
2453 1766 2775 1851 poterit,

700 1858 998 1943 publici
1034 1858 1485 1925 sacerdotes
1520 1857 1904 1943 expianto.

829 1950 1121 2017 Loedis
1155 1952 1525 2039 publicis,
1569 1956 1605 2034 †
1640 1952 1842 2035 quod
1879 1952 2042 2017 sine
2077 1953 2461 2018 curriculo
2496 1963 2570 2019 et
2609 1954 2776 2019 sine

703 2047 1126 2112 certatione
1181 2068 1581 2131 corporum
1642 2045 1816 2123 fiat,
1885 2047 2330 2131 popularem
2391 2047 2774 2113 laetitiam

705 2136 837 2226 [in]
895 2153 1125 2206 cantu
1168 2152 1241 2206 et
1286 2140 1581 2205 fidibus
1616 2152 1690 2205 et
1723 2140 1938 2205 tibiis
1971 2140 2418 2205 moderanto
2451 2163 2776 2227 eamque

703 2254 869 2297 cum
906 2234 1161 2298 divum
1196 2234 1483 2299 honore
1517 2234 1915 2319 iungunto.

826 2326 941 2389 Ex
976 2326 1247 2411 patriis
1282 2327 1567 2390 ritibus
1604 2339 1919 2411 optuma
1953 2326 2284 2392 colunto.

825 2418 1148 2483 Praeter
1191 2419 1476 2483 Idaeae
1519 2420 1788 2484 matris
1831 2420 2163 2486 famulos
2211 2442 2497 2506 eosque
2540 2422 2770 2487 iustis

703 2511 983 2577 diebus
1019 2534 1112 2577 ne
1146 2512 1315 2596 quis
1351 2511 1624 2597 stipem
1661 2514 1938 2599 cogito.

830 2604 1144 2672 Sacrum
1181 2627 1495 2672 sacrove
1531 2609 2134 2674 commendatum
2169 2608 2299 2692 qui
2334 2608 2620 2695 clepsit
2651 2632 2772 2673 ra-

698 2703 949 2789 psitve
982 2701 1367 2789 parricida
1402 2713 1585 2767 esto,

828 2798 1167 2863 Periurii
1220 2818 1466 2883 poena
1520 2797 1786 2863 divina
1837 2796 2189 2875 exitium,
2256 2798 2588 2863 humana
2641 2798 2769 2862 de-

701 2890 952 2955 decus.

827 2988 1216 3051 Incestum
1265 2986 1693 3073 pontifices
1750 3008 2106 3071 supremo
2157 2984 2539 3072 supplicio
2593 3008 2770 3051 san-

703 3078 983 3144 ciuntO.

827 3173 1096 3259 Inpius
1130 3198 1224 3241 ne
1260 3177 1542 3242 audeto
1576 3176 1892 3261 placare
1927 3174 2148 3241 donis
2193 3174 2386 3239 iram
2428 3175 2768 3241 deorum.

830 3265 1075 3335 Caute
1108 3279 1287 3334 vota
1319 3270 1732 3336 reddunto:
1767 3291 2015 3357 poena
2046 3268 2319 3334 violati
2350 3269 2546 3334 iuris
2575 3282 2766 3335 esto,

834 3362 945 3428 Ne
1008 3364 1179 3448 quis
1252 3386 1518 3449 agrum
1590 3375 2060 3430 consecrato,
2153 3362 2353 3440 auri,
2421 3364 2763 3449 argenti,

699 3457 955 3522 eboris
993 3458 1362 3521 sacrandi
1397 3458 1662 3523 modus
1698 3470 1884 3523 esto.

830 3550 1071 3617 Sacra
1102 3552 1410 3637 privata
1443 3564 1826 3641 perpetua
1857 3561 2230 3617 manento.

830 3644 1168 3711 Deorum
1203 3647 1551 3712 Manium
1596 3647 1769 3712 iura
1801 3655 2060 3712 nancta
2103 3656 2348 3709 sunto.
2429 3665 2556 3710 sos
2606 3645 2764 3710 leto

699 3738 919 3803 datos
967 3740 1187 3804 divos
1228 3740 1589 3818 habent03
1644 3752 2032 3827 sumptum
2065 3739 2145 3803 in
2187 3739 2386 3804 ollos
2427 3739 2767 3805 luctum-

700 3854 843 3915 que
877 3832 1299 3898 minuunto.

824 3928 956 3988 Act.
1024 3924 1348 3991 Conclusa
1392 3928 1652 4011 quidem
1701 3939 1800 3994 est
1844 3952 1884 3993 a
1917 3940 1980 3994 te
2017 3940 2142 3993 tam
2173 3948 2413 4013 magna
2455 3928 2564 3993 lex
2601 3950 2760 3992 sane

599 4062 605 4067 .
698 4032 891 4093 quam
925 4016 1135 4093 brevi,
1192 4020 1332 4095 sed,
1387 4032 1459 4083 ut
1491 4021 1651 4084 mihi
1687 4022 1946 4105 quidem
1979 4022 2258 4099 videtur,
2313 4042 2443 4085 non
2478 4023 2762 4087 multum
