3292 4559
786 300 873 366 52
1395 314 1473 369 Μ.
1512 312 1784 371 TULLII
1819 310 2221 371 CICERONIS

788 459 941 523 ergo
1010 435 1079 502 in
1148 458 1226 503 eo
1294 436 1534 502 virtus:
1612 435 1868 521 sapiens
1937 445 2034 500 est
2100 435 2298 521 igitur
2368 442 2430 499 et
2501 437 2829 516 propterea

788 530 965 596 deus.
1959 566 1968 577 =

682 643 751 697 15
914 626 1133 709 Atque
1176 623 1297 688 hac
1338 623 1565 687 mundi
1611 622 1940 687 divinitate
1983 633 2318 707 perspecta
2362 615 2697 683 tribuenda
2741 622 2830 677 est

789 718 1099 785 sideribus
1145 718 1371 787 eadem
1404 717 1731 794 divinitas,
1786 737 1950 799 quae
1995 736 2077 781 ex
2118 714 2538 781 mobilissima
2579 705 2832 796 purissi-

785 833 1019 897 maque
1055 812 1327 879 aetheris
1360 822 1542 896 parte
1577 812 1950 897 gignuntur,
1985 832 2196 894 neque
2222 812 2356 877 ulla
2389 817 2720 895 practerea
2744 810 2832 865 est

786 905 1069 970 admixta
1102 916 1361 981 natura,
1406 916 1666 987 totaque
1711 914 1862 970 sunt
1895 903 2102 969 calida
2135 915 2330 989 atque
2373 898 2727 989 perlucida,
2767 903 2834 957 ut

786 1020 863 1063 ea
897 1020 1153 1083 quoque
1194 999 1543 1065 rectissime
1590 1009 1655 1064 et
1699 997 2046 1063 animantia
2089 1020 2228 1063 esse
2274 1010 2340 1065 et
2383 994 2617 1063 sentire
2651 1000 2835 1072 atque

689 1118 743 1159 ιο
783 1092 1153 1179 intellegere
1208 1094 1516 1159 dicantur.
1604 1104 1798 1177 atque
1845 1115 1924 1158 ea
1974 1092 2236 1177 quidem
2286 1104 2428 1160 tota
2471 1112 2611 1157 esse
2654 1086 2838 1170 ignea

786 1187 1060 1273 duorum
1102 1210 1405 1253 sensuum
1446 1186 1806 1251 testimonio
1850 1186 2210 1253 confirmari
2247 1184 2598 1253 Cleanthes
2641 1186 2836 1265 putat,

785 1291 990 1346 tactus
1044 1294 1109 1347 et
1160 1282 1516 1357 oculorum3
1566 1302 1718 1345 nam
1771 1280 1919 1345 solis
1964 1291 2028 1346 et
2079 1282 2318 1347 candor
2371 1276 2694 1347 inlustrior
2745 1279 2836 1337 est

785 1393 978 1455 quam
1022 1374 1212 1439 ullius
1252 1373 1451 1460 ignis,
1505 1374 1743 1459 quippe
1796 1373 1908 1456 qui
1959 1378 2028 1440 in
2081 1374 2372 1441 inmenso
2423 1369 2664 1439 mundo
2709 1375 2834 1429 tam

780 1466 973 1551 longe
1023 1466 1277 1549 lateque
1329 1468 1688 1543 conluceat‚
1740 1478 1804 1533 et
1852 1468 1910 1532 is
1962 1467 2100 1533 eius
2151 1480 2362 1534 tactus
2420 1478 2544 1543 est,
2597 1479 2724 1526 non
2767 1465 2834 1519 ut

783 1558 1123 1645 tepefaciat
1159 1562 1387 1636 solum,
1422 1561 1537 1625 sed
1572 1561 1765 1627 etiam
1793 1582 1983 1647 saepe
2014 1562 2344 1641 conburat‚
2385 1579 2658 1647 quorum
2684 1571 2836 1617 neu·

783 1665 953 1718 trum
986 1653 1253 1729 faceret,
1298 1654 1422 1719 nisi
1465 1665 1634 1719 esset
1675 1655 1924 1741 igneus.
2015 1656 2241 1742 ‘lergo
2278 1657 2492 1741 inquit
2535 1659 2714 1716 ‘cum
2745 1642 2836 1709 sol

781 1746 1011 1855 igneus
1046 1747 1127 1811 sit
1162 1744 1539 1831 Oceanique
1574 1749 1783 1815 alatur
1817 1749 2178 1837 umoribus,
2235 1750 2387 1833 quia
2426 1746 2644 1815 nullus
2679 1736 2841 1826 ignis

784 1840 919 1906 sine
972 1851 1161 1926 pastu
1214 1840 1427 1925 aliquo
1478 1843 1677 1927 possit
1717 1865 2120 1927 permanere,
2173 1866 2443 1913 necesse
2489 1851 2586 1909 est
2630 1844 2739 1901 aut
2781 1852 2840 1895 el

785 1934 1003 2001 similis
1038 1936 1122 2001 sit
1152 1936 1321 2023 igni,
1367 1944 1559 2021 quem
1594 1936 1970 2003 adhibemus
2008 1937 2092 2001 ad
2125 1961 2315 2003 usum
2349 1950 2547 2023 atque
2583 1930 2836 1998 victum

684 2052 738 2091 ιι
783 2040 896 2094 aut
930 2029 1020 2107 ei,
1064 2030 1179 2114 qui
1214 2031 1582 2117 corporibus
1630 2030 2046 2097 animantium
2081 2032 2469 2097 continetur:
2524 2023 2701 2111 atqui
2733 2018 2834 2085 hic

684 2202 698 2217 .
780 2135 1001 2189 noster
1042 2124 1239 2209 ignis,
1293 2147 1487 2208 quem
1530 2148 1688 2189 usus
1723 2125 1892 2191 vitae
1927 2127 2220 2208 requirit,
2277 2127 2606 2193 confector
2639 2126 2737 2185 est
2771 2122 2830 2179 et

783 2228 1191 2300 consumptor
1218 2219 1501 2282 omnium
1529 2218 1847 2301 idemque,
1885 2239 2290 2303 quocumque
2315 2219 2572 2294 invasit,
2609 2218 2834 2280 cuncta

781 2308 1097 2372 disturbat
1130 2330 1205 2373 ac
1242 2310 1537 2395 dissipat3
1582 2321 1806 2375 contra
1846 2310 1955 2375 ille
1999 2332 2340 2395 corporeus
2376 2310 2588 2376 vitalis
2627 2318 2690 2373 et
2737 2325 2835 2367 sa·

779 2402 1001 2467 lutaris
1046 2402 1260 2467 omnia
1312 2414 1675 2479 conservat,
1729 2404 1868 2479 alit,
1923 2415 2149 2488 auget,
2203 2404 2470 2470 sustinet
2514 2414 2836 2481 sensuque

781 2494 1033 2559 adficit-⁹
1104 2505 1301 2580 negat
1336 2517 1489 2581 ergo
1525 2517 1666 2560 esse
1702 2495 1999 2573 dubium,
2035 2496 2315 2561 horum
2296 2496 2542 2582 ignium
2579 2492 2676 2559 sol
2710 2485 2834 2555 utri

733 2626 739 2633 ·
781 2588 999 2654 similis
1037 2589 1147 2666 sit,
1182 2611 1330 2654 cum
1362 2589 1418 2654 is
1454 2609 1710 2672 quoque
1745 2588 1980 2654 efficiat
2016 2600 2088 2657 ut
2123 2590 2337 2656 omnia
2369 2591 2640 2657 floreant
2673 2598 2738 2650 et
2767 2582 2832 2645 in

780 2705 896 2751 suo
933 2705 1225 2769 quaeque
1270 2705 1503 2769 genere
1546 2682 1930 2768 pubescant3
1984 2705 2114 2767 qua
2156 2707 2225 2749 re
2278 2707 2424 2749 cum
2470 2683 2622 2749 solis
2665 2675 2832 2763 ignis

782 2777 999 2843 similis
1037 2798 1257 2844 eorum
1290 2776 1538 2861 ignium
1572 2775 1673 2851 sit,
1710 2775 1821 2859 qui
1855 2787 2004 2841 sunt
2036 2777 2105 2841 in
2141 2778 2510 2863 corporibus
2546 2776 2834 2841 animan-

779 2871 939 2936 tium
953 2918 971 2946 ,
1017 2871 1217 2937 solem
1246 2889 1503 2955 quoque
1539 2869 1927 2935 animantem
1963 2892 2102 2937 esse
2139 2882 2412 2957 oportet,
2450 2883 2642 2955 atque
2676 2868 2828 2930 item

778 2964 1023 3046 reliqua
1058 2974 1248 3040 astra,
1286 2984 1452 3047 quae
1478 2963 1764 3029 oriantur
1795 2963 1861 3027 in
1899 2964 2125 3029 ardore
2153 2965 2430 3041 caelesti,
2467 2964 2578 3049 qui
2613 2958 2832 3026 aether

682 3078 734 3117 42
777 3055 881 3119 vel
918 3056 1165 3124 caelum
1208 3058 1587 3123 nominatur.
1679 3078 1826 3123 cum
1869 3058 2066 3143 igitur
2099 3058 2368 3123 aliorum
2412 3052 2826 3123 animantium

692 3162 722 3185 ·
778 3158 952 3213 ortus
986 3149 1055 3213 in
1090 3160 1259 3216 terra
1294 3151 1405 3229 sit,
1448 3151 1718 3216 aliorum
1751 3151 1819 3215 in
1854 3174 2052 3234 aqua,
2097 3151 2166 3216 in
2201 3158 2346 3218 ae‘re
2383 3152 2679 3225 aliorum,
2715 3144 2827 3209 ab·

777 3243 1042 3307 surdum
1084 3267 1225 3310 esse
1260 3244 1591 3313 Aristoteli
1634 3244 1888 3311 videtur
1928 3245 1996 3309 in
2041 3267 2120 3310 ea
2159 3256 2370 3330 parte,
2425 3266 2590 3329 quae
2627 3242 2708 3307 sit
2743 3234 2824 3301 ad

774 3336 1101 3425 gignenda
1144 3339 1489 3405 animantia
1532 3338 1887 3423 aptissima,
1932 3339 2168 3403 animal
2211 3339 2394 3425 gigni
2427 3340 2675 3404 nullum
2708 3352 2828 3419 pu-

775 3442 933 3505 tare,
1018 3432 1225 3499 sidera
1258 3443 1475 3498 autern
1517 3432 1870 3497 aetherium
1910 3433 2124 3498 locum
2159 3434 2472 3509 obtinent3
2523 3433 2634 3518 qui
2669 3446 2823 3512 quo·

774 3526 947 3591 niam
982 3526 1389 3595 tenuissimus
1424 3537 1521 3591 est
1554 3537 1615 3591 et
1657 3548 1902 3611 semper
1937 3526 2217 3612 agitatur
2247 3536 2312 3592 et
2339 3526 2534 3611 viget,
2569 3537 2825 3591 necesse·

778 3630 904 3697 est,
950 3620 1124 3703 quod
1158 3620 1392 3687 animal
1425 3620 1492 3684 in
1528 3641 1605 3685 eo
1638 3620 1962 3705 gignatur,
1997 3620 2066 3685 id
2101 3630 2164 3685 et
2199 3642 2390 3685 sensu
2424 3621 2727 3685 acerrimo
2763 3621 2824 3677 et

774 3706 1128 3780 mobilitate
1172 3714 1501 3779 celerrima
1545 3735 1704 3778 esse.
1793 3734 1922 3797 qua
1955 3736 2024 3778 re
2060 3735 2206 3780 cum
2251 3714 2320 3779 in
2365 3714 2508 3779 aeth
2516 3736 2620 3780 ere
2656 3724 2822 3775 astra

775 3806 1152 3890 gignantur,
1204 3818 1698 3873 consentaneum
1747 3817 1844 3871 est
1876 3806 1946 3871 in
1977 3807 2056 3872 iis
2092 3830 2348 3874 sensum
2380 3808 2588 3873 inesse
2623 3815 2686 3871 et
2727 3801 2821 3866 in-

773 3899 1206 3984 tellegentiam
1218 3946 1238 3977 ‚
1291 3923 1371 3965 ex
1424 3920 1552 3983 quo
1605 3899 1878 3965 efficitur
1926 3900 1996 3965 in
2040 3900 2305 3967 deorum
2347 3922 2612 3966 numero
2657 3907 2822 3961 astra

672 4006 743 4061 16
777 4013 917 4057 esse
952 3994 1262 4061 ducenda.
1327 3994 1560 4060 etenim
1594 3993 1746 4059 licet
1779 3993 1997 4059 videre
2034 3996 2318 4059 acutiora
2351 3993 2609 4080 ingenia
2642 4000 2705 4057 et
2739 3984 2822 4051 ad

774 4085 1273 4173 intellegendum
1309 4087 1554 4175 aptiora
1588 4109 1807 4153 eorum
1821 4134 1840 4164 ,
1877 4088 1988 4171 qui
2023 4098 2222 4155 terras
2256 4089 2534 4155 incolant
2569 4108 2674 4155 eas
2688 4128 2708 4160 ‚
2752 4080 2821 4144 in

2963 2396 2966 2577 Ι
