3292 4559
789 290 917 356 238
1083 348 1092 360 ,
1400 302 1475 356 Μ.
1515 301 1793 364 TULLII
1828 299 2229 358 CICERONIS

788 452 911 496 nec
946 451 987 493 a
1021 427 1153 494 suis
1199 425 1695 514 despicerentur.
1784 425 1899 491 sed
1934 424 2220 490 omnium
2261 425 2447 491 istius
2483 428 2661 494 modi
2697 453 2845 516 que-

788 523 1089 590 rellarum
1132 523 1201 588 in
1245 521 1529 586 moribus
1566 531 1664 587 est
1700 523 1917 607 culpa,
1963 542 2092 585 non
2135 520 2204 585 in
2248 532 2486 600 aetate3
2540 525 2844 591 moderati

791 618 963 684 enim
996 628 1063 684 et
1094 639 1213 682 nec
1246 616 1540 682 difficiles
1568 637 1693 682 nec
1727 615 2060 682 inhumani
2093 638 2280 682 senes
2316 617 2715 685 tolerabilem
2748 645 2846 686 se-

788 722 1115 780 nectutem
1148 721 1370 798 agunt,
1404 710 1833 798 inportunitas
1863 722 2079 777 autem
2109 721 2172 777 et
2202 711 2638 780 inhumanitas
2675 715 2846 780 omni

788 807 985 876 aetati
1018 807 1288 872 molesta
1320 816 1437 870 est.
2485 877 2492 882 ‚

718 925 747 967 s
918 902 1194 966 Laelius.
1266 897 1416 975 Est,
1481 909 1555 963 ut
1608 899 1799 976 dicis,
1856 895 2054 977 Cat03
2121 900 2234 966 sed
2285 900 2554 976 fortasse
2617 902 2846 968 dixerit
2941 925 2952 938 ·’

788 994 1106 1080 quispiam
1142 993 1258 1059 tibi
1301 1004 1561 1080 propter
1595 1015 1750 1079 opes
1787 1004 1850 1058 et
1893 993 2112 1079 copias
2148 1004 2212 1061 et
2257 994 2635 1081 dignitatem
2670 1007 2845 1062 tuam

787 1092 1279 1159 tolerabiliorem
1332 1100 1726 1156 senectutem
1778 1089 2010 1166 videri,
2071 1089 2140 1155 id
2204 1102 2421 1156 autem
2470 1114 2601 1157 non
2660 1114 2844 1178 posse

786 1186 1004 1254 multis
1041 1187 1427 1272 contingere.

922 1281 1095 1347 Cato,
1166 1279 1289 1345 Est
1331 1279 1505 1345 istud
1553 1277 1844 1363 quidem,
1882 1277 2100 1354 Laeli,
2145 1279 2419 1362 aliquid,
2457 1281 2571 1346 sed
2605 1303 2846 1365 nequa·-

788 1399 985 1463 quam
1014 1377 1087 1440 in
1118 1375 1243 1440 isto
1276 1386 1426 1440 sunt
1456 1374 1702 1450 omnia3
1737 1383 1809 1438 ut
1827 1372 2293 1440 Themistocles
2329 1374 2532 1441 fertur
2551 1374 2844 1462 Seriphio

788 1470 1043 1536 cuidam
1076 1469 1145 1535 in
1182 1469 1395 1555 iurgio
1429 1467 1864 1554 respondisse,
1900 1490 2050 1534 cum
2084 1469 2190 1534 ille
2225 1469 2489 1534 dixisset
2525 1493 2656 1536 non
2692 1494 2845 1536 eum

789 1587 934 1640 sua,
972 1563 1086 1629 sed
1119 1563 1362 1650 patriae
1396 1563 1603 1649 gloria
1635 1561 2042 1648 splendorem
2077 1563 2478 1628 adsecutum:
2517 1569 2665 1628 ‘nec
2699 1565 2847 1631 her·
2969 1606 2971 1634 1

788 1658 993 1735 cule','
1030 1657 1243 1742 inquit
1294 1657 1379 1722 ‘si
1426 1678 1547 1743 ego
1585 1655 1922 1743 Seriphius
1959 1679 2192 1734 essem,
2236 1678 2355 1722 nec
2399 1666 2499 1734 tu,
2546 1657 2600 1721 si
2635 1658 2847 1733 Athe·
2969 1663 2971 1690 ¹

786 1753 1050 1830 niensis,
1097 1752 1307 1818 clarus
1341 1773 1653 1835 umquam
1695 1751 1968 1818 fuisses?
2056 1751 2230 1836 quod
2259 1751 2492 1816 *eodem
2535 1752 2726 1818 modo
2763 1753 2848 1818 de
2969 1817 2971 1820 Α

786 1856 1115 1914 senectute
1159 1847 1285 1911 dici
1327 1856 1566 1933 potest:
1621 1867 1742 1912 nec
1785 1845 1957 1912 enim
2008 1846 2077 1911 in
2129 1845 2380 1910 sumffia
2422 1845 2642 1930 inopia
2683 1846 2848 1912 levis

787 1965 925 2008 esse
964 1952 1256 2008 senectus
1300 1951 1542 2027 potest,
1587 1964 1672 2006 ne
1718 1940 1990 2026 sapienti
2024 1939 2315 2024 quidem,
2359 1962 2481 2006 nec
2523 1940 2848 2026 insipienti

716 2056 742 2096 ⁹
786 2038 979 2103 etiam
1029 2037 1100 2102 in
1152 2059 1403 2102 summa
1456 2035 1641 2122 copia
1692 2057 1824 2100 non
1876 2035 2112 2120 gravis.
2215 2034 2543 2120 aptissima
2587 2036 2848 2123 omnino

785 2143 963 2209 sunt,
1000 2129 1222 2218 Scipio
1258 2142 1323 2198 et
1357 2131 1576 2208 Laeli,
1622 2153 1805 2196 arma
1847 2129 2194 2204 senectutis
2231 2140 2400 2196 artes
2445 2130 2847 2196 exercitatio-

784 2249 1029 2313 nesque
1065 2226 1405 2302 virtutum,
1460 2249 1627 2310 quae
1673 2226 1743 2292 in
1778 2225 1952 2290 omni
1995 2235 2202 2290 aetate
2247 2224 2488 2302 cultae,
2544 2248 2690 2292 cum
2735 2225 2848 2290 diu

784 2322 1187 2405 multumque
1213 2320 1470 2398 vixeris,
1506 2320 1808 2386 mirificos
1837 2319 2128 2385 ecferunt
2153 2318 2423 2397 fructus,
2462 2341 2590 2384 non
2618 2321 2848 2398 solum,

784 2415 939 2500 quia
989 2436 1341 2498 numquam
1393 2415 1725 2493 deserunt,
1779 2436 1861 2479 ne
1916 2424 2201 2484 extremo
2247 2415 2509 2498 quidem
2561 2426 2850 2501 tempore

786 2506 1009 2572 aetatis
1026 2543 1117 2554 —
1142 2528 1535 2593 quamquam
1566 2509 1636 2575 id
1671 2508 1932 2593 quidem
1965 2508 2322 2574 maximum
2355 2519 2454 2574 est
2479 2545 2585 2586 -—„
2620 2531 2849 2574 verum

786 2601 979 2666 etiam
1030 2601 1183 2686 quia
1235 2603 1623 2670 conscientia
1682 2603 1848 2669 bene
1901 2614 2082 2668 actae
2145 2601 2316 2668 vitae
2369 2604 2850 2689 multorumque

706 2685 951 2798 {libem
992 2697 1310 2764 factorum
1354 2699 1710 2764 recordatio
1755 2696 2218 2764 iucundissima
2259 2711 2377 2767 est.
2467 2721 2590 2786 ego
2637 2698 2853 2782 Quin-

784 2802 923 2857 tum
956 2792 1322 2861 Maximum
1358 2791 1539 2881 [eum
1574 2795 1687 2878 qui
1722 2792 2076 2860 Tarentum
2120 2793 2395 2882 recepit]
2433 2818 2652 2864 senem
2687 2797 2856 2862 adu-

782 2886 1049 2952 lescens·
1082 2887 1173 2952 ita
1225 2886 1419 2953 dilexi
1469 2899 1544 2953 ut
1596 2888 1962 2972 aequalem3
2015 2899 2152 2954 erat
2204 2888 2375 2954 enim
2427 2889 2494 2954 in
2544 2889 2655 2956 illo
2710 2891 2854 2956 viro

680 3051 684 3055 ,
786 2980 1080 3045 comitate
1110 2980 1365 3048 condita
1398 2983 1705 3069 gravitas,
1742 3004 1862 3047 nec
1896 2993 2192 3048 senectus
2221 3005 2430 3049 mores
2455 2995 2849 3051 mutaverat:

783 3093 1176 3158 quamquam
1226 3098 1375 3140 eum
1437 3077 1660 3143 colere·
1701 3077 1884 3162 coepi
1947 3099 2080 3142 non
2130 3077 2479 3142 admodum
2529 3079 2851 3163 grandem

782 3177 971 3244 natu,
1016 3167 1131 3233 sed
1165 3180 1381 3236 tamen
1414 3170 1546 3236 iam
1580 3181 1790 3237 aetate
1826 3182 2232 3257 provectum3
2287 3193 2454 3236 anno
2491 3170 2660 3235 enim
2697 3184 2856 3255 post

784 3263 1008 3328 consul
1041 3263 1321 3349 primum
1356 3264 1568 3331 fuerat
1602 3287 1799 3351 quam
1836 3287 1959 3352 ego
1993 3276 2182 3331 natus
2225 3287 2397 3341 sum,
2449 3284 2729 3347 cumque
2765 3287 2854 3330 eo

781 3367 1082 3440 quartum
1124 3360 1385 3425 consule
1429 3360 1946 3427 adulescentulus
1993 3359 2173 3425 miles
2218 3357 2303 3423 ad
2348 3354 2646 3444 Capuam
2693 3381 2854 3446 pro-

782 3450 991 3517 fectus
1026 3475 1170 3518 sum
1214 3454 1563 3540 quintoque
1601 3476 1771 3520 anno
1813 3465 1960 3541 post
1993 3455 2081 3521 ad
2113 3453 2497 3531 Tarentum3
2544 3464 2857 3537 quaestor

782 3544 1012 3612 deinde
1056 3547 1474 3631 quadriennio
1521 3560 1668 3634 post
1701 3548 1912 3615 factus
1949 3571 2122 3625 sum,
2167 3570 2363 3634 quem
2397 3545 2854 3633 magistratum
2967 3625 2972 3632 ί

778 3639 951 3724 gessi
990 3642 1364 3708 ‘consulibus
1400 3642 1725 3708 Tuditano
1762 3655 1826 3710 et
1863 3641 2158 3729 Cethego
2172 3690 2191 3720 ,
2247 3665 2395 3709 cum
2437 3641 2698 3726 quidem
2735 3642 2856 3707 ille

780 3733 1126 3799 admodum
1160 3759 1358 3801 senex
1403 3760 1627 3803 suasor
1657 3738 1821 3825 legis
1857 3735 2125 3804 Cinciae
2171 3737 2254 3804 de
2290 3736 2473 3804 donis
2509 3748 2573 3803 et
2615 3759 2858 3802 mune-

778 3829 957 3894 ribus
992 3829 1135 3895 fuit.
1191 3831 1296 3896 hic
1331 3843 1395 3898 et
1427 3832 1599 3899 bella
1631 3834 1900 3920 gerebat
1926 3844 2000 3898 ut
2033 3831 2432 3910 adulescens,
2469 3855 2618 3898 cum
2651 3833 2854 3920 plane

778 3922 1041 4008 grandis
1078 3937 1266 4004 esset,
1301 3937 1364 3992 et
1398 3927 1835 3994 Hannibalem
1866 3926 2228 3995 iuveniliter
2262 3928 2692 3994 exsultantem
2729 3949 2858 4013 pa·

779 4015 1003 4172 {entia
1036 4040 1155 4084 sua
1194 4019 1554 4099 molliebat3
1604 4022 1687 4089 de
1731 4043 1860 4108 quo
1893 4022 2224 4109 praeclare
2259 4021 2592 4088 familiaris
2627 4032 2855 4088 noster

843 4130 1061 4175 nnmsz
