3292 4559
694 266 785 333 44
1316 275 1393 329 M.
1430 274 1706 333 TULLII
1741 272 2142 331 CICERONIS

698 412 1009 487 terpretes
1041 422 1180 466 esse
1208 397 1611 464 comitiorum
1636 395 1969 483 potestis?
2005 396 2224 481 itaque
2251 406 2389 463 tum
2415 396 2558 463 illos
2588 397 2763 467 exire

678 495 900 561 iussit.
988 505 1135 581 post
1171 504 1387 560 autem
1421 515 1458 559 e
1492 491 1822 579 provincia
1865 490 2108 557 litteras
2145 490 2229 557 ad
2265 493 2609 579 collegium
2643 495 2764 559 mi-

698 591 811 667 sit,
866 612 966 669 se,
1022 612 1170 654 cum
1204 589 1449 674 legeret
1489 586 1718 663 libros,
1770 586 2174 652 recordatum
2220 610 2360 653 esse
2373 636 2392 665 ,
2447 588 2603 653 vitio
2641 588 2765 654 sibi

697 683 1183 749 tabernaculum
1235 691 1494 768 captum
1556 680 1757 746 fuisse
1812 677 2062 767 [hortos
2119 678 2498 767 Scipionis],
2563 682 2763 766 quod,

698 798 849 843 cum
891 776 1249 863 pomerium
1296 786 1521 861 postea
1562 775 1864 839 intrasset
1908 772 2190 839 habendi
2231 786 2494 841 senatus
2541 798 2760 853 causa,

697 871 765 937 in
818 870 1178 947 redeundO,
1234 892 1382 935 cum
1432 869 1606 935 idem
1658 867 2016 955 pomerium
2059 869 2387 946 transiret,
2443 868 2764 956 auspicari

698 974 868 1030 esset
902 963 1169 1029 oblitusz
1206 964 1424 1050 itaque
1460 962 1614 1027 vitio
1651 972 1897 1027 creatos
1935 962 2228 1029 consules
2265 984 2424 1029 esse.
2481 985 2761 1049 augures

698 1080 837 1124 rem
872 1059 956 1123 ad
992 1068 1284 1124 senatum
1295 1082 1315 1135 3
1364 1068 1653 1135 senatus,
1689 1066 1764 1121 ut
1799 1055 2172 1121 abdicarent
2207 1057 2530 1123 consules:
2579 1058 2764 1123 abdi-

698 1161 1027 1219 caverunt.
1116 1174 1283 1236 quae
1319 1150 1686 1235 quaerimus
1724 1150 2018 1235 exempla
2051 1150 2333 1215 maiora?
2377 1151 2476 1215 vir
2511 1152 2763 1236 sapien-

698 1245 981 1311 tissimus
1028 1255 1219 1329 atque
1262 1244 1438 1309 haud
1482 1244 1682 1309 sciam
1729 1266 1813 1309 an
1846 1243 2135 1308 omnium
2177 1244 2760 1329 praestantissimus

698 1349 1036 1425 peccatum
1062 1361 1271 1417 suum,
1310 1339 1485 1423 quod
1514 1338 1707 1403 celari
1733 1350 1970 1423 posset,
2000 1337 2286 1403 confiteri
2315 1339 2539 1403 maluit
2565 1360 2762 1424 quam

699 1432 960 1499 haerere
994 1432 1062 1497 in
1096 1454 1166 1497 re
1200 1430 1461 1518 publica
1494 1432 1899 1517 religionem3
1949 1432 2242 1497 consules
2277 1454 2602 1497 summum
2639 1434 2762 1498 im-

697 1524 947 1611 perium
990 1526 1204 1591 statim
1248 1525 1566 1611 deponere
1612 1548 1808 1610 quam
1850 1526 1920 1589 id
1971 1536 2187 1591 tenere
2238 1538 2548 1613 punctum
2599 1538 2762 1593 tem-

622 1648 675 1689 12
700 1620 873 1707 poris
934 1630 1154 1686 contra
1214 1620 1609 1706 religionem.
1715 1642 1954 1706 magna
2019 1642 2340 1706 augurum
2393 1622 2758 1687 auctoritas.

700 1714 896 1797 quid?
955 1714 1367 1802 haruspicum
1408 1737 1513 1779 ars
1547 1737 1762 1781 nonne
1799 1714 2053 1780 divina?
2095 1714 2256 1781 haec
2301 1728 2356 1781 et
2397 1714 2763 1781 innumera—

699 1808 855 1873 bilia
888 1832 970 1874 ex
1005 1809 1233 1881 eodem
1266 1832 1501 1895 genere
1528 1809 1642 1893 qui
1670 1810 1904 1886 videat,
1938 1831 2150 1875 nonne
2178 1821 2444 1897 cogatur
2471 1810 2762 1877 confiteri

702 1903 856 1968 deos
893 1904 1072 1969 esse?
1125 1925 1399 1989 quorum
1434 1904 1604 1969 enim
1636 1903 2015 1991 interpretes
2051 1914 2228 1981 sunt,
2267 1928 2375 1971 eos
2410 1904 2582 1991 ipsos
2618 1928 2760 1971 esse

702 2007 873 2063 certe
915 2020 1177 2063 necesse
1220 2008 1347 2077 est3
1394 1997 1660 2065 deorum
1705 2012 1922 2065 autem
1955 1998 2332 2085 interpretes
2379 2009 2559 2064 sunt:
2607 1998 2760 2063 deos

698 2092 899 2178 igitur
944 2114 1083 2158 esse
1136 2092 1471 2161 fateamur.
1562 2105 1629 2158 at
1681 2094 1952 2159 fortasse
2005 2115 2134 2157 non
2179 2094 2391 2157 omnia
2437 2093 2761 2170 eveniunt,

702 2207 869 2269 quae
913 2186 1241 2271 praedicta
1284 2198 1452 2253 sunt.
1540 2210 1623 2252 ne
1671 2188 1848 2271 aegri
1884 2188 2146 2269 quidem
2179 2186 2332 2270 quia
2375 2207 2504 2251 non
2539 2208 2762 2254 omnes

703 2278 1183 2358 convalescunt,
1246 2281 1483 2347 idcirco
1546 2304 1650 2346 ars
1711 2281 1888 2345 nulla
1948 2280 2300 2345 medicinae
2355 2291 2469 2345 est.
2575 2281 2765 2367 signa

701 2368 1127 2438 ostenduntur
1159 2397 1201 2439 a
1226 2374 1323 2439 dis
1359 2397 1572 2443 rerum
1606 2374 1996 2439 futurarum.
2031 2372 2098 2436 in
2134 2372 2232 2437 his
2271 2372 2320 2437 si
2361 2372 2471 2455 qui
2507 2395 2763 2440 errave-

701 2476 881 2544 runt,
916 2487 1048 2532 non
1083 2467 1347 2535 deorum
1382 2481 1639 2578 natura,
1687 2467 1804 2533 sed
1837 2467 2168 2531 hominum
2203 2467 2566 2532 coniectura
2607 2490 2762 2554 pec-

704 2560 894 2625 cavit.
980 2536 1221 2647 itaque
1230 2564 1397 2629 inter
1432 2563 1637 2629 omnis
1676 2560 1962 2625 omnium
1996 2560 2285 2645 gentium
2321 2582 2573 2626 summa
2607 2583 2762 2629 con-

704 2667 859 2735 stat3
914 2658 1209 2725 omnibus
1262 2659 1433 2725 enim
1476 2660 1769 2722 innatum
1815 2666 1911 2721 est
1956 2667 2020 2722 et
2062 2656 2130 2721 in
2175 2656 2387 2721 animo
2435 2657 2620 2741 quasi
2661 2659 2761 2724 in-

626 2756 675 2869 1¹5
706 2752 1048 2838 sculptum
1063 2775 1203 2820 esse
1239 2752 1414 2816 deos.
1504 2750 1726 2833 quales
1763 2749 1908 2827 sint,
1945 2749 2193 2816 varium
2229 2761 2355 2817 est:
2393 2774 2532 2817 esse
2567 2774 2760 2817 nemo

626 2829 917 2931 ”negat-
974 2844 1315 2911 Cleanthes
1352 2843 1613 2927 quidem
1646 2855 1864 2909 noster
1899 2855 2203 2929 quattuor
2237 2845 2318 2911 de
2353 2844 2561 2911 causis
2599 2845 2760 2910 dixit

699 2940 769 3001 in
820 2938 1047 3001 animis
1098 2937 1427 3002 hominum
1489 2938 1866 3005 informatas
1919 2939 2186 3005 deorum
2245 2962 2386 3006 esse
2437 2940 2756 3006 notiones.

701 3030 971 3115 primam
1007 3031 1222 3117 posuit
1256 3054 1429 3111 eam,
1474 3033 1555 3099 de
1604 3055 1734 3118 qua
1765 3033 1958 3099 modo
1995 3034 2158 3112 dixi,
2206 3056 2371 3119 quae
2407 3044 2546 3099 orta
2591 3045 2760 3099 esset

702 3146 783 3189 ex
815 3124 1264 3210 praesensione
1290 3150 1504 3193 rerum
1540 3127 1936 3207 futurarum3
1974 3130 2258 3204 alteram,
2295 3150 2488 3213 quam
2519 3129 2760 3212 ceperi-

698 3240 843 3282 mus
897 3240 979 3283 ex
1030 3220 1473 3305 magnitudine
1526 3221 2036 3300 commodorum,
2099 3241 2265 3306 quae
2317 3221 2757 3307 percipiuntur

704 3312 863 3379 caeli
892 3314 1367 3399 temperatione,
1402 3316 1798 3382 fecunditate
1825 3328 2138 3383 terrarum
2165 3316 2558 3399 aliarumque
2587 3336 2760 3380 com-

626 3432 679 3473 ιι
703 3408 1081 3473 moditatum
1116 3410 1521 3495 conplurium
1558 3410 1771 3496 copia3
1807 3412 2081 3487 tertiam,
2117 3432 2283 3493 quae
2319 3420 2588 3476 terreret
2623 3410 2761 3475 ani-

702 3524 843 3568 mos
886 3503 1290 3581 fulminibus,
1345 3505 1862 3590 tempestatibus,
1913 3505 2176 3582 nimbiS,
2229 3505 2514 3581 nivibus,
2567 3526 2762 3591 gran-

706 3596 960 3662 dinibus
973 3645 992 3675 ,
1046 3598 1341 3663 vastitate
1354 3645 1371 3675 ,
1422 3598 1780 3684 pestilentia
1793 3646 1811 3675 ,
1866 3608 2070 3665 terrae
2125 3599 2405 3663 motibus
2452 3610 2516 3663 et
2567 3620 2760 3684 saepe

704 3688 1062 3755 fremitibus
1109 3690 1505 3776 lapideisque
1540 3692 1852 3757 imbribus
1889 3704 1953 3758 et
1997 3694 2196 3779 guttis
2240 3692 2542 3757 imbrium
2574 3692 2761 3776 quasi

652 3794 680 3814 “’
706 3784 1012 3862 cruentis,
1065 3796 1203 3850 tum
1246 3786 1499 3851 labibus
1547 3797 1660 3851 aut
1701 3787 2046 3873 repentinis
2094 3799 2407 3855 terrarum
2459 3786 2759 3862 hiatibus,

705 3888 845 3941 tum
897 3890 1151 3963 praeter
1198 3892 1497 3945 naturam
1546 3880 1880 3945 hominum
1931 3882 2380 3967 pecudumque
2431 3880 2758 3967 portentis,

706 3983 846 4037 tum
877 3974 1130 4041 facibus
1152 3976 1319 4041 'visis
1354 3975 1758 4053 caelestibus,
1795 3986 1934 4041 tum
1970 3976 2166 4043 stellis
2203 3977 2301 4053 iis,
2340 3998 2501 4060 quas
2521 3972 2761 4040 Graeci

708 4078 986 4136 cometas
999 4117 1019 4149 ,
1079 4070 1281 4137 nostri
1335 4071 1728 4138 cincinnatas
1783 4082 2045 4150 vocant,
2109 4093 2274 4157 quae
2335 4091 2538 4156 nuper
2588 4068 2758 4133 bello
