3292 4559
1075 260 1182 313 DE
1216 258 1318 313 RE
1352 255 1693 314 PUBLIOA
1726 258 2013 330 ι..5-,ιο.
2084 272 2087 277 -
2440 244 2561 310 151

511 398 775 469 remque
810 381 1118 449 laetitiam
1147 404 1228 446 ex
1254 380 1565 445 desiderio
1591 380 1907 445 bonorum
1945 378 2343 489 percepimus
2371 401 2581 464 quam

516 502 596 545 ex
639 477 878 543 laetitia
927 476 1344 585 inproborum
1389 475 1693 540 dolorem.
1781 475 1893 539 sed
1936 475 1993 537 si
2038 473 2247 549 aliter,
2294 485 2367 539 ut
2412 475 2565 549 dixi,

514 572 872 647 accidisset,
925 570 1038 654 qui
1079 591 1338 655 possem
1379 568 1598 651 queri?
1637 566 1647 653 Ι
1687 591 1833 633 cum
1880 568 2037 631 mihi
2080 568 2237 633 nihil
2285 566 2379 654 [p.
2416 568 2564 633 260.

511 652 831 750 inproviso
883 686 1002 728 nec
1053 664 1313 749 gravius
1367 684 1566 746 quam
1618 662 2153 748 exspectavissem
2206 684 2321 747 pro
2374 662 2565 727 tantis

511 758 670 823 meis
713 757 898 821 factis
945 756 1278 821 evenisset.
1367 756 1422 819 is
1464 756 1638 821 enim
1682 756 1960 833 fueram,
2007 756 2112 821 cui
2157 778 2305 820 cum
2346 755 2567 821 liceret

511 862 624 916 aut
667 851 940 915 maiores
987 849 1232 922 exotio
1269 848 1515 913 fructus
1552 870 1781 934 capere
1816 870 2013 933 quam
2048 848 2271 913 ceteris
2306 859 2569 933 propter

511 944 754 1009 variam
789 943 1176 1008 suavitatem.
1203 941 1558 1006 studiorum
1571 988 1592 1018 ,
1637 942 1707 1006 in
1743 942 1975 1023 quibus
2013 965 2051 1005 a
2085 941 2358 1026 pueritia
2390 942 2568 1005 vixe-

511 1060 680 1112 ram,
727 1047 842 1101 aut
883 1037 939 1101 si
975 1036 1130 1121 quid
1167 1036 1484 1101 accideret
1517 1036 1811 1100 acerbius
1843 1035 2183 1111 universis,
2218 1058 2348 1100 non
2382 1057 2567 1120 prae-

514 1132 798 1216 cipuam,
861 1131 978 1196 sed
1029 1153 1250 1216 parem
1304 1152 1452 1193 cum
1504 1131 1729 1195 ceteris
1782 1130 2076 1195 fortunae
2130 1129 2565 1195 condicionem

513 1224 767 1301 subire,
846 1246 976 1288 non
1047 1223 1472 1287 dubitaverim
1539 1246 1642 1287 me
1714 1224 2106 1309 gravissimis
2178 1224 2569 1309 tempestati—

513 1319 636 1383 bus
658 1318 668 1401 Ι
689 1341 766 1383 ac
791 1340 994 1403 paene
1013 1317 1436 1382 fulminibus
1415 1318 1570 1403 ipsis
1591 1319 1853 1383 obvium
1874 1317 2041 1383 ferre
2063 1340 2317 1384 conser-
2344 1316 2439 1405 [p.
2458 1318 2563 1382 49.

512 1413 867 1477 vandorum
903 1412 1138 1477 civium
1175 1434 1372 1477 causa
1403 1412 1691 1496 meisque
1718 1413 1991 1498 propriis
2020 1413 2316 1497 periculis
2342 1435 2567 1499 parere

512 1527 848 1571 commune
881 1506 1158 1588 reliquis
1211 1507 1432 1570 otium.
1530 1528 1742 1589 neque
1796 1506 1968 1569 enim
2018 1505 2139 1570 hac
2191 1528 2307 1571 nos
2360 1506 2567 1591 patria

509 1600 656 1685 lege
706 1600 930 1684 genuit
981 1610 1094 1664 aut
1147 1600 1475 1677 educavit,
1529 1611 1606 1664 ut
1654 1599 1833 1664 nulla
1877 1601 2061 1683 quasi
2112 1600 2412 1664 alimenta
2457 1623 2568 1664 ex-

513 1703 830 1777 spectaret
863 1716 904 1757 a
935 1693 1122 1757 nobis
1157 1716 1232 1758 ac
1265 1706 1516 1758 tantum
1549 1693 1741 1757 modo
1778 1692 2011 1757 nostris
2044 1693 2185 1778 ipsa
2222 1693 2567 1757 commodis

513 1786 792 1850 serviens
856 1796 1060 1851 tutum
1124 1787 1492 1873 perfugium
1555 1787 1685 1851 otio
1744 1798 1962 1852 nostro
2017 1787 2453 1873 suppeditaret
2505 1799 2569 1851 et

513 1880 928 1963 tranquillum
963 1880 1048 1943 ad
1081 1881 1362 1964 quietem
1396 1883 1628 1957 locum,
1666 1881 1781 1946 sed
1815 1892 1886 1945 ut
1921 1882 2231 1966 plurimas
2267 1894 2329 1949 et
2366 1881 2568 1945 maxi-

513 1970 668 2038 mas
685 1974 886 2037 nostri
919 1974 1153 2055 anilmi,
1189 1975 1451 2060 ingenii,
1489 1975 1736 2041 consilii
1770 1976 1967 2060 partis
2003 1976 2145 2061 ipsa
2178 1974 2299 2039 sibi
2337 1974 2430 2061 [p.
2460 1973 2565 2038 50.

513 2068 596 2132 ad
639 2068 977 2133 utilitatem
1021 2090 1203 2133 suam
1239 2070 1686 2155 pigneraretur
1718 2080 2095 2152 tantumque
2128 2068 2316 2133 nobis
2352 2070 2419 2133 in
2452 2090 2567 2133 no-

513 2175 714 2227 strum
765 2164 1087 2247 privatum
1137 2160 1358 2239 usum,
1413 2175 1725 2247 quantum
1776 2164 1901 2249 ipsi
1954 2185 2286 2248 superesse
2332 2173 2567 2247 posset,

512 2257 880 2321 remitteret.

641 2350 782 2413 Iam
817 2351 926 2415 illa
960 2349 1276 2441 perfugia,
1314 2373 1477 2439 quae
1513 2363 1777 2419 sumunt
1812 2351 1932 2419 sibi
1962 2351 2045 2418 ad
2072 2351 2565 2425 excusationem,

514 2466 646 2529 quo
668 2444 918 2515 facilius
947 2449 1077 2513 otio
1103 2447 1530 2534 perfruantur,
1560 2460 1731 2513 certe
1759 2448 2019 2513 minime
2054 2457 2201 2511 sunt
2228 2444 2565 2521 audienda,

513 2564 662 2608 cum
711 2543 802 2608 ita
853 2544 1101 2619 dicunt,
1157 2542 1462 2609 accedere
1507 2542 1590 2606 ad
1637 2565 1775 2607 rem
1820 2542 2145 2626 publicam
2188 2540 2565 2625 plerumque

510 2638 800 2701 homines
837 2638 1031 2701 ‘nulla
1081 2660 1151 2701 re
1204 2639 1376 2701 bona
1427 2636 1685 2721 dignos,
1744 2658 1892 2700 cum
1937 2635 2169 2718 quibus
2214 2633 2568 2719 comparari

513 2730 868 2805 sordidum,
914 2730 1258 2813 confligere
1298 2729 1308 2812 Ι
1357 2740 1602 2804 autem,
1647 2729 2054 2793 multitudine
2097 2749 2281 2812 prae-
2328 2724 2421 2810 [p.
2460 2725 2564 2789 89.

516 2823 731 2888 sertim
780 2822 1068 2899 incitata,
1121 2823 1420 2885 miserum
1479 2816 1543 2885 et
1592 2822 2020 2906 periculosum
2073 2822 2181 2895 sit3
2236 2840 2430 2901 quam
2482 2819 2567 2883 ob

513 2938 651 2981 rem
685 2936 893 2997 neque
929 2915 1232 2999 sapientis
1267 2936 1408 2980 esse
1443 2914 1731 2999 accipere
1766 2914 2078 2990 habenas,
2126 2935 2273 2977 cum
2308 2912 2565 2977 insanos

516 3022 709 3093 atque
749 3008 1091 3073 indomitos
1134 3008 1408 3092 impetus
1451 3008 1624 3093 volgi
1670 3007 1965 3073 cohibere
2008 3028 2138 3071 non
2182 3006 2410 3091 possit,
2454 3026 2567 3070 ne-

516 3126 642 3189 que
686 3102 866 3167 liberi
914 3124 1060 3165 cum
1102 3101 1344 3185 inpuris
1389 3111 1580 3184 atque
1624 3102 1989 3166 inmanibus
2035 3099 2411 3165 adversariis
2456 3098 2568 3163 de-

517 3209 865 3264 certantem
908 3196 1013 3260 vel
1056 3194 1580 3259 contumeliarum
1633 3196 1901 3261 verbera
1960 3195 2170 3259 subire
2224 3195 2328 3258 vel
2382 3214 2568 3257 exce-

515 3304 698 3378 ptare
734 3289 1004 3375 sapienti
1037 3310 1168 3353 non
1203 3288 1550 3353 ferendas'
1532 3289 1823 3353 mim-ias.
1860 3288 2127 3373 proinde
2164 3287 2349 3371 quasi
2382 3284 2565 3349 bonis

516 3397 582 3459 et
634 3384 908 3449 fortibus
961 3392 1025 3448 et
1076 3403 1312 3467 magno
1367 3383 1578 3447 animo
1629 3382 1933 3468 praeditis
1980 3378 1991 3467 Ι
2037 3382 2169 3445 ulla
2212 3380 2294 3444 sit
2331 3377 2423 3465 [p.
2462 3377 2565 3440 90.

517 3480 601 3545 ad
634 3501 770 3543 rem
804 3477 1127 3563 publicam
1164 3476 1442 3541 adeundi
1479 3498 1673 3541 causa
1706 3476 1931 3540 iustior
1966 3496 2162 3558 quam
2193 3495 2277 3537 ne
2301 3479 2569 3556 pareant

515 3573 798 3659 inprobis
842 3593 1005 3636 neve
1041 3570 1126 3635 ab
1160 3570 1364 3635 isdem
1399 3570 1665 3635 lacerari
1698 3592 1835 3633 rem
1869 3568 2193 3653 publicam
2225 3564 2567 3651 patiantur,

521 3689 668 3731 cum
700 3666 824 3752 ipsi
859 3665 1168 3730 auxilium
1202 3664 1388 3740 ferre,
1425 3664 1481 3729 si
1515 3664 1792 3748 cupiant,
1828 3684 1957 3727 non
1992 3670 2250 3746 queant.

649 3761 770 3824 Illa
815 3770 1027 3824 autem
1063 3759 1351 3844 exceptio
1389 3758 1495 3823 cui
1527 3758 1783 3843 probari
1818 3757 2077 3821 tandem
2110 3763 2351 3839 potest,
2394 3750 2570 3835 quod
2611 3788 2662 3826 10

521 3864 760 3937 negant
813 3854 1161 3938 sapientem
1214 3863 1657 3938 suscepturum
1708 3850 1907 3915 ullam
1949 3849 2042 3916 rei
2084 3847 2379 3957 publicae
2421 3867 2569 3929 par-

522 3958 681 4021 tem,
726 3958 904 4012 extra
947 3969 1140 4031 quam
1185 3948 1240 4011 si
1284 3969 1431 4013 eum
1475 3956 1727 4031 tempus
1772 3955 1836 4010 et
1870 3943 2213 4010 necessitas
2250 3938 2565 4026 coegerit?

523 4041 874 4125 quasivero
901 4043 1102 4105 maior
1129 4042 1426 4125 cuiquam
1451 4040 1793 4107 necessitas
1810 4038 2097 4105 accidere
2123 4035 2341 4123 possit,
2372 4053 2566 4118 quam

2617 2332 2655 2441 ‘00¹

2619 3717 2653 3769 6
