<?xml version="1.0" encoding="UTF-8"?>
<!DOCTYPE html PUBLIC "-//W3C//DTD XHTML 1.0 Transitional//EN"
    "http://www.w3.org/TR/xhtml1/DTD/xhtml1-transitional.dtd">
<html xmlns="http://www.w3.org/1999/xhtml" xml:lang="en" lang="en">
 <head>
  <title>
</title>
<meta http-equiv="Content-Type" content="text/html;charset=utf-8" />
  <meta name='ocr-system' content='tesseract 3.04.00' />
  <meta name='ocr-capabilities' content='ocr_page ocr_carea ocr_par ocr_line ocrx_word'/>
</head>
<body>
  <div class='ocr_page' id='page_1' title='image "./mtulliiciceroni03unkngoog_0520.png"; bbox 0 0 3292 4559; ppageno 0'>
   <div class='ocr_carea' id='block_1_1' title="bbox 801 238 2249 304">
    <p class='ocr_par' dir='ltr' id='par_1_1' title="bbox 801 238 2249 304">
     <span class='ocr_line' id='line_1_1' title="bbox 801 238 2249 304; baseline -0.005 0"><span class='ocrx_word' id='word_1_1' title='bbox 801 238 930 304; x_wconf 80' lang='grc'>162</span> <span class='ocrx_word' id='word_1_2' title='bbox 1413 244 1494 299; x_wconf 73' lang='grc' dir='ltr'>Μ.</span> <span class='ocrx_word' id='word_1_3' title='bbox 1531 242 1809 301; x_wconf 82' lang='lat' dir='ltr'>TULLII</span> <span class='ocrx_word' id='word_1_4' title='bbox 1840 240 2249 301; x_wconf 72' lang='lat' dir='ltr'>CICERONIS</span> 
     </span>
    </p>
   </div>
   <div class='ocr_carea' id='block_1_2' title="bbox 694 350 2945 1963">
    <p class='ocr_par' dir='ltr' id='par_1_2' title="bbox 795 350 2944 1213">
     <span class='ocr_line' id='line_1_2' title="bbox 795 350 2861 459; baseline -0.004 -20"><span class='ocrx_word' id='word_1_5' title='bbox 795 368 974 459; x_wconf 80' lang='lat' dir='ltr'>quod</span> <span class='ocrx_word' id='word_1_6' title='bbox 1017 380 1156 437; x_wconf 84' lang='lat' dir='ltr'>erat</span> <span class='ocrx_word' id='word_1_7' title='bbox 1197 390 1478 453; x_wconf 81' lang='lat' dir='ltr'>aequum</span> <span class='ocrx_word' id='word_1_8' title='bbox 1523 366 1606 433; x_wconf 91' lang='lat' dir='ltr'>de</span> <span class='ocrx_word' id='word_1_9' title='bbox 1650 389 1721 431; x_wconf 88' lang='lat' dir='ltr'>re</span> <span class='ocrx_word' id='word_1_10' title='bbox 1764 350 2029 451; x_wconf 73' lang='lat' dir='ltr'>publica</span> <span class='ocrx_word' id='word_1_11' title='bbox 2070 363 2477 450; x_wconf 84' lang='lat' dir='ltr'>potissimum</span> <span class='ocrx_word' id='word_1_12' title='bbox 2513 365 2861 452; x_wconf 81' lang='lat' dir='ltr'>principem</span> 
     </span>
     <span class='ocr_line' id='line_1_3' title="bbox 797 459 2861 553; baseline -0.004 -20"><span class='ocrx_word' id='word_1_13' title='bbox 797 468 892 533; x_wconf 89' lang='lat' dir='ltr'>rei</span> <span class='ocrx_word' id='word_1_14' title='bbox 941 466 1240 553; x_wconf 77' lang='lat' dir='ltr'>publicae</span> <span class='ocrx_word' id='word_1_15' title='bbox 1295 463 1542 539; x_wconf 82' lang='lat' dir='ltr'>dicere,</span> <span class='ocrx_word' id='word_1_16' title='bbox 1603 460 1721 526; x_wconf 88' lang='lat' dir='ltr'>sed</span> <span class='ocrx_word' id='word_1_17' title='bbox 1771 459 1968 525; x_wconf 77' lang='lat' dir='ltr'>etiam</span> <span class='ocrx_word' id='word_1_18' title='bbox 2016 460 2195 543; x_wconf 83' lang='lat' dir='ltr'>qnod</span> <span class='ocrx_word' id='word_1_19' title='bbox 2244 459 2683 525; x_wconf 77' lang='lat' dir='ltr'><strong>memineram</strong></span> <span class='ocrx_word' id='word_1_20' title='bbox 2738 484 2861 546; x_wconf 89' lang='lat' dir='ltr'>per-</span> 
     </span>
     <span class='ocr_line' id='line_1_4' title="bbox 797 553 2944 646; baseline -0.005 -18"><span class='ocrx_word' id='word_1_21' title='bbox 797 584 996 646; x_wconf 86' lang='lat' dir='ltr'>saepe</span> <span class='ocrx_word' id='word_1_22' title='bbox 1028 570 1092 625; x_wconf 83' lang='lat' dir='ltr'>te</span> <span class='ocrx_word' id='word_1_23' title='bbox 1127 580 1280 624; x_wconf 85' lang='lat' dir='ltr'>cnm</span> <span class='ocrx_word' id='word_1_24' title='bbox 1311 556 1626 621; x_wconf 77' lang='lat' dir='ltr'>Panaetio</span> <span class='ocrx_word' id='word_1_25' title='bbox 1672 554 1983 619; x_wconf 71' lang='lat' dir='ltr'>disserere</span> <span class='ocrx_word' id='word_1_26' title='bbox 2019 553 2277 619; x_wconf 80' lang='lat' dir='ltr'>solitum</span> <span class='ocrx_word' id='word_1_27' title='bbox 2312 576 2539 619; x_wconf 83' lang='lat' dir='ltr'>coram</span> <span class='ocrx_word' id='word_1_28' title='bbox 2570 553 2863 641; x_wconf 78' lang='lat' dir='ltr'>Polybio,</span> <span class='ocrx_word' id='word_1_29' title='bbox 2942 630 2944 635; x_wconf 90' lang='lat'><em>.</em></span> 
     </span>
     <span class='ocr_line' id='line_1_5' title="bbox 799 647 2865 735; baseline -0.003 -14"><span class='ocrx_word' id='word_1_30' title='bbox 799 656 1054 721; x_wconf 80' lang='lat' dir='ltr'>duobus</span> <span class='ocrx_word' id='word_1_31' title='bbox 1099 652 1372 719; x_wconf 69' lang='lat' dir='ltr'>Graecis</span> <span class='ocrx_word' id='word_1_32' title='bbox 1415 652 1520 717; x_wconf 79' lang='lat' dir='ltr'>vel</span> <span class='ocrx_word' id='word_1_33' title='bbox 1559 648 1963 735; x_wconf 82' lang='lat' dir='ltr'>peritissimis</span> <span class='ocrx_word' id='word_1_34' title='bbox 2002 670 2220 714; x_wconf 84' lang='lat' dir='ltr'>rerum</span> <span class='ocrx_word' id='word_1_35' title='bbox 2264 647 2591 725; x_wconf 79' lang='lat' dir='ltr'>civilium,</span> <span class='ocrx_word' id='word_1_36' title='bbox 2648 651 2865 715; x_wconf 82' lang='lat' dir='ltr'>multa-</span> 
     </span>
     <span class='ocr_line' id='line_1_6' title="bbox 799 742 2865 834; baseline -0.004 -18"><span class='ocrx_word' id='word_1_37' title='bbox 799 772 928 834; x_wconf 86' lang='lat' dir='ltr'>que</span> <span class='ocrx_word' id='word_1_38' title='bbox 963 747 1286 834; x_wconf 85' lang='lat' dir='ltr'>conligere</span> <span class='ocrx_word' id='word_1_39' title='bbox 1319 767 1398 811; x_wconf 81' lang='lat' dir='ltr'>ac</span> <span class='ocrx_word' id='word_1_40' title='bbox 1431 745 1695 819; x_wconf 80' lang='lat' dir='ltr'>docere,</span> <span class='ocrx_word' id='word_1_41' title='bbox 1730 743 2045 829; x_wconf 80' lang='lat' dir='ltr'>optimum</span> <span class='ocrx_word' id='word_1_42' title='bbox 2076 742 2271 827; x_wconf 84' lang='lat' dir='ltr'>longe</span> <span class='ocrx_word' id='word_1_43' title='bbox 2312 752 2561 807; x_wconf 81' lang='lat' dir='ltr'>statum</span> <span class='ocrx_word' id='word_1_44' title='bbox 2600 742 2865 809; x_wconf 71' lang='lat' dir='ltr'>civitatis</span> 
     </span>
     <span class='ocr_line' id='line_1_7' title="bbox 797 834 2867 924; baseline -0.004 -14"><span class='ocrx_word' id='word_1_45' title='bbox 797 866 942 909; x_wconf 85' lang='lat' dir='ltr'>esse</span> <span class='ocrx_word' id='word_1_46' title='bbox 985 864 1168 919; x_wconf 81' lang='lat' dir='ltr'>eum,</span> <span class='ocrx_word' id='word_1_47' title='bbox 1211 862 1408 924; x_wconf 84' lang='lat' dir='ltr'>quem</span> <span class='ocrx_word' id='word_1_48' title='bbox 1449 838 1727 903; x_wconf 81' lang='lat' dir='ltr'>maiores</span> <span class='ocrx_word' id='word_1_49' title='bbox 1768 836 1971 903; x_wconf 82' lang='lat' dir='ltr'>nostri</span> <span class='ocrx_word' id='word_1_50' title='bbox 2002 834 2189 901; x_wconf 84' lang='lat' dir='ltr'>nobis</span> <span class='ocrx_word' id='word_1_51' title='bbox 2220 835 2669 920; x_wconf 74' lang='lat' dir='ltr'>reliquissent.</span> <span class='ocrx_word' id='word_1_52' title='bbox 2756 860 2867 921; x_wconf 80' lang='lat' dir='ltr'>qua</span> 
     </span>
     <span class='ocr_line' id='line_1_8' title="bbox 796 928 2865 1024; baseline -0.004 -21"><span class='ocrx_word' id='word_1_53' title='bbox 796 959 866 1024; x_wconf 86' lang='lat' dir='ltr'>p.</span> <span class='ocrx_word' id='word_1_54' title='bbox 889 935 1076 1024; x_wconf 65' lang='lat'>294]</span> <span class='ocrx_word' id='word_1_55' title='bbox 1110 937 1180 1001; x_wconf 89' lang='lat' dir='ltr'>in</span> <span class='ocrx_word' id='word_1_56' title='bbox 1213 935 1644 1020; x_wconf 82' lang='lat' dir='ltr'>disputatione</span> <span class='ocrx_word' id='word_1_57' title='bbox 1678 931 1983 1016; x_wconf 81' lang='lat' dir='ltr'>quoniam</span> <span class='ocrx_word' id='word_1_58' title='bbox 2014 942 2089 995; x_wconf 84' lang='lat' dir='ltr'>tu</span> <span class='ocrx_word' id='word_1_59' title='bbox 2124 928 2137 1016; x_wconf 76' lang='grc' dir='ltr'>Ι</span> <span class='ocrx_word' id='word_1_60' title='bbox 2172 930 2457 1016; x_wconf 80' lang='lat' dir='ltr'>paratior</span> <span class='ocrx_word' id='word_1_61' title='bbox 2492 952 2591 1008; x_wconf 88' lang='lat' dir='ltr'>es,</span> <span class='ocrx_word' id='word_1_62' title='bbox 2632 930 2865 1006; x_wconf 67' lang='lat' dir='ltr'>feceriS,</span> 
     </span>
     <span class='ocr_line' id='line_1_9' title="bbox 799 1024 2861 1117; baseline -0.004 -18"><span class='ocrx_word' id='word_1_63' title='bbox 799 1045 872 1099; x_wconf 85' lang='lat' dir='ltr'>ut</span> <span class='ocrx_word' id='word_1_64' title='bbox 923 1033 1118 1099; x_wconf 78' lang='lat' dir='ltr'>etiam</span> <span class='ocrx_word' id='word_1_65' title='bbox 1167 1052 1286 1117; x_wconf 86' lang='lat' dir='ltr'>pro</span> <span class='ocrx_word' id='word_1_66' title='bbox 1339 1030 1440 1095; x_wconf 86' lang='lat' dir='ltr'>his</span> <span class='ocrx_word' id='word_1_67' title='bbox 1485 1028 1731 1105; x_wconf 78' lang='lat' dir='ltr'>dicam,</span> <span class='ocrx_word' id='word_1_68' title='bbox 1782 1026 1837 1091; x_wconf 85' lang='lat' dir='ltr'>si</span> <span class='ocrx_word' id='word_1_69' title='bbox 1882 1026 1963 1091; x_wconf 88' lang='lat' dir='ltr'>de</span> <span class='ocrx_word' id='word_1_70' title='bbox 2006 1048 2077 1091; x_wconf 91' lang='lat' dir='ltr'>re</span> <span class='ocrx_word' id='word_1_71' title='bbox 2118 1024 2379 1110; x_wconf 85' lang='lat' dir='ltr'>publica</span> <span class='ocrx_word' id='word_1_72' title='bbox 2420 1025 2591 1109; x_wconf 86' lang='lat' dir='ltr'>quid</span> <span class='ocrx_word' id='word_1_73' title='bbox 2646 1028 2861 1093; x_wconf 77' lang='lat' dir='ltr'>sentias</span> 
     </span>
     <span class='ocr_line' id='line_1_10' title="bbox 799 1120 2043 1213; baseline -0.007 -20"><span class='ocrx_word' id='word_1_74' title='bbox 799 1126 1159 1213; x_wconf 80' lang='lat' dir='ltr'>explicatis,</span> <span class='ocrx_word' id='word_1_75' title='bbox 1193 1125 1380 1191; x_wconf 83' lang='lat' dir='ltr'>nobis</span> <span class='ocrx_word' id='word_1_76' title='bbox 1413 1134 1675 1209; x_wconf 80' lang='lat' dir='ltr'>gratum</span> <span class='ocrx_word' id='word_1_77' title='bbox 1706 1120 2043 1187; x_wconf 84' lang='lat' dir='ltr'>omnibus.&#39;</span> 
     </span>
    </p>

    <p class='ocr_par' dir='ltr' id='par_1_3' title="bbox 694 1204 2945 1963">
     <span class='ocr_line' id='line_1_11' title="bbox 694 1204 2856 1317; baseline -0.003 -32"><span class='ocrx_word' id='word_1_78' title='bbox 694 1204 766 1317; x_wconf 65' lang='lat'>²3}</span> <span class='ocrx_word' id='word_1_79' title='bbox 928 1213 2856 1302; x_wconf 79' lang='lat' dir='ltr'>Tumillez‘nonpossumequidemdiceremeullain</span> 
     </span>
     <span class='ocr_line' id='line_1_12' title="bbox 801 1307 2855 1399; baseline -0.003 -19"><span class='ocrx_word' id='word_1_80' title='bbox 801 1314 1190 1399; x_wconf 79' lang='lat' dir='ltr'>cogitatione</span> <span class='ocrx_word' id='word_1_81' title='bbox 1234 1312 1444 1377; x_wconf 86' lang='lat' dir='ltr'>acrius</span> <span class='ocrx_word' id='word_1_82' title='bbox 1496 1322 1612 1376; x_wconf 87' lang='lat' dir='ltr'>aut</span> <span class='ocrx_word' id='word_1_83' title='bbox 1643 1309 2015 1395; x_wconf 85' lang='lat' dir='ltr'>diligentius</span> <span class='ocrx_word' id='word_1_84' title='bbox 2048 1308 2253 1373; x_wconf 84' lang='lat' dir='ltr'>solere</span> <span class='ocrx_word' id='word_1_85' title='bbox 2288 1307 2539 1371; x_wconf 81' lang='lat' dir='ltr'>versari</span> <span class='ocrx_word' id='word_1_86' title='bbox 2574 1329 2782 1391; x_wconf 84' lang='lat' dir='ltr'>quam</span> <span class='ocrx_word' id='word_1_87' title='bbox 2808 1310 2855 1373; x_wconf 87' lang='lat' dir='ltr'>in</span> 
     </span>
     <span class='ocr_line' id='line_1_13' title="bbox 797 1401 2945 1963; baseline -0.002 -490"><span class='ocrx_word' id='word_1_88' title='bbox 797 1409 926 1473; x_wconf 79' lang='lat' dir='ltr'>ista</span> <span class='ocrx_word' id='word_1_89' title='bbox 955 1407 1120 1493; x_wconf 79' lang='lat' dir='ltr'>ipsa,</span> <span class='ocrx_word' id='word_1_90' title='bbox 1151 1428 1320 1492; x_wconf 86' lang='lat' dir='ltr'>quae</span> <span class='ocrx_word' id='word_1_91' title='bbox 1353 1404 1534 1483; x_wconf 81' lang='lat' dir='ltr'>mihi,</span> <span class='ocrx_word' id='word_1_92' title='bbox 1569 1404 1779 1481; x_wconf 83' lang='lat' dir='ltr'>Laeli,</span> <span class='ocrx_word' id='word_1_93' title='bbox 1814 1426 1855 1467; x_wconf 84' lang='lat' dir='ltr'>a</span> <span class='ocrx_word' id='word_1_94' title='bbox 1888 1414 1955 1469; x_wconf 88' lang='lat' dir='ltr'>te</span> <span class='ocrx_word' id='word_1_95' title='bbox 1989 1401 2393 1487; x_wconf 77' lang='lat' dir='ltr'><strong>proponitur:</strong></span> <span class='ocrx_word' id='word_1_96' title='bbox 2442 1402 2705 1467; x_wconf 83' lang='lat' dir='ltr'>etenim</span> <span class='ocrx_word' id='word_1_97' title='bbox 2738 1426 2855 1469; x_wconf 87' lang='lat' dir='ltr'>cum</span> <span class='ocrx_word' id='word_1_98' title='bbox 2923 1452 2945 1963; x_wconf 56' lang='lat'><strong><em>⁴</em></strong></span> 
     </span>
    </p>
   </div>
   <div class='ocr_carea' id='block_1_3' title="bbox 2928 638 2945 1007">
    <p class='ocr_par' dir='ltr' id='par_1_4' title="bbox 2928 638 2945 1007">
     <span class='ocr_line' id='line_1_14' title="bbox 2928 638 2945 1007; baseline 0 3552"><span class='ocrx_word' id='word_1_99' title='bbox 2928 638 2945 1007; x_wconf 95' lang='lat' dir='ltr'> </span> 
     </span>
    </p>
   </div>
   <div class='ocr_carea' id='block_1_4' title="bbox 693 1494 2944 4125">
    <p class='ocr_par' dir='ltr' id='par_1_5' title="bbox 797 1494 2944 2149">
     <span class='ocr_line' id='line_1_15' title="bbox 798 1494 2857 1585; baseline -0.003 -18"><span class='ocrx_word' id='word_1_100' title='bbox 798 1502 868 1567; x_wconf 91' lang='lat' dir='ltr'>in</span> <span class='ocrx_word' id='word_1_101' title='bbox 919 1522 1036 1565; x_wconf 80' lang='lat' dir='ltr'>suo</span> <span class='ocrx_word' id='word_1_102' title='bbox 1087 1521 1408 1585; x_wconf 82' lang='lat' dir='ltr'>quemque</span> <span class='ocrx_word' id='word_1_103' title='bbox 1459 1520 1657 1585; x_wconf 85' lang='lat' dir='ltr'>opere</span> <span class='ocrx_word' id='word_1_104' title='bbox 1708 1496 2049 1573; x_wconf 82' lang='lat' dir='ltr'>artificem,</span> <span class='ocrx_word' id='word_1_105' title='bbox 2100 1495 2213 1579; x_wconf 89' lang='lat' dir='ltr'>qui</span> <span class='ocrx_word' id='word_1_106' title='bbox 2264 1494 2533 1579; x_wconf 83' lang='lat' dir='ltr'>quidem</span> <span class='ocrx_word' id='word_1_107' title='bbox 2582 1499 2857 1571; x_wconf 81' lang='lat' dir='ltr'>excellat,</span> 
     </span>
     <span class='ocr_line' id='line_1_16' title="bbox 797 1589 2859 1679; baseline -0.002 -20"><span class='ocrx_word' id='word_1_108' title='bbox 797 1594 958 1659; x_wconf 86' lang='lat' dir='ltr'>nihil</span> <span class='ocrx_word' id='word_1_109' title='bbox 993 1593 1172 1659; x_wconf 83' lang='lat' dir='ltr'>aliud</span> <span class='ocrx_word' id='word_1_110' title='bbox 1203 1594 1510 1679; x_wconf 82' lang='lat' dir='ltr'>cogitare,</span> <span class='ocrx_word' id='word_1_111' title='bbox 1543 1591 1873 1667; x_wconf 83' lang='lat' dir='ltr'>meditari,</span> <span class='ocrx_word' id='word_1_112' title='bbox 1908 1612 2133 1657; x_wconf 84' lang='lat' dir='ltr'>curare</span> <span class='ocrx_word' id='word_1_113' title='bbox 2166 1589 2423 1657; x_wconf 81' lang='lat' dir='ltr'>videam</span> <span class='ocrx_word' id='word_1_114' title='bbox 2456 1590 2597 1657; x_wconf 89' lang='lat' dir='ltr'>nisi</span> <span class='ocrx_word' id='word_1_115' title='bbox 2634 1614 2768 1676; x_wconf 88' lang='lat' dir='ltr'>quo</span> <span class='ocrx_word' id='word_1_116' title='bbox 2800 1592 2859 1655; x_wconf 84' lang='lat' dir='ltr'>sit</span> 
     </span>
     <span class='ocr_line' id='line_1_17' title="bbox 798 1683 2861 1777; baseline -0.001 -23"><span class='ocrx_word' id='word_1_117' title='bbox 798 1713 864 1777; x_wconf 88' lang='lat' dir='ltr'>p.</span> <span class='ocrx_word' id='word_1_118' title='bbox 899 1686 1084 1775; x_wconf 65' lang='lat'>221]</span> <span class='ocrx_word' id='word_1_119' title='bbox 1127 1690 1196 1755; x_wconf 85' lang='lat' dir='ltr'>in</span> <span class='ocrx_word' id='word_1_120' title='bbox 1227 1690 1340 1753; x_wconf 91' lang='lat' dir='ltr'>illo</span> <span class='ocrx_word' id='word_1_121' title='bbox 1371 1686 1626 1773; x_wconf 67' lang='lat' dir='ltr'>genelre</span> <span class='ocrx_word' id='word_1_122' title='bbox 1660 1685 1915 1761; x_wconf 82' lang='lat' dir='ltr'>melior,</span> <span class='ocrx_word' id='word_1_123' title='bbox 1956 1706 2109 1770; x_wconf 83' lang='lat' dir='ltr'>ego,</span> <span class='ocrx_word' id='word_1_124' title='bbox 2154 1706 2303 1749; x_wconf 87' lang='lat' dir='ltr'>cum</span> <span class='ocrx_word' id='word_1_125' title='bbox 2350 1683 2519 1749; x_wconf 86' lang='lat' dir='ltr'>mihi</span> <span class='ocrx_word' id='word_1_126' title='bbox 2554 1685 2649 1751; x_wconf 87' lang='lat' dir='ltr'>sit</span> <span class='ocrx_word' id='word_1_127' title='bbox 2684 1710 2861 1751; x_wconf 88' lang='lat' dir='ltr'>unum</span> 
     </span>
     <span class='ocr_line' id='line_1_18' title="bbox 801 1777 2863 1870; baseline -0.003 -18"><span class='ocrx_word' id='word_1_128' title='bbox 801 1806 964 1870; x_wconf 87' lang='lat' dir='ltr'>opus</span> <span class='ocrx_word' id='word_1_129' title='bbox 997 1783 1122 1849; x_wconf 85' lang='lat' dir='ltr'>hoc</span> <span class='ocrx_word' id='word_1_130' title='bbox 1155 1806 1198 1848; x_wconf 87' lang='lat' dir='ltr'>a</span> <span class='ocrx_word' id='word_1_131' title='bbox 1228 1781 1602 1868; x_wconf 85' lang='lat' dir='ltr'>parentibus</span> <span class='ocrx_word' id='word_1_132' title='bbox 1637 1779 2115 1862; x_wconf 84' lang='lat' dir='ltr'>maioribusque</span> <span class='ocrx_word' id='word_1_133' title='bbox 2148 1777 2309 1843; x_wconf 87' lang='lat' dir='ltr'>meis</span> <span class='ocrx_word' id='word_1_134' title='bbox 2343 1778 2659 1845; x_wconf 81' lang='lat' dir='ltr'>relictum</span> <span class='ocrx_word' id='word_1_135' title='bbox 2672 1829 2693 1857; x_wconf 89' lang='lat'>,</span> <span class='ocrx_word' id='word_1_136' title='bbox 2740 1804 2863 1866; x_wconf 88' lang='lat' dir='ltr'>pro-</span> 
     </span>
     <span class='ocr_line' id='line_1_19' title="bbox 801 1872 2863 1961; baseline -0.002 -17"><span class='ocrx_word' id='word_1_137' title='bbox 801 1878 1046 1943; x_wconf 75' lang='lat' dir='ltr'>curatio</span> <span class='ocrx_word' id='word_1_138' title='bbox 1091 1888 1288 1961; x_wconf 86' lang='lat' dir='ltr'>atque</span> <span class='ocrx_word' id='word_1_139' title='bbox 1333 1875 1799 1941; x_wconf 70' lang='lat' dir='ltr'><strong>administratio</strong></span> <span class='ocrx_word' id='word_1_140' title='bbox 1832 1873 1927 1939; x_wconf 90' lang='lat' dir='ltr'>rei</span> <span class='ocrx_word' id='word_1_141' title='bbox 1963 1872 2281 1959; x_wconf 87' lang='lat' dir='ltr'>publicae,</span> <span class='ocrx_word' id='word_1_142' title='bbox 2314 1894 2449 1938; x_wconf 90' lang='lat' dir='ltr'>non</span> <span class='ocrx_word' id='word_1_143' title='bbox 2474 1894 2591 1939; x_wconf 88' lang='lat' dir='ltr'>me</span> <span class='ocrx_word' id='word_1_144' title='bbox 2620 1875 2863 1941; x_wconf 83' lang='lat' dir='ltr'>inertio-</span> 
     </span>
     <span class='ocr_line' id='line_1_20' title="bbox 799 1968 2944 2053; baseline -0.004 -16"><span class='ocrx_word' id='word_1_145' title='bbox 799 1994 938 2037; x_wconf 87' lang='lat' dir='ltr'>rem</span> <span class='ocrx_word' id='word_1_146' title='bbox 988 1993 1128 2038; x_wconf 88' lang='lat' dir='ltr'>esse</span> <span class='ocrx_word' id='word_1_147' title='bbox 1173 1971 1480 2036; x_wconf 86' lang='lat' dir='ltr'>confitear</span> <span class='ocrx_word' id='word_1_148' title='bbox 1521 1991 1719 2053; x_wconf 85' lang='lat' dir='ltr'>quam</span> <span class='ocrx_word' id='word_1_149' title='bbox 1762 1969 2055 2053; x_wconf 87' lang='lat' dir='ltr'>opificem</span> <span class='ocrx_word' id='word_1_150' title='bbox 2091 1988 2520 2050; x_wconf 88' lang='lat' dir='ltr'>quemquam,</span> <span class='ocrx_word' id='word_1_151' title='bbox 2572 1968 2635 2033; x_wconf 80' lang='lat' dir='ltr'>si</span> <span class='ocrx_word' id='word_1_152' title='bbox 2672 1970 2863 2033; x_wconf 76' lang='lat' dir='ltr'>minus</span> <span class='ocrx_word' id='word_1_153' title='bbox 2942 2022 2944 2029; x_wconf 92' lang='lat'><em>.</em></span> 
     </span>
     <span class='ocr_line' id='line_1_21' title="bbox 799 2060 2865 2149; baseline -0.001 -18"><span class='ocrx_word' id='word_1_154' title='bbox 799 2066 868 2131; x_wconf 88' lang='lat' dir='ltr'>in</span> <span class='ocrx_word' id='word_1_155' title='bbox 901 2066 1182 2131; x_wconf 80' lang='lat' dir='ltr'>maxima</span> <span class='ocrx_word' id='word_1_156' title='bbox 1217 2076 1374 2140; x_wconf 86' lang='lat' dir='ltr'>arte,</span> <span class='ocrx_word' id='word_1_157' title='bbox 1407 2086 1604 2148; x_wconf 89' lang='lat' dir='ltr'>quam</span> <span class='ocrx_word' id='word_1_158' title='bbox 1637 2063 1733 2127; x_wconf 89' lang='lat' dir='ltr'>illi</span> <span class='ocrx_word' id='word_1_159' title='bbox 1757 2062 1825 2127; x_wconf 91' lang='lat' dir='ltr'>in</span> <span class='ocrx_word' id='word_1_160' title='bbox 1856 2060 2156 2138; x_wconf 87' lang='lat' dir='ltr'>minimis,</span> <span class='ocrx_word' id='word_1_161' title='bbox 2191 2082 2425 2147; x_wconf 80' lang='lat' dir='ltr'>operae</span> <span class='ocrx_word' id='word_1_162' title='bbox 2452 2082 2865 2149; x_wconf 83' lang='lat' dir='ltr'>consumpse-</span> 
     </span>
    </p>

    <p class='ocr_par' dir='ltr' id='par_1_6' title="bbox 713 2155 2944 3089">
     <span class='ocr_line' id='line_1_22' title="bbox 713 2155 2862 2242; baseline 0.002 -23"><span class='ocrx_word' id='word_1_163' title='bbox 713 2179 768 2219; x_wconf 75' lang='lat'>36</span> <span class='ocrx_word' id='word_1_164' title='bbox 801 2160 964 2225; x_wconf 75' lang='lat' dir='ltr'>rim?</span> <span class='ocrx_word' id='word_1_165' title='bbox 1032 2159 1146 2227; x_wconf 88' lang='lat' dir='ltr'>sed</span> <span class='ocrx_word' id='word_1_166' title='bbox 1179 2180 1392 2242; x_wconf 89' lang='lat' dir='ltr'>neque</span> <span class='ocrx_word' id='word_1_167' title='bbox 1425 2158 1526 2223; x_wconf 90' lang='lat' dir='ltr'>his</span> <span class='ocrx_word' id='word_1_168' title='bbox 1563 2168 1897 2223; x_wconf 86' lang='lat' dir='ltr'>contentus</span> <span class='ocrx_word' id='word_1_169' title='bbox 1932 2178 2098 2233; x_wconf 89' lang='lat' dir='ltr'>sum,</span> <span class='ocrx_word' id='word_1_170' title='bbox 2134 2176 2301 2239; x_wconf 83' lang='lat' dir='ltr'>quae</span> <span class='ocrx_word' id='word_1_171' title='bbox 2336 2155 2419 2221; x_wconf 90' lang='lat' dir='ltr'>de</span> <span class='ocrx_word' id='word_1_172' title='bbox 2454 2156 2587 2221; x_wconf 87' lang='lat' dir='ltr'>ista</span> <span class='ocrx_word' id='word_1_173' title='bbox 2624 2160 2862 2224; x_wconf 79' lang='lat' dir='ltr'>consul·</span> 
     </span>
     <span class='ocr_line' id='line_1_23' title="bbox 799 2247 2944 2336; baseline -0.002 -17"><span class='ocrx_word' id='word_1_174' title='bbox 799 2254 1038 2319; x_wconf 84' lang='lat' dir='ltr'>tatione</span> <span class='ocrx_word' id='word_1_175' title='bbox 1083 2252 1318 2336; x_wconf 83' lang='lat' dir='ltr'>scripta</span> <span class='ocrx_word' id='word_1_176' title='bbox 1367 2250 1552 2317; x_wconf 87' lang='lat' dir='ltr'>nobis</span> <span class='ocrx_word' id='word_1_177' title='bbox 1587 2250 1821 2315; x_wconf 88' lang='lat' dir='ltr'>summi</span> <span class='ocrx_word' id='word_1_178' title='bbox 1856 2272 1939 2315; x_wconf 87' lang='lat' dir='ltr'>ex</span> <span class='ocrx_word' id='word_1_179' title='bbox 1974 2247 2253 2315; x_wconf 78' lang='lat' dir='ltr'>Graecia</span> <span class='ocrx_word' id='word_1_180' title='bbox 2286 2248 2859 2335; x_wconf 78' lang='lat' dir='ltr'>sapientissimique</span> <span class='ocrx_word' id='word_1_181' title='bbox 2943 2262 2944 2266; x_wconf 77' lang='grc'>’</span> 
     </span>
     <span class='ocr_line' id='line_1_24' title="bbox 799 2341 2859 2432; baseline -0.001 -22"><span class='ocrx_word' id='word_1_182' title='bbox 799 2370 862 2432; x_wconf 91' lang='lat' dir='ltr'>p.</span> <span class='ocrx_word' id='word_1_183' title='bbox 899 2343 1084 2429; x_wconf 67' lang='lat'>222]</span> <span class='ocrx_word' id='word_1_184' title='bbox 1123 2345 1414 2411; x_wconf 85' lang='lat' dir='ltr'>homines</span> <span class='ocrx_word' id='word_1_185' title='bbox 1455 2345 1882 2427; x_wconf 84' lang='lat' dir='ltr'>reliquerunt,</span> <span class='ocrx_word' id='word_1_186' title='bbox 1926 2362 2137 2427; x_wconf 85' lang='lat' dir='ltr'>neque</span> <span class='ocrx_word' id='word_1_187' title='bbox 2174 2341 2185 2427; x_wconf 84' lang='grc' dir='ltr'>Ι</span> <span class='ocrx_word' id='word_1_188' title='bbox 2224 2366 2329 2419; x_wconf 91' lang='lat' dir='ltr'>ea,</span> <span class='ocrx_word' id='word_1_189' title='bbox 2374 2364 2552 2426; x_wconf 87' lang='lat' dir='ltr'>quae</span> <span class='ocrx_word' id='word_1_190' title='bbox 2589 2346 2757 2411; x_wconf 85' lang='lat' dir='ltr'>mihi</span> <span class='ocrx_word' id='word_1_191' title='bbox 2788 2346 2859 2408; x_wconf 84' lang='lat' dir='ltr'>vi-</span> 
     </span>
     <span class='ocr_line' id='line_1_25' title="bbox 799 2438 2856 2523; baseline 0.001 -20"><span class='ocrx_word' id='word_1_192' title='bbox 799 2440 1050 2515; x_wconf 86' lang='lat' dir='ltr'>dentur,</span> <span class='ocrx_word' id='word_1_193' title='bbox 1087 2439 1402 2503; x_wconf 84' lang='lat' dir='ltr'>anteferre</span> <span class='ocrx_word' id='word_1_194' title='bbox 1435 2439 1558 2503; x_wconf 89' lang='lat' dir='ltr'>illis</span> <span class='ocrx_word' id='word_1_195' title='bbox 1593 2439 1824 2505; x_wconf 82' lang='lat' dir='ltr'>audeo.</span> <span class='ocrx_word' id='word_1_196' title='bbox 1895 2460 2093 2523; x_wconf 84' lang='lat' dir='ltr'>quam</span> <span class='ocrx_word' id='word_1_197' title='bbox 2124 2438 2211 2503; x_wconf 87' lang='lat' dir='ltr'>ob</span> <span class='ocrx_word' id='word_1_198' title='bbox 2246 2460 2383 2503; x_wconf 87' lang='lat' dir='ltr'>rem</span> <span class='ocrx_word' id='word_1_199' title='bbox 2419 2449 2579 2523; x_wconf 89' lang='lat' dir='ltr'>peto</span> <span class='ocrx_word' id='word_1_200' title='bbox 2616 2464 2664 2505; x_wconf 87' lang='lat' dir='ltr'>a</span> <span class='ocrx_word' id='word_1_201' title='bbox 2700 2440 2856 2505; x_wconf 77' lang='lat' dir='ltr'>vobis</span> 
     </span>
     <span class='ocr_line' id='line_1_26' title="bbox 799 2532 2943 2633; baseline 0 -34"><span class='ocrx_word' id='word_1_202' title='bbox 799 2543 873 2599; x_wconf 89' lang='lat' dir='ltr'>ut</span> <span class='ocrx_word' id='word_1_203' title='bbox 918 2554 1022 2599; x_wconf 84' lang='lat' dir='ltr'>me</span> <span class='ocrx_word' id='word_1_204' title='bbox 1070 2532 1161 2597; x_wconf 92' lang='lat' dir='ltr'>sic</span> <span class='ocrx_word' id='word_1_205' title='bbox 1206 2532 1510 2609; x_wconf 88' lang='lat' dir='ltr'>audiatis,</span> <span class='ocrx_word' id='word_1_206' title='bbox 1554 2554 1765 2615; x_wconf 84' lang='lat' dir='ltr'>neque</span> <span class='ocrx_word' id='word_1_207' title='bbox 1810 2544 1883 2597; x_wconf 89' lang='lat' dir='ltr'>ut</span> <span class='ocrx_word' id='word_1_208' title='bbox 1916 2533 2177 2597; x_wconf 89' lang='lat' dir='ltr'>omnino</span> <span class='ocrx_word' id='word_1_209' title='bbox 2211 2543 2549 2617; x_wconf 86' lang='lat' dir='ltr'>expertem</span> <span class='ocrx_word' id='word_1_210' title='bbox 2590 2532 2859 2601; x_wconf 81' lang='lat' dir='ltr'>Graeca-</span> <span class='ocrx_word' id='word_1_211' title='bbox 2940 2550 2943 2633; x_wconf 59' lang='lat' dir='ltr'>y</span> 
     </span>
     <span class='ocr_line' id='line_1_27' title="bbox 799 2627 2940 2715; baseline 0 -24"><span class='ocrx_word' id='word_1_212' title='bbox 799 2648 944 2691; x_wconf 86' lang='lat' dir='ltr'>rum</span> <span class='ocrx_word' id='word_1_213' title='bbox 977 2648 1192 2693; x_wconf 86' lang='lat' dir='ltr'>rerum</span> <span class='ocrx_word' id='word_1_214' title='bbox 1225 2648 1436 2711; x_wconf 84' lang='lat' dir='ltr'>neque</span> <span class='ocrx_word' id='word_1_215' title='bbox 1467 2638 1542 2693; x_wconf 85' lang='lat' dir='ltr'>ut</span> <span class='ocrx_word' id='word_1_216' title='bbox 1577 2650 1689 2693; x_wconf 86' lang='lat' dir='ltr'>eas</span> <span class='ocrx_word' id='word_1_217' title='bbox 1724 2627 1955 2693; x_wconf 87' lang='lat' dir='ltr'>nostris</span> <span class='ocrx_word' id='word_1_218' title='bbox 1981 2627 2049 2693; x_wconf 87' lang='lat' dir='ltr'>in</span> <span class='ocrx_word' id='word_1_219' title='bbox 2078 2627 2201 2693; x_wconf 88' lang='lat' dir='ltr'>hoc</span> <span class='ocrx_word' id='word_1_220' title='bbox 2226 2628 2611 2712; x_wconf 88' lang='lat' dir='ltr'>praesertim</span> <span class='ocrx_word' id='word_1_221' title='bbox 2642 2652 2863 2715; x_wconf 83' lang='lat' dir='ltr'>genere</span> <span class='ocrx_word' id='word_1_222' title='bbox 2938 2654 2940 2671; x_wconf 85' lang='lat'>=</span> 
     </span>
     <span class='ocr_line' id='line_1_28' title="bbox 800 2722 2867 2810; baseline 0 -23"><span class='ocrx_word' id='word_1_223' title='bbox 800 2732 1320 2807; x_wconf 83' lang='lat' dir='ltr'>anteponentem,</span> <span class='ocrx_word' id='word_1_224' title='bbox 1371 2722 1488 2788; x_wconf 89' lang='lat' dir='ltr'>sed</span> <span class='ocrx_word' id='word_1_225' title='bbox 1539 2733 1614 2786; x_wconf 89' lang='lat' dir='ltr'>ut</span> <span class='ocrx_word' id='word_1_226' title='bbox 1665 2744 1867 2787; x_wconf 88' lang='lat' dir='ltr'>unum</span> <span class='ocrx_word' id='word_1_227' title='bbox 1910 2745 1949 2787; x_wconf 88' lang='lat' dir='ltr'>e</span> <span class='ocrx_word' id='word_1_228' title='bbox 1994 2722 2227 2808; x_wconf 78' lang='lat' dir='ltr'>togatis</span> <span class='ocrx_word' id='word_1_229' title='bbox 2278 2722 2480 2807; x_wconf 87' lang='lat' dir='ltr'>patris</span> <span class='ocrx_word' id='word_1_230' title='bbox 2542 2723 2867 2810; x_wconf 85' lang='lat' dir='ltr'>diligentia</span> 
     </span>
     <span class='ocr_line' id='line_1_29' title="bbox 797 2815 2866 2903; baseline 0 -22"><span class='ocrx_word' id='word_1_231' title='bbox 797 2838 930 2881; x_wconf 87' lang='lat' dir='ltr'>non</span> <span class='ocrx_word' id='word_1_232' title='bbox 970 2816 1386 2883; x_wconf 80' lang='lat' dir='ltr'>inliberaliter</span> <span class='ocrx_word' id='word_1_233' title='bbox 1419 2815 1783 2881; x_wconf 87' lang='lat' dir='ltr'>institutum</span> <span class='ocrx_word' id='word_1_234' title='bbox 1818 2817 2157 2900; x_wconf 86' lang='lat' dir='ltr'>studioque</span> <span class='ocrx_word' id='word_1_235' title='bbox 2194 2815 2483 2881; x_wconf 87' lang='lat' dir='ltr'>discendi</span> <span class='ocrx_word' id='word_1_236' title='bbox 2520 2840 2567 2881; x_wconf 83' lang='lat' dir='ltr'>a</span> <span class='ocrx_word' id='word_1_237' title='bbox 2600 2818 2866 2903; x_wconf 84' lang='lat' dir='ltr'>pueritia</span> 
     </span>
     <span class='ocr_line' id='line_1_30' title="bbox 797 2909 2867 2997; baseline 0 -22"><span class='ocrx_word' id='word_1_238' title='bbox 797 2912 1160 2988; x_wconf 85' lang='lat' dir='ltr'>incensum,</span> <span class='ocrx_word' id='word_1_239' title='bbox 1229 2933 1353 2976; x_wconf 89' lang='lat' dir='ltr'>usu</span> <span class='ocrx_word' id='word_1_240' title='bbox 1416 2921 1632 2977; x_wconf 84' lang='lat' dir='ltr'>tamen</span> <span class='ocrx_word' id='word_1_241' title='bbox 1694 2922 1761 2975; x_wconf 93' lang='lat' dir='ltr'>et</span> <span class='ocrx_word' id='word_1_242' title='bbox 1820 2909 2185 2976; x_wconf 80' lang='lat' dir='ltr'>domesticis</span> <span class='ocrx_word' id='word_1_243' title='bbox 2248 2912 2619 2997; x_wconf 74' lang='lat' dir='ltr'>praeceptis</span> <span class='ocrx_word' id='word_1_244' title='bbox 2681 2914 2867 2977; x_wconf 82' lang='lat' dir='ltr'>multo</span> 
     </span>
     <span class='ocr_line' id='line_1_31' title="bbox 799 3003 1897 3089; baseline 0 -20"><span class='ocrx_word' id='word_1_245' title='bbox 799 3006 1006 3089; x_wconf 85' lang='lat' dir='ltr'>magis</span> <span class='ocrx_word' id='word_1_246' title='bbox 1041 3005 1362 3073; x_wconf 85' lang='lat' dir='ltr'>eruditum</span> <span class='ocrx_word' id='word_1_247' title='bbox 1397 3026 1593 3087; x_wconf 87' lang='lat' dir='ltr'>quam</span> <span class='ocrx_word' id='word_1_248' title='bbox 1626 3003 1897 3069; x_wconf 86' lang='lat' dir='ltr'>litteris.&#39;</span> 
     </span>
    </p>

    <p class='ocr_par' dir='ltr' id='par_1_7' title="bbox 693 3078 2938 4125">
     <span class='ocr_line' id='line_1_32' title="bbox 693 3078 2871 3189; baseline 0 -25"><span class='ocrx_word' id='word_1_249' title='bbox 693 3078 764 3189; x_wconf 64' lang='grc' dir='ltr'>ξεῖ</span> <span class='ocrx_word' id='word_1_250' title='bbox 798 3120 860 3183; x_wconf 84' lang='lat' dir='ltr'>p.</span> <span class='ocrx_word' id='word_1_251' title='bbox 899 3098 1078 3183; x_wconf 84' lang='lat'><strong>223.]</strong></span> <span class='ocrx_word' id='word_1_252' title='bbox 1125 3099 1256 3165; x_wconf 83' lang='lat' dir='ltr'>Hic</span> <span class='ocrx_word' id='word_1_253' title='bbox 1289 3099 1548 3164; x_wconf 69' lang='lat' dir='ltr'>rhisus:</span> <span class='ocrx_word' id='word_1_254' title='bbox 1594 3106 1755 3165; x_wconf 73' lang='lat' dir='ltr'>‘non</span> <span class='ocrx_word' id='word_1_255' title='bbox 1793 3097 1804 3185; x_wconf 75' lang='grc' dir='ltr'>ι</span> <span class='ocrx_word' id='word_1_256' title='bbox 1842 3098 2143 3175; x_wconf 70' lang='lat' dir='ltr'>hercule:</span> <span class='ocrx_word' id='word_1_257' title='bbox 2188 3098 2394 3181; x_wconf 87' lang='lat' dir='ltr'>inquit</span> <span class='ocrx_word' id='word_1_258' title='bbox 2432 3096 2732 3185; x_wconf 80' lang='lat' dir='ltr'>‘Scipi0,</span> <span class='ocrx_word' id='word_1_259' title='bbox 2770 3102 2871 3165; x_wconf 78' lang='lat' dir='ltr'>du-</span> 
     </span>
     <span class='ocr_line' id='line_1_33' title="bbox 797 3192 2938 3279; baseline 0.001 -24"><span class='ocrx_word' id='word_1_260' title='bbox 797 3192 933 3257; x_wconf 88' lang='lat' dir='ltr'>bito</span> <span class='ocrx_word' id='word_1_261' title='bbox 976 3192 1133 3276; x_wconf 89' lang='lat' dir='ltr'>quin</span> <span class='ocrx_word' id='word_1_262' title='bbox 1177 3193 1293 3257; x_wconf 89' lang='lat' dir='ltr'>tibi</span> <span class='ocrx_word' id='word_1_263' title='bbox 1336 3194 1596 3279; x_wconf 85' lang='lat' dir='ltr'>ingenio</span> <span class='ocrx_word' id='word_1_264' title='bbox 1640 3193 2030 3277; x_wconf 84' lang='lat' dir='ltr'>praestiterit</span> <span class='ocrx_word' id='word_1_265' title='bbox 2073 3213 2291 3268; x_wconf 73' lang='lat' dir='ltr'>neum,</span> <span class='ocrx_word' id='word_1_266' title='bbox 2338 3214 2464 3257; x_wconf 88' lang='lat' dir='ltr'>usu</span> <span class='ocrx_word' id='word_1_267' title='bbox 2498 3194 2784 3276; x_wconf 83' lang='lat' dir='ltr'>quidem</span> <span class='ocrx_word' id='word_1_268' title='bbox 2816 3195 2869 3257; x_wconf 87' lang='lat' dir='ltr'>in</span> <span class='ocrx_word' id='word_1_269' title='bbox 2937 3244 2938 3247; x_wconf 15' lang='grc' dir='ltr'>η</span> 
     </span>
     <span class='ocr_line' id='line_1_34' title="bbox 797 3286 2869 3372; baseline 0.001 -22"><span class='ocrx_word' id='word_1_270' title='bbox 797 3309 869 3352; x_wconf 88' lang='lat' dir='ltr'>re</span> <span class='ocrx_word' id='word_1_271' title='bbox 911 3286 1170 3372; x_wconf 90' lang='lat' dir='ltr'>publica</span> <span class='ocrx_word' id='word_1_272' title='bbox 1211 3310 1426 3353; x_wconf 88' lang='lat' dir='ltr'>rerum</span> <span class='ocrx_word' id='word_1_273' title='bbox 1471 3287 1896 3353; x_wconf 81' lang='lat' dir='ltr'>maximarum</span> <span class='ocrx_word' id='word_1_274' title='bbox 1942 3287 2131 3353; x_wconf 83' lang='lat' dir='ltr'>facile</span> <span class='ocrx_word' id='word_1_275' title='bbox 2168 3286 2372 3351; x_wconf 85' lang='lat' dir='ltr'>omnis</span> <span class='ocrx_word' id='word_1_276' title='bbox 2409 3286 2685 3365; x_wconf 85' lang='lat' dir='ltr'>viceris3</span> <span class='ocrx_word' id='word_1_277' title='bbox 2744 3290 2869 3371; x_wconf 88' lang='lat' dir='ltr'>qui-</span> 
     </span>
     <span class='ocr_line' id='line_1_35' title="bbox 797 3380 2869 3465; baseline -0.001 -19"><span class='ocrx_word' id='word_1_278' title='bbox 797 3381 919 3447; x_wconf 90' lang='lat' dir='ltr'>bus</span> <span class='ocrx_word' id='word_1_279' title='bbox 956 3392 1172 3447; x_wconf 87' lang='lat' dir='ltr'>autem</span> <span class='ocrx_word' id='word_1_280' title='bbox 1207 3381 1434 3446; x_wconf 87' lang='lat' dir='ltr'>studiis</span> <span class='ocrx_word' id='word_1_281' title='bbox 1471 3402 1727 3465; x_wconf 88' lang='lat' dir='ltr'>semper</span> <span class='ocrx_word' id='word_1_282' title='bbox 1762 3380 1959 3447; x_wconf 88' lang='lat' dir='ltr'>fueris</span> <span class='ocrx_word' id='word_1_283' title='bbox 1995 3392 2305 3447; x_wconf 86' lang='lat' dir='ltr'>tenemus.</span> <span class='ocrx_word' id='word_1_284' title='bbox 2380 3400 2589 3463; x_wconf 86' lang='lat' dir='ltr'>quam</span> <span class='ocrx_word' id='word_1_285' title='bbox 2626 3383 2721 3446; x_wconf 92' lang='lat' dir='ltr'>ob</span> <span class='ocrx_word' id='word_1_286' title='bbox 2746 3405 2869 3447; x_wconf 89' lang='lat' dir='ltr'>rem</span> 
     </span>
     <span class='ocr_line' id='line_1_36' title="bbox 799 3474 2875 3558; baseline -0.001 -17"><span class='ocrx_word' id='word_1_287' title='bbox 799 3476 874 3551; x_wconf 85' lang='lat' dir='ltr'>si,</span> <span class='ocrx_word' id='word_1_288' title='bbox 909 3486 983 3542; x_wconf 90' lang='lat' dir='ltr'>ut</span> <span class='ocrx_word' id='word_1_289' title='bbox 1017 3474 1176 3541; x_wconf 89' lang='lat' dir='ltr'>dicis</span> <span class='ocrx_word' id='word_1_290' title='bbox 1187 3521 1206 3552; x_wconf 90' lang='lat'><strong>,</strong></span> <span class='ocrx_word' id='word_1_291' title='bbox 1246 3475 1531 3539; x_wconf 88' lang='lat' dir='ltr'>animum</span> <span class='ocrx_word' id='word_1_292' title='bbox 1566 3494 1824 3558; x_wconf 88' lang='lat' dir='ltr'>quoque</span> <span class='ocrx_word' id='word_1_293' title='bbox 1860 3474 2185 3541; x_wconf 88' lang='lat' dir='ltr'>contulisti</span> <span class='ocrx_word' id='word_1_294' title='bbox 2218 3474 2289 3539; x_wconf 91' lang='lat' dir='ltr'>in</span> <span class='ocrx_word' id='word_1_295' title='bbox 2322 3474 2515 3538; x_wconf 84' lang='lat' dir='ltr'>istam</span> <span class='ocrx_word' id='word_1_296' title='bbox 2556 3476 2875 3541; x_wconf 84' lang='lat' dir='ltr'>rationem</span> 
     </span>
     <span class='ocr_line' id='line_1_37' title="bbox 767 3564 2877 3656; baseline -0 -20"><span class='ocrx_word' id='word_1_297' title='bbox 767 3564 863 3637; x_wconf 61' lang='lat' dir='ltr'>&#39;et</span> <span class='ocrx_word' id='word_1_298' title='bbox 907 3569 1093 3653; x_wconf 86' lang='lat' dir='ltr'>quasi</span> <span class='ocrx_word' id='word_1_299' title='bbox 1139 3580 1368 3646; x_wconf 64' lang='lat' dir='ltr'>anem,</span> <span class='ocrx_word' id='word_1_300' title='bbox 1421 3568 1630 3634; x_wconf 85' lang='lat' dir='ltr'>habeo</span> <span class='ocrx_word' id='word_1_301' title='bbox 1666 3570 2016 3635; x_wconf 81' lang='lat' dir='ltr'>maximam</span> <span class='ocrx_word' id='word_1_302' title='bbox 2050 3569 2325 3655; x_wconf 81' lang='lat' dir='ltr'>gratiam</span> <span class='ocrx_word' id='word_1_303' title='bbox 2360 3568 2633 3648; x_wconf 83' lang='lat' dir='ltr'>Laeli03</span> <span class='ocrx_word' id='word_1_304' title='bbox 2690 3593 2877 3656; x_wconf 79' lang='lat' dir='ltr'>spero</span> 
     </span>
     <span class='ocr_line' id='line_1_38' title="bbox 799 3664 2877 3748; baseline -0 -19"><span class='ocrx_word' id='word_1_305' title='bbox 799 3665 968 3729; x_wconf 89' lang='lat' dir='ltr'>enim</span> <span class='ocrx_word' id='word_1_306' title='bbox 1005 3665 1203 3730; x_wconf 88' lang='lat' dir='ltr'>multo</span> <span class='ocrx_word' id='word_1_307' title='bbox 1240 3664 1535 3729; x_wconf 87' lang='lat' dir='ltr'>uberiora</span> <span class='ocrx_word' id='word_1_308' title='bbox 1569 3664 1738 3740; x_wconf 88' lang='lat' dir='ltr'>fore,</span> <span class='ocrx_word' id='word_1_309' title='bbox 1774 3686 1941 3748; x_wconf 89' lang='lat' dir='ltr'>quae</span> <span class='ocrx_word' id='word_1_310' title='bbox 1978 3689 2017 3729; x_wconf 86' lang='lat' dir='ltr'>a</span> <span class='ocrx_word' id='word_1_311' title='bbox 2051 3676 2114 3729; x_wconf 86' lang='lat' dir='ltr'>te</span> <span class='ocrx_word' id='word_1_312' title='bbox 2152 3664 2463 3739; x_wconf 87' lang='lat' dir='ltr'>dicentur,</span> <span class='ocrx_word' id='word_1_313' title='bbox 2500 3684 2715 3747; x_wconf 89' lang='lat' dir='ltr'>quam</span> <span class='ocrx_word' id='word_1_314' title='bbox 2754 3666 2877 3739; x_wconf 83' lang='lat' dir='ltr'>illa,</span> 
     </span>
     <span class='ocr_line' id='line_1_39' title="bbox 796 3756 2860 3844; baseline -0.001 -20"><span class='ocrx_word' id='word_1_315' title='bbox 796 3782 860 3844; x_wconf 90' lang='lat' dir='ltr'>p.</span> <span class='ocrx_word' id='word_1_316' title='bbox 897 3756 1074 3843; x_wconf 63' lang='lat'>224]</span> <span class='ocrx_word' id='word_1_317' title='bbox 1123 3780 1290 3842; x_wconf 88' lang='lat' dir='ltr'>quae</span> <span class='ocrx_word' id='word_1_318' title='bbox 1325 3781 1364 3822; x_wconf 85' lang='lat' dir='ltr'>a</span> <span class='ocrx_word' id='word_1_319' title='bbox 1401 3756 1672 3824; x_wconf 84' lang='lat' dir='ltr'>Graecis</span> <span class='ocrx_word' id='word_1_320' title='bbox 1718 3756 2083 3823; x_wconf 88' lang='lat' dir='ltr'>hominibus</span> <span class='ocrx_word' id='word_1_321' title='bbox 2128 3758 2363 3843; x_wconf 77' lang='lat' dir='ltr'>scripta</span> <span class='ocrx_word' id='word_1_322' title='bbox 2400 3769 2556 3823; x_wconf 88' lang='lat' dir='ltr'>sunt</span> <span class='ocrx_word' id='word_1_323' title='bbox 2596 3760 2860 3823; x_wconf 80' lang='lat' dir='ltr'>omnia.‘</span> 
     </span>
     <span class='ocr_line' id='line_1_40' title="bbox 795 3852 2934 3939; baseline -0 -22"><span class='ocrx_word' id='word_1_324' title='bbox 795 3865 936 3917; x_wconf 81' lang='lat' dir='ltr'>tum</span> <span class='ocrx_word' id='word_1_325' title='bbox 977 3853 1114 3917; x_wconf 86' lang='lat' dir='ltr'>ille:</span> <span class='ocrx_word' id='word_1_326' title='bbox 1165 3861 1612 3939; x_wconf 85' lang='lat' dir='ltr'>‘permagnam</span> <span class='ocrx_word' id='word_1_327' title='bbox 1656 3862 1727 3917; x_wconf 91' lang='lat' dir='ltr'>tu</span> <span class='ocrx_word' id='word_1_328' title='bbox 1774 3853 2035 3937; x_wconf 89' lang='lat' dir='ltr'>quidem</span> <span class='ocrx_word' id='word_1_329' title='bbox 2070 3852 2657 3937; x_wconf 83' lang='lat' dir='ltr'>exspectationem,</span> <span class='ocrx_word' id='word_1_330' title='bbox 2712 3854 2883 3937; x_wconf 86' lang='lat' dir='ltr'>quod</span> <span class='ocrx_word' id='word_1_331' title='bbox 2932 3870 2934 3903; x_wconf 85' lang='lat'><em>=</em></span> 
     </span>
     <span class='ocr_line' id='line_1_41' title="bbox 798 3948 2885 4033; baseline -0 -21"><span class='ocrx_word' id='word_1_332' title='bbox 798 3968 960 4012; x_wconf 91' lang='lat' dir='ltr'>onus</span> <span class='ocrx_word' id='word_1_333' title='bbox 1005 3958 1102 4013; x_wconf 87' lang='lat' dir='ltr'>est</span> <span class='ocrx_word' id='word_1_334' title='bbox 1141 3949 1231 4022; x_wconf 89' lang='lat' dir='ltr'>ei,</span> <span class='ocrx_word' id='word_1_335' title='bbox 1277 3948 1388 4031; x_wconf 89' lang='lat' dir='ltr'>qui</span> <span class='ocrx_word' id='word_1_336' title='bbox 1432 3948 1685 4033; x_wconf 83' lang='lat' dir='ltr'>magnis</span> <span class='ocrx_word' id='word_1_337' title='bbox 1722 3949 1802 4015; x_wconf 90' lang='lat' dir='ltr'>de</span> <span class='ocrx_word' id='word_1_338' title='bbox 1838 3948 2031 4014; x_wconf 84' lang='lat' dir='ltr'>rebus</span> <span class='ocrx_word' id='word_1_339' title='bbox 2069 3948 2351 4013; x_wconf 86' lang='lat' dir='ltr'>dicturus</span> <span class='ocrx_word' id='word_1_340' title='bbox 2388 3958 2515 4023; x_wconf 86' lang='lat' dir='ltr'>est,</span> <span class='ocrx_word' id='word_1_341' title='bbox 2566 3950 2885 4033; x_wconf 81' lang='lat' dir='ltr'>gravissi-</span> 
     </span>
     <span class='ocr_line' id='line_1_42' title="bbox 801 4041 2884 4125; baseline 0.002 -24"><span class='ocrx_word' id='word_1_342' title='bbox 801 4060 1006 4115; x_wconf 89' lang='lat' dir='ltr'>mum,</span> <span class='ocrx_word' id='word_1_343' title='bbox 1052 4041 1302 4125; x_wconf 86' lang='lat' dir='ltr'>inponis</span> <span class='ocrx_word' id='word_1_344' title='bbox 1348 4042 1618 4107; x_wconf 85' lang='lat' dir='ltr'>orationi</span> <span class='ocrx_word' id='word_1_345' title='bbox 1662 4042 1883 4115; x_wconf 64' lang='lat' dir='ltr'>meae?</span> <span class='ocrx_word' id='word_1_346' title='bbox 1974 4052 2039 4107; x_wconf 88' lang='lat' dir='ltr'>et</span> <span class='ocrx_word' id='word_1_347' title='bbox 2080 4041 2340 4109; x_wconf 80' lang='lat' dir='ltr'>Philus:</span> <span class='ocrx_word' id='word_1_348' title='bbox 2398 4044 2759 4124; x_wconf 84' lang='lat' dir='ltr'>‘quamvis</span> <span class='ocrx_word' id='word_1_349' title='bbox 2818 4042 2884 4105; x_wconf 80' lang='lat' dir='ltr'>sit</span> 
     </span>
    </p>
   </div>
   <div class='ocr_carea' id='block_1_5' title="bbox 2930 4296 2933 4466">
    <p class='ocr_par' dir='ltr' id='par_1_8' title="bbox 2930 4296 2933 4466">
     <span class='ocr_line' id='line_1_43' title="bbox 2930 4296 2933 4466; baseline 0 0"><span class='ocrx_word' id='word_1_350' title='bbox 2930 4296 2933 4466; x_wconf 53' lang='grc' dir='ltr'><strong><em>Ἰ</em></strong></span> 
     </span>
    </p>
   </div>
   <div class='ocr_carea' id='block_1_6' title="bbox 2934 2674 2941 2999">
    <p class='ocr_par' dir='ltr' id='par_1_9' title="bbox 2934 2674 2941 2999">
     <span class='ocr_line' id='line_1_44' title="bbox 2934 2674 2941 2999; baseline 0 1560"><span class='ocrx_word' id='word_1_351' title='bbox 2934 2674 2941 2999; x_wconf 95' lang='lat' dir='ltr'> </span> 
     </span>
    </p>
   </div>
   <div class='ocr_carea' id='block_1_7' title="bbox 2931 3480 2937 3733">
    <p class='ocr_par' dir='ltr' id='par_1_10' title="bbox 2931 3480 2937 3733">
     <span class='ocr_line' id='line_1_45' title="bbox 2931 3480 2937 3733; baseline 0 826"><span class='ocrx_word' id='word_1_352' title='bbox 2931 3480 2937 3733; x_wconf 95' lang='lat' dir='ltr'> </span> 
     </span>
    </p>
   </div>
   <div class='ocr_carea' id='block_1_8' title="bbox 2932 3916 2935 4098">
    <p class='ocr_par' dir='ltr' id='par_1_11' title="bbox 2932 3916 2935 4098">
     <span class='ocr_line' id='line_1_46' title="bbox 2932 3916 2935 4098; baseline 0 461"><span class='ocrx_word' id='word_1_353' title='bbox 2932 3916 2935 4098; x_wconf 95' lang='lat' dir='ltr'> </span> 
     </span>
    </p>
   </div>
  </div>
 </body>
</html>
