3292 4559
649 3478 717 3530 Ξιὶι

653 3554 689 3574 ’τι

769 246 889 309 ιιῐιι]
1103 220 1108 225 ’
1370 252 1447 306 Μ.
1485 251 1759 308 TULLII
1794 249 2195 307 clamosus

761 382 1081 456 evolvere,
1133 378 1261 441 iam
1316 399 1383 441 se
1436 376 1575 462 ipse
1632 374 1859 438 doceat
1913 395 2061 438 eum
2106 374 2313 438 virum
2368 375 2613 440 bonum
2660 399 2835 455 esse,

761 478 869 558 ιμιὶ
921 473 1120 558 prosit
1172 471 1406 554 quibus
1467 469 1697 556 possit,
1749 479 1981 534 noceat
2032 467 2271 532 nemini
2314 468 2438 532 nisi
2480 469 2836 536 lacessitus

757 567 1003 631 iniuria.
1093 566 1249 650 quid
1296 565 1491 651 ergo?
1561 563 1666 628 hic
1699 584 1832 626 non
1864 573 2123 640 noceat,
2161 563 2272 647 qui
2308 564 2591 647 quodam
2634 566 2833 648 quasi

761 684 1004 726 wnsno
1064 660 1352 746 perficiat
1413 669 1486 723 ut
1548 679 1737 723 veros
1798 657 2065 722 heredes
2118 670 2406 736 moveat,
2465 659 2533 723 in
2597 681 2832 724 eorum

761 762 967 822 luseum
1021 755 1160 840 ipse
1224 753 1565 820 succedat?
1636 758 1796 816 ‘non
1848 751 2048 836 igitur
2098 751 2321 816 faciat'
2389 752 2623 818 dixerit
2677 753 2833 836 quis

761 851 962 934 ‘fiuntd
1004 851 1160 915 utile
1209 849 1318 925 sit,
1366 848 1541 932 quod
1587 845 1953 932 expediat?'
2024 845 2220 911 immo
2275 847 2608 933 intellegat
2662 849 2832 912 nihil

761 970 877 1010 ιιι-,ιιι
913 944 1212 1030 expedire
1248 965 1368 1007 nec
1402 941 1558 1006 utile
1596 962 1767 1016 esse,
1814 940 1987 1024 quod
2035 939 2114 1004 sit
2157 939 2496 1006 iniustum:
2550 940 2678 1008 hoc
2714 943 2828 1025 qui

677 1078 717 1114 Π
761 1066 889 1102 mm
925 1038 1245 1114 didicerit,
1294 1037 1503 1100 bonus
1539 1035 1638 1101 vir
1674 1058 1813 1100 esse
1848 1056 1979 1098 non
2014 1035 2263 1119 poterit.
2361 1036 2426 1101 C.
2463 1035 2826 1101 Fimbriam

765 1136 1157 1199 fflsuffiularem
1203 1131 1545 1197 audiebam
1591 1131 1673 1195 de
1716 1141 1899 1215 patre
1942 1139 2161 1194 nostro
2209 1152 2373 1214 puer
2406 1130 2687 1195 iudicem
2722 1131 2821 1194 M.

761 1228 1024 1294 Lutatio
1078 1225 1380 1291 Pinthiae
1432 1224 1664 1301 fuisse,
1720 1223 1919 1307 equiti
1972 1223 2267 1288 Romano
2320 1246 2476 1290 sane
2527 1223 2822 1300 honest0,

761 1346 905 1386 ιμειιιιι
942 1323 996 1385 is
1034 1319 1440 1405 sponsionem
1475 1318 1737 1383 fecisset
1767 1341 1834 1383 m
1865 1324 1972 1382 vsn
2003 1339 2203 1383 nonvs
2235 1339 2451 1395 ESSET3
2504 1318 2725 1401 itaque
2759 1319 2822 1383 ei

765 1418 996 1479 dixisse
1038 1412 1394 1476 Fimbriam
1448 1434 1517 1477 se
1567 1411 1745 1476 illam
1789 1433 1925 1477 rem
1969 1433 2322 1495 numquam
2364 1410 2821 1488 iudicaturum,

761 1534 837 1570 ns.
877 1519 986 1572 aut
1020 1507 1319 1592 spoliaret
1353 1505 1530 1570 fama
1563 1505 1905 1591 probatum
1940 1504 2285 1582 hominem,
2322 1505 2377 1570 si
2405 1517 2628 1571 contra
2652 1506 2825 1570 iudi-

761 1606 1062 1680 emisset,
1111 1613 1225 1666 aut
1269 1601 1565 1666 statuisse
1610 1601 1935 1666 videretur
1982 1601 2192 1664 virum
2235 1600 2481 1665 bonum
2527 1623 2670 1665 esse
2707 1601 2822 1664 ali-

761 1722 981 1782 quem,
1037 1718 1185 1762 cum
1238 1719 1315 1760 ea
1364 1718 1466 1762 res
1519 1693 2093 1760 innumerabilibus
2139 1693 2367 1760 officiis
2411 1707 2476 1759 et
2517 1694 2819 1759 laudibus

761 1793 1203 1856 [raznitineretur.
1308 1786 1460 1856 huic
1529 1789 1729 1875 igitur
1797 1789 1935 1853 viro
2007 1789 2206 1864 bono,
2278 1810 2469 1873 quem
2529 1788 2821 1875 Fimbria

761 1890 979 1963 stiam,
1033 1886 1162 1950 non
1216 1886 1410 1950 modo
1457 1883 1758 1951 Socrates
1802 1894 2101 1960 noverat,
2154 1883 2333 1948 nullo
2377 1883 2572 1948 modo
2617 1883 2822 1948 videri

761 1992 965 2066 ltnsitsst
1001 1981 1347 2065 quicquam
1385 2001 1524 2045 esse
1560 1979 1750 2055 utile,
1784 1979 1960 2061 quod
1995 1999 2125 2042 non
2159 1977 2497 2043 honestum
2534 1978 2645 2054 sit3
2700 1979 2822 2042 ita-

761 2098 885 2158 que
926 2075 1071 2140 talis
1117 2075 1216 2138 vir
1259 2096 1391 2139 non
1433 2073 1626 2137 modo
1672 2072 1914 2150 facere,
1962 2073 2077 2136 sed
2119 2094 2201 2137 ne
2237 2074 2522 2158 cogitare
2556 2071 2820 2157 quidem

761 2170 1101 2254 quisquam
1147 2159 1436 2244 audebit,
1491 2167 1667 2251 quod
1716 2189 1848 2231 non
1900 2166 2136 2232 audeat
2180 2167 2569 2252 praedicare.
2657 2167 2819 2232 haec

757 2290 829 2326 ιι-
830 2290 885 2326 ιιι
922 2275 1107 2347 turpe
1145 2272 1242 2327 est
1279 2260 1572 2326 dubitare
1606 2261 2051 2348 philosophos,
2098 2283 2264 2346 quae
2299 2285 2382 2328 ne
2416 2262 2640 2327 rustici
2673 2264 2821 2346 qui·

761 2358 837 2418 tlt*
828 2382 905 2418 m
941 2354 1272 2420 dubitent?
1343 2378 1382 2420 a
1416 2355 1651 2439 quibus
1684 2367 1909 2420 natum
1946 2366 2044 2420 est
2076 2355 2174 2433 id,
2209 2356 2435 2440 quod
2416 2379 2548 2421 iam
2582 2357 2817 2422 contri-

761 2466 894 2514 tum
932 2458 1028 2512 est
1061 2458 1399 2526 vetustate,
1437 2450 1877 2535 proverbium.
1926 2472 2075 2515 cum
2112 2451 2281 2516 enim
2316 2451 2510 2516 fidem
2545 2451 2818 2515 alicuius

761 2546 813 2606 h*
805 2542 1236 2626 unitatemque
1290 2543 1582 2620 laudant,
1639 2544 1906 2631 dignum
1953 2567 2093 2610 esse
2141 2545 2389 2621 dicunt,
2445 2545 2712 2628 quicum
2752 2546 2821 2608 in

757 2638 1030 2703 tenebris
1083 2638 1299 2703 mices.
1388 2637 1511 2705 hoc
1566 2660 1764 2723 quam
1817 2638 2012 2705 habet
2056 2641 2188 2705 vim
2230 2640 2357 2704 nisi
2397 2640 2605 2718 illam,
2656 2641 2822 2704 nihil

757 2758 829 2798 ενι
837 2733 1054 2818 pedire
1091 2733 1265 2817 quod
1297 2755 1427 2798 non
1465 2735 1709 2812 deceat,
1749 2734 1942 2799 etiam
1982 2735 2054 2799 si
2069 2735 2139 2798 id
2172 2733 2377 2820 possis
2414 2735 2589 2799 nullo
2624 2735 2827 2800 refel-

669 2850 717 2886 ιιι
757 2830 921 2894 laute
967 2827 1298 2894 obtinere?
1384 2827 1653 2894 videsne
1697 2828 1821 2893 hoc
1864 2828 2205 2913 proverbio
2248 2850 2476 2912 neque
2499 2827 2679 2914 Gygi
2725 2829 2825 2893 illi

753 2944 938 3006 posse
986 2921 1239 3003 veniam
1287 2921 1426 2987 dari
1469 2945 1680 3008 neque
1726 2920 1906 3000 huic,
1954 2944 2147 3006 quem
2190 2924 2381 3009 paulo
2428 2933 2577 2988 ante
2612 2924 2827 3010 finge-

753 3018 901 3078 bam
963 3017 1310 3102 digitorum
1372 3018 1784 3103 percussione
1846 3017 2233 3083 hereditates
2286 3017 2573 3082 omnium
2626 3041 2824 3103 posse

753 3112 1164 3175 ssnwerrere?
1224 3122 1296 3176 ut
1331 3111 1523 3189 enim,
1560 3112 1737 3196 quod
1770 3123 1957 3198 turpe
1995 3123 2110 3190 est,
2146 3112 2233 3189 id,
2270 3113 2563 3197 quamvis
2601 3113 2823 3178 occul-

757 3218 941 3281 tetur,
977 3215 1192 3270 tamen
1226 3205 1567 3272 honestum
1600 3205 1741 3271 fieri
1774 3207 1951 3277 nullo
1984 3205 2177 3270 modo
2212 3216 2443 3292 potest,
2480 3207 2603 3284 sic,
2641 3207 2822 3291 quod

757 3298 1092 3364 lmnestum
1125 3321 1256 3365 non
1294 3311 1409 3376 est,
1445 3299 1512 3363 id
1548 3299 1707 3364 utile
1743 3309 1816 3364 ut
1851 3299 1935 3364 sit
1970 3300 2141 3365 effici
2174 3323 2307 3365 non
2339 3310 2551 3387 potest
2587 3302 2823 3366 adver-

753 3406 930 3458 sante
966 3405 1031 3460 et
1063 3406 1464 3481 repugnante
1497 3393 1749 3459 natura.

877 3490 973 3553 At
1025 3489 1224 3566 enim,
1280 3511 1428 3554 cum
1479 3510 1836 3575 permagna
1886 3490 2171 3574 praemia
2225 3501 2402 3569 sunt,
2468 3501 2564 3555 est
2612 3511 2825 3554 causa

661 3558 705 3590 Ἀ
749 3582 1074 3666 pecsandi.
1167 3579 1246 3646 C.
1282 3582 1566 3659 Marius,
1615 3605 1765 3647 cum
1810 3606 1849 3648 a
1897 3606 2009 3670 spe
2058 3585 2425 3649 consulatus
2469 3585 2659 3670 longe
2695 3583 2829 3648 ab-

753 3688 917 3742 esset
970 3687 1034 3740 et
1082 3676 1214 3741 iam
1267 3676 1609 3761 septimum
1666 3700 1908 3741 annum
1959 3688 2105 3763 post
2155 3689 2522 3763 praeturam
2575 3678 2827 3744 iaceret

749 3793 955 3854 nsque
999 3771 1315 3856 petiturus
1349 3792 1657 3856 umquam
1693 3773 2097 3837 consulatum
2132 3772 2489 3850 videretur,
2538 3770 2625 3853 Q.
2661 3771 2830 3839 Me-

745 3870 995 3941 tellum,
1053 3865 1234 3930 cuius
1287 3865 1539 3951 legatus
1598 3877 1761 3943 erat,
1826 3890 2150 3931 summum
2203 3867 2411 3932 virum
2464 3878 2551 3932 et.
2581 3867 2827 3944 civem,

749 3982 893 4022 mun
930 3959 1012 4021 ab
1049 3983 1155 4038 eo,
1199 3961 1582 4046 imperatore
1619 3983 1767 4038 suc,
1804 3961 2081 4028 Romam
2116 3963 2349 4028 missus
2388 3971 2584 4039 esset,
2636 3962 2828 4047 apud

745 4051 1054 4134 populum
1089 4053 1456 4118 Romanum
1493 4055 1862 4120 criminatus
1900 4068 2019 4133 est,
2055 4057 2296 4123 bellum
2330 4057 2512 4137 illum
2550 4057 2828 4135 ducere,
