3292 4559
751 236 877 304 136
1370 245 1446 301 Μ.
1485 244 1758 303 TULLII
1793 235 2198 301 CICERONIS

745 374 916 449 fixit,
961 370 1267 455 quoniam
1311 390 1432 434 neo
1478 368 1863 455 capiendum
1900 369 2244 453 quicquam
2280 377 2421 433 erat
2454 389 2582 433 nec
2622 369 2843 454 repel-

744 465 1038 543 lendum,
1086 485 1208 529 nec
1251 462 1450 549 pedes
1499 474 1612 527 aut
1658 462 1784 527 alia
1818 463 2136 539 membra,
2182 463 2418 546 quibus
2452 462 2840 548 ingressum

748 559 1030 645 corporis
1084 558 1452 634 sustineret3
1510 568 1757 622 motum
1809 558 1982 623 enim
2034 558 2208 623 dedit
2252 558 2432 623 caelo
2480 580 2642 622 eum
2658 605 2679 635 ,
2728 559 2841 640 qui

745 656 993 742 figurae
1042 654 1180 719 eius
1228 663 1400 719 esset
1432 652 1833 738 aptissimae,
1878 653 1993 736 qui
2027 676 2194 718 unus
2232 674 2313 717 ex
2349 663 2607 737 septem
2645 655 2841 717 moti—

745 750 868 815 bus
903 758 1184 814 mentem
1221 758 1413 831 atque
1449 746 1954 832 intellegentiam
1991 747 2187 813 cieret
2221 747 2527 811 maxime.
2603 747 2838 830 itaque

745 866 878 908 una
926 843 1341 909 conversione
1387 852 1583 925 atque
1627 840 1855 909 eadem
1902 841 2039 926 ipse
2084 841 2327 907 circum
2372 863 2442 906 se
2487 851 2839 925 torquetur
2958 911 2960 915 ,

746 950 814 1005 et
864 939 1132 1005 vertitur
1139 963 1158 1016 3
1214 960 1329 1003 sex
1381 943 1599 1001 autem
1652 936 1932 1019 reliquos
1984 947 2198 1000 motus
2244 936 2327 1000 ab
2373 957 2452 1001 eo
2497 937 2837 1022 separavit

747 1033 965 1117 itaque
1001 1032 1085 1098 ab
1121 1032 1296 1097 omni
1331 1032 1645 1097 erratione
1682 1053 1830 1095 eum
1877 1029 2191 1095 liberavit.
2280 1030 2364 1094 ad
2408 1030 2582 1095 hanc
2629 1031 2833 1117 igitur

749 1127 1258 1203 conversionem,
1295 1147 1461 1210 quae
1497 1125 1771 1211 pedibus
1808 1135 1873 1190 et
1906 1125 2116 1210 gradu
2150 1146 2279 1190 non
2315 1136 2569 1211 egeret,
2608 1125 2831 1211 ingre-

750 1222 968 1288 diendi
1004 1220 1296 1286 membra
1329 1241 1460 1284 non
1497 1220 1692 1285 dedit.

877 1318 1064 1380 Haeo
1100 1314 1259 1379 deus
1295 1314 1372 1390 is,
1408 1314 1521 1396 qui
1556 1326 1713 1390 erat,
1751 1314 1831 1379 de
1870 1314 2215 1397 aliquando
2243 1313 2461 1379 futuro
2489 1314 2619 1380 deo
2656 1316 2833 1401 cogi-

748 1423 891 1476 tans
926 1411 1138 1474 levem
1171 1409 1357 1473 illum
1392 1407 1607 1473 effecit
1642 1420 1709 1473 et
1742 1408 2030 1493 undique
2068 1408 2471 1491 aequabilem
2508 1420 2578 1474 et
2614 1432 2662 1474 a
2701 1433 2834 1474 me-

750 1505 855 1569 dio
910 1504 994 1568 ad
1046 1526 1369 1568 summum
1422 1526 1646 1588 parem
1695 1514 1758 1568 et
1805 1503 2163 1589 perfectum
2208 1513 2403 1588 atque
2451 1502 2833 1567 absolutum

749 1621 831 1663 ex
883 1597 1191 1663 absolutis
1245 1607 1442 1680 atque
1495 1596 1816 1683 perfectis.
1906 1597 2195 1661 animum
2248 1607 2465 1662 autem
2508 1607 2586 1660 ut
2632 1596 2713 1661 in
2759 1620 2833 1662 eo

751 1693 962 1758 medio
1015 1691 1404 1767 conlocavit,
1458 1690 1549 1754 ita
1599 1713 1716 1775 per
1769 1701 1977 1755 totum
2028 1690 2324 1767 tetendit3
2380 1686 2616 1755 deinde
2681 1714 2833 1757 eum

751 1785 1170 1851 circumdedit
1205 1806 1468 1869 corpore
1505 1794 1569 1850 et
1603 1785 1861 1849 vestivit
1894 1783 2289 1849 extrinsecus
2326 1785 2642 1869 caeloque
2682 1786 2835 1851 soli-

750 1903 918 1967 vago
955 1890 1022 1945 et
1054 1878 1322 1943 volubili
1357 1888 1422 1943 et
1455 1878 1522 1942 in
1558 1878 1781 1943 orbem
1817 1879 2081 1943 incitato
2112 1880 2461 1964 conplexus
2492 1888 2615 1956 est,
2650 1881 2836 1963 quod

752 1996 969 2040 secum
1004 1974 1219 2059 ipsum
1253 1982 1516 2057 propter
1550 1973 1856 2037 virtutem
1891 1973 2082 2037 facile
2118 1996 2258 2039 esse
2293 1983 2512 2058 posset
2548 1995 2679 2038 nec
2719 1975 2833 2039 de-

668 2137 675 2142 ,
711 2133 717 2140 ,
751 2070 1059 2133 sideraret
1111 2067 1410 2141 alterum,
1465 2066 1617 2131 satis
1677 2066 1801 2131 sibi
1840 2068 2054 2152 ipsum
2099 2077 2325 2131 notum
2372 2077 2435 2132 et
2481 2066 2830 2133 familiare.

752 2162 844 2228 sic
889 2163 1046 2227 deus
1091 2161 1197 2225 ille
1247 2170 1541 2225 aeternus
1588 2159 1760 2226 hunc
1805 2159 2089 2246 perfecte
2133 2160 2394 2226 beatum
2441 2160 2641 2225 deum
2679 2184 2831 2247 pro-

753 2257 1009 2322 creavit.
1101 2254 1216 2319 sed
1259 2254 1540 2318 animum
1589 2254 1766 2319 haud
1808 2255 1925 2330 ita,
1975 2264 2048 2319 ut
2093 2255 2284 2319 modo
2328 2255 2529 2319 locuti
2578 2278 2828 2333 sumus,

751 2362 887 2414 tum
925 2349 1223 2432 denique,
1261 2369 1409 2412 cum
1445 2370 1678 2433 corpus
1716 2350 1776 2414 ei
1813 2339 2160 2426 effecisset,
2196 2349 2554 2426 inchoavit3
2610 2372 2825 2434 neque

751 2444 922 2509 enim
958 2452 1124 2506 esset
1157 2450 1405 2506 rectum
1438 2442 1670 2506 minori
1700 2466 1925 2528 parere
1954 2444 2287 2510 maiorem:
2326 2444 2440 2509 sed
2468 2466 2591 2509 nos
2618 2448 2826 2510 multa

751 2536 1216 2601 inconsiderate
1270 2558 1346 2600 ac
1398 2545 1636 2602 temere
1690 2537 1981 2603 dicimus.
2076 2539 2234 2604 deus
2288 2548 2505 2603 autem
2559 2551 2625 2605 et
2681 2552 2825 2603 ortu

751 2644 815 2698 et
857 2631 1093 2697 virtute
1141 2630 1564 2713 antiquiorem
1609 2632 1835 2717 genuit
1870 2634 2156 2698 animum
2194 2655 2468 2716 eumque
2504 2644 2582 2697 ut
2619 2635 2826 2699 domi-

750 2749 906 2791 num
952 2736 1146 2810 atque
1191 2726 1612 2811 imperantem
1648 2726 2014 2792 oboedienti
2049 2727 2355 2814 praefecit
2394 2729 2681 2813 corpori,
2728 2730 2828 2793 id-

752 2844 877 2906 que
920 2821 1176 2887 molitus
1222 2820 1334 2884 tali
1368 2819 1651 2904 quodam
1686 2832 1785 2886 est
1821 2822 2041 2886 modo:
2080 2844 2162 2885 ex
2199 2844 2274 2886 ea
2308 2822 2607 2900 materia,
2655 2844 2828 2906 quae

750 2915 1081 2980 individua
1127 2924 1225 2979 est
1269 2924 1334 2977 et
1377 2934 1543 2997 quae
1581 2937 1833 3000 semper
1868 2915 2057 2980 unius
2093 2914 2270 2979 modi
2305 2915 2534 2998 suique
2570 2916 2827 2994 similis,

752 3022 814 3075 et
858 3032 940 3073 ex
987 3030 1092 3085 ea,
1143 3028 1310 3091 quae
1353 3006 1422 3071 in
1467 3009 1840 3093 corporibus
1887 3008 2151 3073 dividua
2196 3009 2513 3095 gignitur,
2560 3010 2830 3075 tertium

751 3102 1055 3167 materiae
1106 3124 1314 3187 genus
1364 3124 1446 3166 ex
1491 3102 1806 3167 duobus
1788 3126 1857 3166 m
1902 3103 2187 3169 medium
2232 3103 2601 3180 admiscuit,
2647 3106 2826 3187 quod

752 3206 920 3261 esset
965 3195 1253 3260 eiusdem
1296 3205 1561 3261 naturae
1613 3206 1679 3261 et
1714 3196 1889 3280 quod
1926 3198 2184 3262 alterius
2201 3244 2219 3274 ,
2264 3197 2459 3281 idque
2503 3197 2826 3263 interiecit

750 3291 916 3363 inter
957 3288 1361 3355 individuum
1409 3299 1602 3372 atque
1646 3289 1743 3366 id,
1794 3290 1968 3375 quod
2005 3291 2339 3356 dividuum
2375 3301 2543 3357 esset
2576 3292 2647 3356 in
2681 3315 2825 3357 cor-

750 3406 936 3470 pore3
976 3406 1054 3448 ea
1089 3405 1236 3447 cum
1272 3384 1395 3447 tria
1430 3382 1828 3468 sumpsisset,
1864 3385 1933 3449 in
1967 3408 2163 3449 unam
2196 3386 2475 3469 speciem
2502 3395 2826 3494 tempera-

750 3479 871 3555 vit,
923 3488 1350 3560 naturamque
1394 3477 1601 3553 illam,
1647 3498 1844 3561 quam
1888 3478 2148 3543 alterius
2196 3479 2506 3555 diximus,
2561 3480 2626 3543 vi
2664 3501 2820 3543 cum

751 3526 978 3637 eadem
1014 3569 1366 3648 coniunxit,
1402 3569 1763 3657 fugientem
1800 3583 1864 3638 et
1898 3572 2036 3637 eius
2073 3574 2494 3658 copulationis
2520 3573 2819 3651 alienam,

750 3687 917 3749 quae
961 3664 1351 3750 permiscens
1403 3687 1552 3730 cum
1599 3667 1898 3744 materia,
1947 3689 2096 3732 cum
2142 3691 2224 3733 ex
2259 3668 2464 3733 tribus
2501 3667 2825 3734 effecisset

749 3781 972 3835 unum,
1007 3758 1092 3822 id.
1112 3759 1328 3845 ipsum
1361 3759 1432 3822 in
1469 3782 1566 3836 ea,
1605 3782 1771 3844 quae
1808 3761 2043 3837 decuit,
2080 3762 2370 3827 membra
2397 3763 2674 3847 partitus
2702 3778 2823 3828 est.

747 3854 879 3918 iam
923 3853 1122 3938 partis
1175 3854 1463 3940 singulas
1501 3878 1581 3921 ex
1619 3856 1846 3921 eodem
1882 3867 1949 3921 et
1983 3879 2064 3922 ex
2100 3858 2298 3922 altero
2334 3866 2399 3923 et
2434 3880 2516 3921 ex
2553 3859 2829 3924 materia

750 3948 1145 4033 temperavit.
1236 3948 1361 4012 fuit
1413 3960 1629 4016 autem
1683 3950 1827 4015 talis
1891 3951 2001 4016 illa
2055 3951 2339 4037 partitio:
2393 3973 2593 4016 unam
2647 3954 2829 4038 prin-

753 4040 916 4123 cipio
960 4052 1208 4122 partem
1253 4042 1528 4107 detraxit
1573 4065 1655 4107 ex
1701 4060 1864 4123 toto,
1916 4046 2265 4110 secundam
2310 4056 2525 4111 autem
2572 4047 2830 4133 primae

770 4362 942 4510 Β
