3292 4559
752 245 885 312 230
960 271 965 278 ’
1372 253 1452 309 Μ.
1488 251 1763 310 TULLII
1797 249 2202 310 CICERONIS

754 404 895 448 esse
956 402 1125 448 nexa
1184 379 1393 445 causis
1463 376 1738 444 aeternis
1799 385 1868 442 et
1933 397 1976 439 a
2041 373 2160 440 fati
2227 375 2609 446 necessitate
2679 401 2818 445 esse

753 476 975 542 libera.

653 570 719 622 17
886 569 992 634 Ac
1037 567 1195 633 mihi
1240 564 1502 651 quidem
1547 563 1834 640 videtur,
1883 585 2031 629 cum
2067 562 2234 630 duae
2270 565 2626 633 sententiae
2661 565 2819 632 fuis-

661 641 713 682 ³⁹
757 672 899 730 sent
941 673 1230 728 veterum
1271 658 1828 746 philosophorum,
1861 679 1993 723 una
2027 678 2282 736 eorum,
2327 659 2438 744 qui
2485 673 2818 726 censerent

757 757 972 822 omnia
1005 756 1095 821 ita
1128 754 1262 820 fato
1288 753 1447 830 fieri,
1483 763 1557 817 ut
1590 752 1659 817 id
1693 751 1899 816 fatum
1926 751 2058 815 vim
2084 751 2481 818 necessitatis
2515 753 2816 830 adferret,

756 852 823 916 in
875 873 1004 934 qua
1055 848 1370 916 sententia
1421 845 1863 923 Democritus,
1916 846 2315 924 Heraclitus,
2369 846 2814 934 Empedocles,

756 945 1137 1012 Aristoteles
1163 943 1306 1020 fuit,
1344 941 1545 1008 altera
1572 963 1816 1019 eorum,
1854 941 2089 1025 quibus
2119 942 2493 1008 viderentur
2520 943 2652 1009 sine
2677 943 2812 1009 ullo

756 1039 891 1107 fato
935 1062 1075 1105 esse
1120 1039 1480 1103 animorum
1514 1047 1728 1101 motus
1763 1035 2104 1100 voluntarii
2117 1083 2136 1113 ,
2177 1033 2614 1123 Chrysippus,
2651 1048 2815 1102 tam-

757 1156 955 1219 quam
1004 1133 1243 1198 arbiter
1293 1131 1671 1196 honorarius
1685 1177 1704 1208 ,
1757 1129 2043 1195 medium
2095 1129 2288 1196 ferire
2337 1131 2646 1208 voluisse,
2701 1131 2817 1197 sed

758 1227 1037 1314 adplicat
1080 1249 1149 1293 se
1194 1225 1278 1291 ad
1313 1247 1423 1291 eos
1458 1225 1702 1311 potins,
1747 1224 1860 1309 qui
1901 1224 2282 1290 necessitate
2326 1236 2538 1290 motus
2573 1224 2818 1296 animo-

759 1343 904 1386 rum
938 1321 1241 1386 liberatos
1276 1321 1531 1398 vohint3
1567 1320 1726 1384 dum
1760 1329 1980 1385 autem-
2011 1318 2228 1385 verbis
2261 1319 2459 1384 utitur
2494 1319 2654 1396 suis,
2702 1320 2817 1386 de-

758 1416 997 1482 labitur
1028 1417 1097 1482 in
1132 1438 1247 1482 eas
1278 1403 1710 1492 difficultates,
1746 1425 1820 1480 ut
1853 1413 2298 1481 necessitatem
2331 1415 2448 1480 fati
2483 1414 2816 1481 confirmet

664 1532 719 1572 ιο
760 1509 1017 1576 invitus.
1108 1518 1299 1594 atque
1335 1508 1485 1587 hoc,
1524 1511 1578 1574 si
1611 1509 1852 1595 placet,
1887 1508 2081 1594 quale
2113 1510 2195 1575 sit
2229 1509 2559 1575 videamus
2593 1509 2664 1574 in
2699 1507 2816 1575 a'd-

759 1604 1181 1681 sensionibus,
1218 1626 1379 1688 quas
1414 1603 1621 1690 prima
1655 1604 1941 1670 oratione
1977 1604 2262 1670 tractavi.
2350 1626 2458 1670 eas
2493 1603 2666 1670 enim
2701 1627 2816 1670 ve-

757 1710 925 1766 teres
958 1699 1080 1775 illi,
1126 1697 1361 1784 quibus
1397 1697 1613 1763 omnia
1645 1697 1781 1763 fato
1815 1697 1958 1764 fieri
2001 1698 2410 1775 videbantur,
2441 1698 2509 1764 vi
2543 1698 2714 1766 effici
2749 1711 2814 1764 et

753 1793 1133 1860 ‚necessita-te
1195 1791 1513 1858 dicebant.
1619 1792 1736 1877 qui
1787 1803 2004 1858 autem
2057 1791 2141 1856 ab
2202 1791 2280 1856 iis
2335 1789 2816 1868 dissentiebant,

758 1887 893 1954 fato
920 1886 1331 1954 adsensiones
1364 1884 1728 1952 liberabant
1760 1885 2216 1972 negabantque
2251 1886 2385 1952 fato
2423 1886 2819 1952 adsensioni-

758 1981 885 2048 bus
908 1981 1193 2048 adhibito
1217 1981 1667 2049 necessitatem
1696 1981 1781 2046 ab
1809 1979 1910 2046 his
1939 2001 2129 2066 posse
2155 1980 2490 2058 removeri,
2524 1981 2700 2066 iique
2725 1981 2818 2048 ita

760 2076 1189 2144 disserebant:
1227 2077 1313 2142 ‘si
1330 2076 1545 2142 omnia
1570 2076 1707 2141 fato
1734 2075 1916 2152 fiunt,
1936 2074 2152 2140 omnia
2168 2075 2332 2142 fiunt
2349 2097 2544 2142 causa
2561 2087 2816 2142 antece-

760 2171 973 2250 dente,
992 2183 1055 2238 et
1074 2173 1129 2240 si
1156 2170 1499 2257 adpetitus,
1513 2170 1625 2236 illa
1642 2171 1835 2236 etiam
1863 2191 2031 2253 quae
2059 2169 2414 2254 adpeti-tum
2445 2181 2814 2256 sequuntur,

760 2287 914 2352 ergo
944 2265 1137 2332 etiam
1164 2265 1606 2342 adsensiones3
1644 2276 1712 2330 at
1737 2265 1792 2330 si
1829 2287 2024 2331 causa
2058 2264 2378 2350 adpetitus
2405 2286 2535 2330 non
2563 2276 2660 2332 est
2693 2266 2817 2332 sita

757 2361 829 2426 in
851 2360 1057 2435 nobis,
1090 2382 1177 2428 nse
1201 2361 1341 2446 ipse
1367 2361 1631 2446 quidem
1657 2359 1977 2446 adpetitus
2005 2359 2194 2424 estin
2223 2368 2444 2425 nostra
2471 2369 2814 2446 potestate3

758 2452 935 2536 quod
968 2454 1024 2518 si
1056 2453 1147 2519 ita
1182 2464 1302 2530 est,
1334 2477 1417 2520 ne
1452 2454 1563 2520 illa
1594 2454 1878 2539 quidem,
1914 2476 2079 2539 quae
2108 2452 2397 2540 adpetitu
2433 2454 2818 2531 efficiuntur,

758 2555 910 2612 sunt
942 2546 1065 2612 sita
1096 2547 1169 2612 in·
1198 2548 1414 2614 nobis:
1449 2571 1581 2615 non
1608 2559 1758 2613 sunt
1791 2548 1990 2634 igitur
2019 2568 2232 2633 neque
2260 2548 2667 2615 adsensiones
2699 2571 2816 2615 ne-

758 2663 885 2725 que
920 2641 1206 2709 actiones
1238 2643 1307 2708 in
1341 2655 1559 2709 nostra
1591 2654 1927 2729 potestate.
1999 2665 2082 2708 ex
2117 2664 2244 2728 quo
2279 2643 2558 2709 efficitur
2591 2654 2663 2708 ut
2693 2665 2816 2711 nec

758 2735 1159 2803 laudationes
1209 2737 1416 2803 iustae
1471 2738 1597 2804 sint
1646 2758 1769 2802 nec
1821 2735 2320 2822 vituperationes
2371 2758 2492 2804 nec
2543 2737 2815 2804 honores

758 2853 882 2897 nec.
916 2831 1246 2917 supplicia.
1250 2831 1268 2859 ’
1356 2832 1528 2917 quod
1564 2853 1714 2898 cum
1747 2830 2190 2909 vitiosumo‘sit,
2218 2829 2634 2918 probabiliter
2665 2853 2818 2898 con-

760 2925 934 2990 cludi
992 2936 1221 3012 putant
1284 2947 1415 2992 non
1476 2927 1693 2993 omnia
1743 2927 1880 2992 fato
1943 2925 2084 2992 fieri
2134 2946 2580 3010 quaecumque
2637 2925 2815 2992 fiant.

658 3015 727 3070 18
764 3016 1167 3106 Chrysippus
1228 3032 1447 3088 autem
1498 3042 1645 3088 cum
1699 3031 1763 3087 et
1826 3020 2273 3088 necessitatem
2332 3020 2702 3106 inprobaret
2753 3039 2819 3087 et

664 3088 928 3180 “nihil
954 3115 1144 3180 vellet
1178 3115 1318 3181 sine
1349 3115 1726 3202 praepositis
1764 3114 1972 3180 causis
2009 3115 2294 3192 evenire,
2330 3135 2666 3180 causarum
2699 3136 2819 3200 ge-

758 3229 921 3274 nera
968 3208 1335 3295 distinguit,
1385 3222 1459 3276 ut
1501 3221 1565 3278 et
1617 3209 2068 3275 necessitatem
2115 3208 2382 3294 effugiat
2429 3217 2496 3272 et
2544 3207 2816 3273 retineat

623 3297 637 3311 ⁶
758 3303 985 3370 fatum.
1076 3311 1095 3342 ‘
1106 3327 1445 3372 causarum
1480 3305 1680 3371 enim'
1723 3303 1932 3388 inquit
1978 3303 2168 3369 ‘aliae
2203 3312 2350 3366 sunt
2393 3301 2717 3388 peffeetae
2755 3314 2820 3371 et

758 3399 1169 3486 principales,
1214 3400 1380 3466 aliae·
1413 3399 1794 3466 adiuvantes
1825 3409 1890 3466 et
1923 3398 2250 3485 proximae
2262 3421 2287 3474 ς
2328 3417 2526 3482 quam
2559 3397 2644 3462 ob
2679 3421 2818 3464 rem

760 3515 909 3560 eum
944 3494 1213 3560 dicimus
1249 3495 1464 3560 omnia
1506 3493 1641 3559 fato
1678 3492 1818 3559 fieri
1852 3493 2061 3559 causis
2097 3490 2651 3567 antecedentibus,
2685 3511 2819 3557 non

758 3587 889 3654 hoc
923 3588 1215 3676 intellegi.
1253 3589 1579 3665 volumus,
1633 3586 1842 3654 causis
1885 3587 2188 3673 perfectis
2235 3599 2300 3654 et
2340 3585 2819 3673 principalibus,

760 3683 877 3749 scd
928 3684 1137 3749 causis
1190 3682 1640 3750 adiuvantibus
1687 3679 2294 3769 [antecedentibus]
2350 3692 2415 3747 et
2473 3679 2818 3767 proximis!

760 3777 978 3861 itaque
1012 3777 1107 3842 illi
1138 3776 1391 3856 rationi,
1426 3797 1624 3861 quam
1656 3776 1852 3862 paulo
1877 3785 2026 3842 ante
2061 3775 2368 3854 conclusi,
2403 3775 2497 3848 sio
2523 3773 2820 3850 eccam-it,

762 3871 818 3935 si
853 3871 1069 3938 omnia
1102 3871 1236 3936 fato
1270 3870 1457 3947 fiant,
1494 3870 1680 3955 sequi
1709 3869 1868 3936 illud
1903 3868 2194 3955 quidem,
2239 3881 2314 3935 ut
2349 3867 2568 3934 omnia
2609 3868 2821 3934 causis

762 3964 921 4030 fiant
953 3966 1355 4051 antepositis,
1399 3988 1623 4032 verum
1658 3987 1790 4030 non
1831 3964 2293 4052 principalibus
2329 3964 2542 4030 causis
2577 3975 2644 4030 et
2673 3985 2823 4050 per-

765 4058 980 4136 fectis,
1027 4060 1139 4127 sed
1174 4061 1625 4129 adiuvantibus
1657 4070 1726 4128 et
1757 4060 2084 4147 proximis.
2173 4082 2341 4147 quae
2377 4059 2435 4126 si
2473 4061 2654 4147 ipsae
2688 4080 2823 4126 non
