3292 4559
784 227 874 291 42
1356 261 1360 267 ·
1397 236 1474 291 M,
1512 235 1788 292 TULLII
1822 235 2220 294 CICERONIS
2284 234 2294 243 ”

784 363 851 425 in
904 360 1165 424 domum
1219 359 1708 444 multiplicatam
1759 381 1889 423 non
1937 359 2256 443 repulsam
2309 360 2519 424 solum
2570 361 2833 438 rettulit,

682 479 759 519 189
780 453 901 518 sed
963 453 1381 539 ignominiam
1430 453 1623 517 etiam
1679 463 1742 518 et
1793 453 2235 519 calamitatem.
2323 453 2612 517 ornanda
2665 455 2831 518 enim

783 560 882 613 est
928 548 1205 632 dignitas
1251 549 1473 624 domo,
1527 570 1657 612 non
1703 571 1784 613 ex
1827 548 2018 612 domo
2071 557 2205 612 tota
2254 548 2652 631 quaerenda,
2717 572 2833 614 nec

784 642 974 706 domo
1018 643 1342 720 dominus,
1390 643 1504 707 sed
1549 643 1807 707 domino
1856 644 2082 707 domus
2125 641 2520 706 honestanda
2566 654 2695 720 est,
2753 656 2833 721 et,

783 747 856 800 ut
905 737 973 800 in
1026 736 1250 801 ceteris
1302 736 1599 801 habenda
1650 737 1811 800 ratio
1853 758 1985 799 non
2036 758 2154 800 sua
2198 736 2433 812 solum,
2481 737 2598 801 sed
2643 738 2835 801 etiam

784 829 1081 906 aliorum,
1119 829 1209 895 sic
1244 831 1313 893 in
1349 829 1538 893 domo
1574 829 1732 894 clari
1766 829 2068 906 hominis,
2115 829 2184 892 in
2219 851 2412 913 quam
2453 839 2519 894 et
2554 829 2834 916 hospites

782 923 970 988 multi
1012 923 1360 1008 recipiendi
1403 934 1469 987 et
1512 923 1905 988 admittenda
1947 923 2278 986 hominum
2313 923 2624 1006 cuiusque
2662 924 2835 989 modi

784 1017 1154 1094 multitudO,
1227 1016 1594 1081 adhibenda
1644 1039 1799 1081 cura
1857 1028 1955 1081 est
2005 1017 2315 1080 laxitatis:
2386 1017 2571 1081 aliter
2621 1019 2834 1102 ampla

784 1112 1011 1175 domus
1058 1111 1355 1175 dedecori
1399 1124 1592 1196 saepe
1640 1111 1896 1175 domino
1941 1111 2041 1186 fit,
2091 1110 2145 1174 si
2192 1120 2289 1175 est
2321 1109 2390 1174 in
2423 1133 2503 1175 ea
2537 1112 2831 1186 solitudo,

784 1215 849 1269 et
893 1205 1201 1279 maxime,
1248 1204 1304 1267 si
1348 1204 1692 1287 aliquando
1728 1204 1853 1268 alio
1890 1204 2148 1268 domino
2182 1203 2368 1267 solita
2403 1214 2502 1268 est
2525 1204 2833 1288 *frequen-

782 1298 921 1361 tari.
1010 1298 1301 1361 odiosum
1337 1307 1435 1362 est
1469 1299 1660 1375 enim,
1697 1321 1843 1363 cum
1879 1321 1919 1362 a
1952 1297 2500 1384 praetereuntibus
2535 1299 2796 1363 dicitur:

917 1501 921 1504 Α
1037 1469 1125 1480 ·—
1156 1469 1244 1479 —
1278 1456 1316 1498 o
1351 1435 1578 1498 domus
1614 1435 1898 1518 antiqua,
1932 1433 2060 1499 heu
2097 1455 2292 1518 quam
2327 1434 2566 1519 dispari

1040 1527 1367 1593 dominare
1402 1527 1688 1592 domino!

677 1699 755 1739 140
781 1673 954 1755 quod
999 1673 1259 1756 quidem
1302 1673 1403 1737 his
1448 1672 1844 1758 temporibus
1879 1672 1947 1736 in
1979 1673 2195 1737 multis
2231 1673 2380 1737 licet
2413 1672 2645 1737 dicere.
2726 1693 2832 1736 ca-

780 1768 1059 1830 vendum
1096 1779 1311 1832 autem
1346 1778 1463 1844 est,
1496 1767 1871 1853 praesertim
1906 1767 1962 1830 si
1994 1767 2132 1852 ipse
2168 1767 2492 1841 aedificest,
2528 1789 2615 1832 ne
2651 1777 2831 1830 extra

777 1859 1040 1925 modum
1076 1873 1338 1946 sumptu
1373 1873 1438 1927 et
1468 1861 1943 1947 magnificentia
1975 1861 2275 1946 prodeas:
2323 1882 2452 1944 quo
2488 1861 2555 1924 in
2593 1883 2829 1945 genere

776 1954 1050 2018 multum
1094 1956 1246 2019 mali
1294 1956 1486 2020 etiam
1526 1956 1595 2019 in
1638 1955 1930 2039 exemplo
1967 1966 2082 2020 est.
2173 1954 2452 2018 studiose
2488 1952 2662 2018 enim
2693 1954 2830 2062 ple-

776 2047 957 2130 rique
1007 2049 1381 2133 praesertim
1431 2050 1500 2113 in
1549 2048 1718 2113 hanc
1776 2058 2024 2132 partem
2067 2048 2240 2112 facta
2281 2047 2644 2133 principum
2690 2047 2830 2110 imi-

777 2153 1018 2219 tantur,
1072 2154 1145 2207 ut
1198 2144 1281 2206 L.
1335 2143 1616 2219 Luculli,
1671 2143 1903 2207 summi
1953 2143 2104 2219 viri,
2158 2143 2457 2207 virtutem
2510 2142 2697 2225 quis?
2765 2151 2830 2204 at

776 2257 971 2319 quam
1013 2236 1199 2300 multi
1243 2237 1537 2301 villarum
1583 2237 2121 2322 magnificentiam
2180 2233 2497 2321 [imitati]1
2553 2257 2827 2319 quarum

775 2329 1035 2411 quidem
1086 2340 1255 2394 certe
1308 2341 1407 2395 est
1459 2330 1856 2394 adhibendus
1907 2331 2135 2394 modus
2189 2330 2273 2393 ad
2323 2327 2824 2394 mediocritatem

774 2422 1168 2486 revocandus
1181 2447 1200 2500 3
1237 2424 1589 2507 eademque
1624 2425 2028 2488 mediocritas
2064 2424 2149 2489 ad
2183 2444 2436 2487 omnem
2469 2444 2664 2486 usum
2692 2422 2824 2486 cul-

773 2528 1037 2598 tumque
1073 2516 1242 2582 vitae
1276 2518 1718 2582 transferenda
1753 2527 1868 2581 est.
1957 2518 2072 2583 sed
2105 2517 2265 2582 haec
2299 2518 2630 2581 hactenus.

670 2631 748 2670 ιιι
899 2608 981 2672 In
1015 2610 1189 2674 omni
1224 2621 1436 2675 autem
1474 2611 1722 2675 actione
1757 2610 2158 2696 suscipienda
2190 2611 2313 2676 tria
2340 2621 2490 2676 sunt
2516 2610 2824 2675 tenenda:

772 2702 1049 2787 primum
1100 2715 1173 2769 ut
1225 2705 1545 2788 adpetitus
1598 2705 1832 2769 rationi
1882 2717 2132 2790 pareat,
2197 2726 2326 2788 quo
2377 2704 2536 2768 nihil
2588 2714 2689 2769 est
2742 2704 2826 2767 ad

772 2796 985 2862 officia
1027 2798 1462 2863 conservanda
1508 2799 2047 2863 accommodatius
2057 2823 2077 2876 ;
2132 2799 2361 2863 deinde
2412 2809 2488 2863 ut
2532 2796 2822 2861 animad-

771 2902 1081 2966 vertatur,
1129 2903 1367 2974 quanta
1410 2893 1521 2957 illa
1562 2915 1666 2957 res
1715 2893 1829 2969 sit,
1873 2914 2070 2976 quam
2115 2891 2368 2957 efficere
2402 2890 2706 2967 velimus,
2752 2899 2820 2953 ut

769 3007 932 3048 neve
974 2986 1178 3050 maior
1220 3009 1383 3052 neve
1426 2987 1633 3051 minor
1678 3009 1832 3051 cura
1879 2998 1943 3052 et
1979 3008 2172 3072 opera
2206 2985 2589 3070 suscipiatur
2624 3007 2820 3068 quam

770 3097 965 3140 causa
1014 3079 1325 3161 postulet3
1390 3081 1646 3144 tertium
1701 3092 1797 3145 est
1848 3091 1923 3145 ut
1975 3101 2314 3145 caveamus
2366 3088 2439 3142 ut
2491 3101 2597 3154 ea,
2654 3099 2817 3161 quae

769 3168 1082 3253 pertinent
1127 3171 1209 3233 ad
1251 3171 1579 3237 liberalem
1628 3174 1908 3258 speciem
1942 3183 2007 3238 et
2042 3173 2443 3258 dignitatem,
2486 3172 2821 3236 moderata

769 3260 911 3325 sint.
1009 3263 1244 3329 ¹modus
1310 3274 1526 3330 autem
1588 3277 1686 3330 est
1737 3267 2014 3352 optimus
2067 3267 2262 3332 decus
2313 3267 2528 3350 ipsum
2580 3276 2816 3340 tenere,

768 3355 848 3420 de
910 3376 1036 3439 quo
1100 3368 1248 3424 ante
1308 3359 1614 3436 diximus,
1685 3382 1805 3424 nec
1856 3360 2157 3445 progredi
2208 3359 2480 3446 longius.
2587 3359 2815 3424 horum

767 3463 982 3516 tamen
1037 3452 1231 3517 trium
1285 3454 1902 3538 praestantissimum
1949 3465 2046 3520 est
2091 3454 2443 3540 adpetitum
2487 3453 2818 3536 obtempe-

766 3566 909 3609 rare
942 3546 1191 3611 rationi.

662 3631 738 3741 ‘1142
892 3638 1218 3725 Deinceps
1263 3642 1343 3706 de
1389 3642 1609 3707 ordine
1652 3665 1868 3707 rerum
1913 3654 1977 3708 et
2020 3643 2100 3708 de
2147 3642 2618 3728 opportunitate
2651 3652 2818 3706 tem-

764 3754 992 3818 porum
1036 3734 1377 3801 dicendum
1423 3749 1539 3802 est.
1625 3737 1786 3803 haec
1830 3749 2046 3802 autem
2095 3737 2358 3804 scientia
2411 3737 2817 3801 continentur

766 3849 869 3901 ea,
924 3848 1117 3910 quam
1163 3827 1401 3895 Graeci
1444 3827 1746 3910 εὐταξίαν
1790 3832 2147 3908 nominant,
2198 3855 2330 3896 non
2372 3831 2569 3906 hanc,
2615 3841 2819 3914 quam‘

763 3920 1254 4004 interpretamur
1286 3924 1684 4001 modestiam,
1721 3947 1847 4009 quo
1882 3925 1951 3988 in
1985 3926 2181 3990 verbo
2215 3925 2443 3989 modus
2470 3924 2660 4001 inest,
2700 3924 2814 3993 sed

760 4010 872 4076 illa
916 4023 1013 4076 est
1058 4011 1350 4097 εὐταξία,
1396 4018 1465 4082 in
1510 4040 1640 4102 qua
1682 4019 2072 4112 intellegitur
2117 4017 2353 4084 ordinis
2389 4017 2810 4083 conservatio.

2981 4086 2984 4221 1
