3292 4559
652 407 707 450 46

644 1683 711 1738 26

650 1757 701 1796 47

652 2475 701 2514 48

618 3559 705 3625 ’ΞἸ

646 3644 697 3682 49

2601 6 2614 9 -
2666 6 2779 43 ,1,Ψὶ

752 251 879 318 192
930 209 937 218 ’
1366 263 1443 316 Μ.
1482 261 1754 318 TULLn
1789 257 2192 318 CICERONIS

752 410 901 454 suos
942 409 1155 453 mores
1192 407 1416 472 regere
1459 395 1711 471 poterat
1745 405 1956 468 neque
1993 405 2254 449 suorum
2286 382 2611 451 libidines.
2691 387 2816 452 ita-

748 505 873 567 que
927 501 1075 546 cum
1128 481 1334 546 maior
1386 480 1525 545 eius
1570 478 1739 542 filius
1785 479 2159 554 Lucretiae,
2211 477 2575 564 Tricipitini
2619 480 2813 558 filiae,

748 572 1072 640 Conlatini
1138 575 1325 640 uxori
1338 622 1357 652 ‚
1426 572 1559 638 vim
1620 571 1938 638 attulisset
1999 571 2354 682 mulierque
2416 573 2674 658 pudens
2747 587 2820 640 et

744 693 807 756 p.
845 667 1025 756 256.]
1072 667 1321 752 nolbilis
1366 668 1449 732 ob
1484 665 1662 730 illam
1705 665 2004 730 iniuriam
2049 687 2190 732 sese
2223 666 2366 750 ipsa
2399 678 2610 733 morte
2645 671 2824 733 mul-

745 763 1037 840 tavisset,
1078 773 1219 828 tum
1266 761 1365 826 vir
1406 759 1666 846 ingenio
1701 771 1769 824 et
1801 759 2050 824 virtute
2070 770 2404 844 praestans
2437 759 2534 824 L.
2563 761 2820 827 Brutus

746 855 992 942 depulit
1042 879 1085 922 a
1132 855 1381 921 civibus
1442 855 1575 920 suis
1638 854 1947 918 iniustum
2006 852 2166 917 illud
2229 853 2432 918 durae
2485 855 2818 926 servitutis

744 949 1000 1036 iugum:
1065 949 1177 1032 qui
1240 971 1387 1013 cum
1445 949 1734 1033 privatus
1789 957 1984 1022 esset,
2039 956 2239 1010 totam
2289 967 2427 1010 rem
2479 947 2816 1032 publicam

747 1045 1046 1108 sustinuit
1079 1043 1449 1129 primusque
1483 1042 1552 1106 in
1588 1041 1710 1106 hac
1746 1040 2000 1104 civitate
2029 1039 2248 1104 docuit
2271 1040 2341 1106 in
2367 1045 2816 1108 conservanda

748 1137 984 1202 civium
1038 1137 1330 1202 libertate
1381 1157 1523 1200 esse
1572 1135 1897 1221 privatum
1941 1133 2279 1200 neminem.
2369 1155 2502 1216 quo
2549 1146 2814 1202 auctore

746 1254 809 1316 p.
822 1228 1005 1315 245.]
1034 1241 1096 1296 et
1122 1229 1408 1315 principe
1436 1229 1752 1293 concitata
1781 1227 2006 1292 civitas
2020 1237 2090 1292 et
2104 1227 2227 1292 hac
2241 1229 2486 1292 recenti
2503 1231 2816 1316 quefrella

747 1324 1091 1388 Lucretiae
1143 1323 1341 1408 patris
1396 1343 1473 1387 ac
1522 1323 2029 1408 propinquorum
2080 1332 2147 1386 et
2197 1322 2648 1388 recordatione
2701 1347 2814 1388 su-

744 1416 1003 1502 perbiae
1046 1416 1381 1499 Tarquinii
1432 1417 1906 1499 multarumque
1959 1414 2333 1479 iniuriarum
2376 1427 2444 1480 et
2487 1417 2698 1502 ipsius
2745 1429 2818 1482 et

744 1511 1043 1588 filiorum,
1080 1512 1366 1576 exsulem
1402 1522 1466 1576 et
1498 1533 1718 1596 regem
1754 1511 1966 1596 ipsum
2002 1521 2082 1574 et‘
2109 1509 2346 1574 liberos
2390 1510 2530 1575 eius
2567 1523 2634 1576 et
2651 1533 2826 1597 gen·-

747 1616 877 1670 tem
911 1597 1409 1688 Tarquiniorum
1444 1626 1583 1670 esse
1616 1604 1826 1668 iussit.

875 1700 1210 1766 Videtisne
1244 1700 1460 1787 igitur,
1495 1711 1571 1765 ut
1604 1700 1686 1765 de
1719 1721 1873 1786 rege
1909 1698 2203 1764 dominus
2239 1696 2553 1764 exstiterit
2585 1701 2828 1765 unius-

747 1816 873 1880 que
925 1795 1081 1860 vitio
1132 1817 1339 1881 genus
1390 1795 1485 1860 rei
1536 1794 1834 1880 publicae
1887 1815 1970 1859 ex
2022 1795 2192 1859 bono
2245 1794 2313 1857 in
2367 1793 2820 1859 deterrumum

748 1910 1125 1956 conversum
1187 1890 1309 1954 sit?
1376 1889 1483 1954 hic
1542 1901 1639 1954 est
1701 1888 1871 1957 enim
1936 1887 2232 1954 dominus
2295 1887 2549 1973 populi,
2609 1909 2822 1971 quem

746 2005 809 2067 p.
848 1981 1029 2068 246.]
1068 1980 1307 2049 Graeci
1340 1988 1704 2067 tyranlnum
1736 1993 1996 2046 vocant:
2035 2003 2182 2046 nam
2217 2003 2438 2066 regem
2471 1981 2655 2045 illum
2691 2001 2824 2045 vo-

745 2076 886 2142 lunt
936 2097 1106 2153 esse,
1162 2077 1275 2160 qui
1329 2076 1603 2142 consulit
1643 2087 1718 2139 nt
1757 2097 1992 2161 parens
2045 2075 2284 2160 populo
2337 2086 2820 2158 conservatque

747 2191 885 2245 eos,
932 2171 1165 2254 quibus
1202 2182 1299 2236 est
1344 2170 1774 2256 praepositus,
1823 2192 2033 2278 quam·
2052 2170 2293 2254 optima
2325 2169 2393 2232 in
2429 2169 2818 2235 condicione

747 2263 1021 2327 vivendi.
1112 2285 1265 2328 sane
1301 2264 1572 2340 bonum,
1618 2274 1694 2327 ut
1737 2263 1902 2340 dixi,
1945 2263 2040 2328 rei
2073 2262 2368 2348 publicae
2403 2285 2637 2348 genus,
2685 2264 2813 2327 sed

745 2373 959 2420 tamen
1001 2356 1373 2423 inclinatum
1416 2367 1483 2420 et
1524 2357 1711 2440 quasi
1753 2379 2026 2442 pronum
2069 2357 2152 2421 ad
2197 2357 2812 2442 perniciosissimum

746 2459 1003 2512 statum.
1092 2428 1281 2514 simul
1324 2462 1517 2532 atque
1564 2451 1736 2514 enim
1780 2474 1850 2517 se
1893 2451 2138 2515 inflexit
2181 2449 2287 2516 hic
2331 2473 2448 2516 rex
2492 2451 2562 2514 in
2595 2450 2814 2514 domi-

742 2553 963 2606 natum
997 2541 1413 2620 iniustiorcm,
1450 2545 1525 2610 fit
1558 2545 1864 2610 continuo
1899 2557 2229 2630 tyrannus,
2263 2567 2394 2630 quo
2425 2565 2634 2629 neque
2659 2558 2808 2610 tae-

742 2658 805 2721 p.
843 2635 978 2722 29]
1034 2637 1192 2701 ttius
1235 2659 1446 2722 neque
1490 2639 1742 2704 foedius
1783 2662 1906 2705 nec
1947 2639 2052 2705 dis
2089 2638 2651 2723 hominibuslque
2631 2640 2810 2703 mvi-

745 2731 876 2796 sius
914 2731 1150 2796 animal
1184 2733 1390 2798 ullum
1424 2735 1694 2820 cogitari
1728 2745 1968 2820 potest3
2015 2735 2126 2818 qui
2160 2755 2556 2818 quamquam
2587 2733 2808 2818 figura

744 2837 841 2892 est
884 2825 1187 2905 hominis,
1230 2849 1483 2893 morum
1518 2840 1732 2894 tamen
1765 2827 2140 2894 inmanitate
2174 2827 2568 2892 vastissimas
2601 2827 2806 2892 vincit

744 2921 987 2985 beluas.
1075 2921 1219 3004 quis
1267 2922 1439 2988 enim
1482 2923 1655 2988 hunc
1701 2922 2024 2987 hominem
2066 2923 2188 2988 rite
2223 2921 2484 2998 dixerit,
2529 2921 2640 3004 qui
2673 2921 2806 2986 sibi

744 3037 891 3080 cum
936 3015 1067 3078 suis
1112 3015 1361 3081 civibus
1373 3063 1393 3093 ,
1438 3017 1551 3102 qui
1597 3017 1875 3100 denique
1917 3037 2068 3081 cum
2111 3015 2284 3080 omni
2319 3015 2648 3080 hominum
2683 3036 2808 3100 ge-

742 3129 893 3172 nere
944 3109 1188 3173 nullam
1248 3110 1404 3174 iuris
1468 3111 2013 3187 communionem,
2077 3110 2320 3174 nullam
2380 3109 2808 3173 humanitatis

744 3202 1110 3268 societatem
1172 3206 1365 3270 velit?
1442 3206 1557 3272 sed
1618 3207 1735 3270 erit
1798 3206 1920 3270 hoc
1973 3206 2056 3270 de
2105 3226 2342 3290 genere
2391 3201 2584 3269 nobis
2633 3204 2802 3268 alius

738 3321 808 3385 p.
842 3295 977 3383 30.]
1018 3299 1223 3384 aptior
1258 3301 1509 3368 dicendi
1545 3303 1746 3378 locus,
1783 3323 1930 3366 cum
1963 3322 2068 3365 res
2101 3300 2246 3385 ipsa
2275 3298 2702 3382 admonulerit
2727 3311 2806 3362 ut

740 3394 809 3458 in
852 3414 961 3459 eos
1008 3393 1323 3470 dicamus,
1370 3396 1482 3478 qui
1516 3396 1712 3462 etiam
1745 3395 2014 3459 liberata
2047 3393 2176 3458 iam
2213 3392 2470 3458 civitate
2509 3393 2802 3457 domina-

742 3489 947 3554 tiones
982 3489 1448 3574 adpetiverunt.

870 3582 1145 3649 Habetis
1192 3583 1391 3668 igitur
1432 3584 1714 3669 primum
1755 3594 1968 3648 ortum
2003 3581 2286 3668 tyranni3
2337 3597 2490 3646 nam
2527 3582 2652 3646 hoc
2683 3601 2800 3644 no-

742 3699 890 3742 men
926 3673 1163 3742 Graeci
1208 3679 1379 3763 regis
1423 3678 1643 3743 iniusti
1687 3699 1826 3743 esse
1871 3679 2239 3744 voluerunt:
2291 3675 2493 3740 nostri
2537 3675 2798 3758 quidem

741 3771 947 3835 omnis
980 3789 1168 3856 reges
1202 3771 1664 3848 vocitaverunt,
1707 3771 1820 3854 qui
1855 3771 1975 3835 soli
2007 3771 2075 3834 in
2107 3769 2384 3856 populos
2418 3779 2798 3854 perpetuam

739 3875 1119 3951 potestatem
1164 3865 1499 3931 haberent..
1578 3866 1797 3948 itaque
1841 3875 1908 3930 et
1954 3864 2229 3950 Spurius
2277 3861 2546 3928 Cassius
2591 3874 2655 3928 et
2701 3863 2798 3926 M.

740 3958 1025 4023 Manlius
1073 3971 1137 4026 et
1180 3958 1455 4045 Spurius
1499 3959 1780 4024 Maelius
1833 3980 2104 4045 regnum
2161 3979 2474 4043 occupare
2517 3956 2800 4022 voluisse

742 4051 894 4115 dicti
928 4065 1097 4129 sunt,
1132 4063 1198 4120 et
1230 4053 1420 4118 modo
1465 4056 1560 4119 Ti.
1604 4051 1912 4119 Gracchus
1947 4053 1983 4088 *
2020 4053 2054 4087 ⁴⁸*
2091 4051 2128 4088 ³*

2974 1531 2981 1686 ⁴
