3292 4559
604 2035 674 2090 14

701 214 842 297 ,156
1321 224 1400 279 ιι.
1437 222 1717 281 TULLn
1751 220 2154 281 memoras

705 352 910 417 nostri
957 350 1252 436 cingunt,
1299 348 1413 413 sed
1457 345 1737 412 mundus
1782 346 1889 411 hic
1924 356 2126 423 tot-us,
2172 346 2348 429 quod
2382 346 2799 415 domicilium

708 468 773 531 p.
811 443 990 531 270]
1037 464 1362 527 quamque
1404 442 1680 527 patriam
1728 441 1794 505 di
1830 438 1841 526 Ι
1878 439 2066 505 nobis
2110 462 2521 507 communem
2560 465 2801 509 secum

710 538 1053 615 dederunt,
1127 559 1276 602 cum
1337 536 1745 623 praesertim,
1800 535 1856 599 si
1906 535 2067 599 haec
2116 535 2521 621 ignoremus,
2584 540 2799 602 multa

709 632 896 697 nobis
933 643 1007 699 et
1041 654 1280 717 magna
1313 630 1673 717 ignoranda
1707 628 1855 693 sint.
1944 652 2021 694 ac
2054 651 2159 693 me
2193 629 2489 712 quidem,
2526 642 2606 695 ut
2642 632 2799 697 her-

710 728 852 792 cule
897 728 1090 792 etiam
1133 736 1197 792 te
1229 726 1473 813 ipsum,
1517 724 1742 801 Laeli,
1789 726 2125 809 omnisque
2160 725 2386 791 avidos
2422 728 2796 813 sapientiae

711 822 991 908 cognitio
1025 822 1169 907 ipsa
1201 844 1418 887 rerum
1453 819 2003 903 consideratioque
2038 820 2353 884 delectat.’
2426 831 2575 885 tum
2614 822 2795 889 Lae-

707 916 863 981 lius:
929 924 1089 981 ‘non
1140 916 1430 1002 inpedio,
1482 914 1859 1000 praesertim
1910 914 2216 997 quoniam
2266 913 2479 979 feriati
2532 940 2791 994 sumus,

711 1010 826 1077 sed
869 1032 1210 1097 possumus
1255 1008 1478 1074 audire
1523 1009 1767 1093 aliquid
1812 1032 1897 1073 an
1932 1008 2139 1073 serius
2169 1008 2531 1074 venimus?’
2594 1012 2789 1077 ‘nihil

709 1128 773 1190 p.
801 1103 938 1191 43.]
987 1114 1085 1170 est
1109 1103 1320 1167 adhuc
1348 1103 1765 1189 disputatum,
1800 1113 1885 1180 et,
1924 1098 1935 1188 Ι
1972 1103 2277 1184 quoniam
2305 1115 2404 1169 est
2427 1104 2787 1191 integrum,

708 1198 983 1265 libenter
1027 1198 1146 1262 tibi
1159 1246 1177 1274 ,
1224 1197 1412 1262 Laeli
1426 1245 1443 1274 ,
1497 1208 1572 1262 ut
1616 1197 1699 1263 de
1742 1219 1821 1263 eo
1866 1197 2141 1262 disseras
2176 1198 2479 1281 equidem
2515 1222 2789 1265 conces-

711 1293 892 1357 ser0.'
947 1292 1172 1355 ‘immo
1205 1313 1359 1356 vero
1395 1302 1459 1356 te
1495 1291 1851 1369 audiamus,
1887 1291 2011 1356 nisi
2039 1291 2204 1357 forte
2230 1292 2543 1357 Manilius
2584 1294 2787 1361 inter-

711 1386 954 1451 dictum
989 1386 1248 1469 aliquod
1283 1387 1450 1451 inter
1483 1387 1646 1451 duos
1682 1388 1848 1452 soles
1876 1397 2061 1472 putat
2089 1408 2229 1451 esse
2258 1389 2787 1471 conponendam,

708 1491 784 1545 ut
832 1481 924 1545 ita
975 1481 1224 1545 caelum
1269 1479 1669 1565 possideant,
1720 1492 1790 1544 ut
1838 1491 2105 1563 uterque
2151 1480 2547 1566 possederit-⁹
2644 1494 2785 1547 tum

707 1574 1046 1640 Manilius:
1101 1580 1121 1611 ‘
1130 1575 1428 1661 pergisne
1465 1597 1635 1651 eam,
1673 1574 1891 1651 Laeli,
1938 1586 2140 1639 artem
2172 1574 2493 1653 inludere,
2538 1575 2616 1640 in
2652 1598 2785 1660 qua

707 1670 988 1755 primum
1021 1669 1280 1735 excellis
1316 1670 1452 1755 ipse
1467 1716 1484 1745 ,
1533 1668 1765 1734 deinde
1802 1670 1938 1733 sine
1973 1690 2104 1753 qua
2138 1670 2301 1733 scire
2334 1692 2527 1735 nemo
2564 1682 2785 1756 potest

707 1786 771 1849 p.
807 1763 944 1851 44.]
1002 1764 1159 1848 quid
1209 1764 1290 1829 sit
1343 1786 1560 1840 suum,
1615 1763 1773 1861 quid
1826 1764 2145 1828 alienum?
2200 1760 2211 1847 Ι
2260 1764 2374 1828 sed
2417 1763 2549 1829 ista
2596 1788 2781 1830 mox:

706 1880 879 1922 nunc
924 1858 1261 1923 audiamus
1295 1856 1589 1933 Philum,
1633 1879 1827 1939 quem
1872 1857 2062 1922 video
2107 1857 2452 1921 maioribus
2513 1858 2654 1923 iam
2698 1860 2781 1925 de

707 1954 900 2019 rebus
941 1976 1135 2039 quam
1170 1976 1272 2018 me
1309 1962 1421 2017 aut
1455 1974 1651 2036 quam
1684 1951 1765 2016 P.
1802 1951 2099 2016 Mucium
2135 1952 2422 2017 consuli.'

836 2047 1008 2113 Tum
1041 2046 1296 2111 Philus.
1352 2046 1536 2111 ‘nihil
1580 2047 1732 2111 novi
1776 2045 1957 2110 vobis
2006 2045 2293 2111 adferam
2338 2068 2553 2130 neque
2600 2048 2779 2131 quod

706 2166 746 2207 a
781 2164 884 2207 me
930 2143 1011 2207 sit
1057 2142 1409 2227 cogitatum
1451 2152 1562 2204 aut
1613 2142 1975 2217 inventum3
2028 2162 2180 2205 nam
2230 2141 2542 2205 memoria
2585 2152 2777 2207 teneo

708 2232 786 2301 C.
827 2234 1188 2320 Sulpicium
1226 2232 1521 2312 Gallum,
1557 2234 2027 2311 doctissimum,
2063 2244 2135 2297 ut
2170 2234 2373 2311 scitis,
2420 2234 2771 2313 hominem,

649 2366 652 2369 ⁴
706 2350 854 2397 cum
905 2329 1077 2393 idem
1129 2328 1251 2392 hoc
1303 2327 1513 2391 visum
1572 2327 1890 2393 diceretur
1936 2338 2000 2393 et
2046 2338 2213 2393 esset
2258 2350 2413 2393 casu
2456 2330 2643 2414 apud
2674 2330 2771 2393 M.

618 3196 670 3237 22

703 2421 1120 2498 Marcellum,
1169 2419 1281 2504 qui
1317 2442 1465 2484 cum
1501 2441 1577 2485 eo
1613 2422 1835 2486 consul
1869 2421 2108 2498 fuerat,
2156 2421 2526 2506 sphaeram,
2576 2444 2771 2506 quam

705 2540 768 2603 p.
810 2511 988 2599 103]
1025 2514 1123 2577 M.
1161 2514 1458 2579 Marcelli
1494 2538 1655 2580 avus
1691 2516 1895 2602 captis
1933 2512 1945 2603 Ι
1986 2514 2325 2602 Syracusis
2360 2538 2442 2581 ex
2476 2516 2648 2582 urbe
2681 2518 2772 2583 lo-

705 2608 1139 2694 cupletissima
1201 2618 1394 2693 atque
1455 2609 1858 2677 ornatissima
1920 2610 2307 2687 sustulisset,
2380 2632 2531 2675 cum
2596 2612 2774 2675 aliud

703 2703 861 2769 nihil
914 2726 994 2769 ex
1041 2713 1220 2769 tanta
1263 2704 1504 2790 praeda
1547 2704 1809 2769 domum
1856 2726 2042 2769 suam
2086 2704 2584 2790 deportavisset,
2640 2706 2773 2770 ius-

705 2797 862 2864 sisse
904 2797 1202 2884 proferri:
1260 2798 1440 2863 cuius
1478 2820 1599 2885 ego
1637 2798 1947 2887 sphaerae
1982 2822 2130 2864 cum
2165 2822 2472 2885 persaepe
2507 2812 2773 2887 propter

703 2892 1082 2977 Archimedi
1115 2892 1385 2979 gloriam
1418 2915 1655 2959 nomen
1690 2894 2040 2971 audissem,
2078 2894 2358 2979 speciem
2390 2896 2600 2979 ipsam
2640 2917 2771 2959 non

705 3010 848 3051 sum
890 2997 1066 3050 tanto
1113 3008 1304 3072 opere
1350 2987 1730 3064 admiratus3
1788 3000 1925 3053 erat
1968 2988 2139 3053 enim
2184 2988 2297 3053 illa
2338 2988 2673 3054 venustior
2706 3000 2772 3053 et

703 3079 976 3144 nobilior
1025 3080 1095 3143 in
1147 3082 1404 3165 volgus,
1453 3102 1646 3165 quam
1694 3082 1777 3145 ab
1823 3082 2048 3147 eodem
2092 3080 2483 3147 Archimede
2527 3081 2770 3147 factam

704 3183 1005 3259 posuerat
1038 3172 1106 3236 in
1140 3175 1378 3260 templo
1414 3175 1687 3241 Virtutis
1724 3176 2076 3241 Marcellus
2110 3176 2301 3241 idem.
2391 3175 2504 3241 sed
2541 3187 2769 3261 postea

702 3291 766 3354 p.
808 3265 987 3353 104.]
1043 3289 1238 3352 quam
1285 3267 1296 3356 Ι
1346 3268 1557 3355 coepit
1605 3270 1919 3335 rationem
1972 3270 2161 3335 huius
2215 3269 2423 3355 operis
2478 3270 2769 3335 scientis-

703 3361 861 3429 sime
901 3358 1130 3429 Gallus
1177 3385 1526 3449 exponere,
1572 3363 1719 3448 plus
1765 3363 1833 3429 in
1878 3365 1987 3428 illo
2026 3362 2244 3431 Siculo
2287 3364 2534 3450 ingenii
2570 3385 2759 3447 quam

701 3456 1025 3523 videretur
1064 3466 1298 3523 natura
1340 3457 1624 3524 humana
1672 3458 1838 3524 ferre
1882 3458 2166 3544 potuisse
2208 3457 2487 3523 iudicavi
2536 3458 2749 3522 fuisse:

703 3552 957 3617 dicebat
1001 3552 1172 3619 enim
1217 3550 1448 3619 Gallus
1491 3552 1801 3638 sphaerae
1844 3553 2014 3619 illius
2070 3552 2331 3619 alterius
2382 3552 2622 3617 solidae
2670 3562 2763 3615 at-

703 3666 828 3731 que
871 3646 1098 3732 plenae
1143 3657 1328 3713 vetus
1373 3669 1513 3713 esse
1557 3648 1891 3713 inventum
1936 3658 2001 3713 et
2044 3670 2187 3713 eam
2234 3670 2273 3711 a
2316 3646 2589 3711 Thalete
2632 3646 2767 3711 Mi-

699 3740 856 3805 lesio
919 3741 1196 3826 primum
1259 3764 1399 3807 esse
1462 3750 1807 3817 tornatam,
1872 3753 2017 3828 post
2078 3750 2293 3808 autem
2351 3740 2435 3803 ab
2489 3738 2767 3805 Eudoxo

704 3831 936 3899 Cnidio
949 3880 967 3911 ‚
1022 3834 1364 3921 discipule,
1417 3845 1489 3899 ut
1538 3835 1783 3901 ferebat
1797 3882 1816 3914 ,
1878 3835 2204 3911 Platonis,
2267 3833 2538 3898 eandem
2590 3834 2769 3902 illam

701 3950 766 4012 p.
813 3926 946 4012 65]
1013 3929 1198 3993 astris
1251 3928 1602 4012 stellisque,
1668 3952 1835 4015 quae
1890 3931 2065 3995 caelo
2118 3929 2550 4004 inhaererent,
2608 3928 2769 4011 eslse

707 4018 1118 4103 descriptam,
1191 4022 1371 4087 cuius
1444 4042 1701 4089 omnem
1770 4035 2066 4099 ornatum
2128 4034 2193 4089 et
2252 4020 2769 4109 descriptionem,

812 4374 820 4409 Ιἰ
833 4402 836 4405 ’

812 4418 824 4433 ι.
835 4428 838 4433 .

843 4460 858 4473 ,ο

869 4478 898 4509 ..ν’
