3292 4559
746 260 831 324 26
1222 356 1227 359 Ι
1356 272 1433 327 Μ.
1472 272 1746 329 TULLII
1781 272 2182 331 CICERONIS

745 405 961 459 tamen
993 393 1117 460 hoc
1150 394 1368 461 lumen
1404 394 1759 461 videbatur.
1833 394 1917 477 Q.
1957 393 2247 475 CatuluS,
2283 396 2474 463 huius
2511 398 2814 484 collegae

660 508 665 513 ·
746 499 810 552 et
852 488 1183 555 familiaris
1225 490 1425 555 nostri
1466 501 1674 575 pater,
1730 490 1950 555 dilexit
1998 492 2382 577 municipem
2438 502 2619 557 tuum
2661 492 2814 557 Ro—

644 1404 697 1443 80

643 2203 689 2243 81

746 582 969 660 scium,
1004 583 1073 647 in
1109 605 1303 667 quem
1338 584 1530 649 etiam
1563 584 1724 649 illud
1761 595 1858 649 est
1893 584 2057 649 eius:

917 719 1319 805 constiteram
1356 720 1744 785 exorientem
1779 721 2102 783 Auroram
2134 720 2300 785 forte
2335 722 2636 799 salutans,

1000 836 1147 877 cum
1182 813 1393 877 subito
1432 836 1471 877 a
1503 814 1688 878 laeva
1722 814 1994 879 Roscius
2031 815 2329 879 exoritur.

912 930 1071 993 pace
1106 907 1263 971 mihi
1297 908 1505 985 liceat,
1542 908 1865 987 caelestes,
1903 908 2112 973 dicere
2151 922 2381 989 vestra,

998 1001 1280 1066 mortalis
1316 1001 1543 1067 visu’st
1574 1002 1900 1087 pulchrior
1935 1025 2073 1068 esse
2109 1003 2249 1069 deo.

742 1145 891 1210 huic
928 1146 1047 1211 deo
1093 1144 1443 1231 pulchrior:
1482 1158 1548 1211 at
1582 1158 1748 1223 erat,
1788 1147 1975 1213 sicuti
2008 1148 2198 1213 hodie
2235 1158 2356 1226 est,
2392 1148 2802 1233 perversissi-

740 1240 863 1304 mis
898 1241 1118 1305 oculis.
1208 1239 1364 1323 quid
1398 1240 1623 1317 refert,
1672 1242 1726 1306 si
1769 1241 1892 1308 hoc
1937 1243 2146 1327 ipsum
2183 1243 2420 1307 salsum
2453 1242 2548 1306 illi
2581 1253 2646 1306 et
2679 1265 2801 1307 ve-

636 1331 705 1384 29
738 1344 1000 1398 nustum
1042 1333 1420 1399 videbatur?
1470 1335 1664 1399 redeo
1711 1336 1794 1400 ad
1839 1337 2009 1401 deos.
2098 1356 2331 1418 ecquos
2377 1337 2434 1400 si
2475 1358 2605 1399 non
2634 1346 2799 1401 tam

742 1428 1100 1505 strabones,
1146 1438 1211 1491 at
1254 1424 1545 1513 paetulos
1582 1451 1722 1494 esse
1769 1430 2182 1494 arbitramur?
2235 1450 2468 1513 ecquos
2511 1451 2798 1495 naevum

741 1521 1015 1587 habere?
1060 1542 1295 1605 ecquos
1330 1523 1511 1599 silos,
1547 1522 1808 1599 flaccos,
1843 1524 2200 1599 frontones,
2235 1524 2586 1607 capitones„
2623 1545 2796 1607 quae

741 1627 887 1681 sunt
920 1616 988 1679 in
1022 1616 1247 1679 nobis?
1292 1640 1374 1680 an
1410 1618 1623 1683 omnia
1659 1616 1993 1683 emendata
2025 1617 2093 1681 in
2126 1617 2312 1681 illis?
2339 1616 2524 1683 detur
2565 1618 2634 1681 id
2677 1640 2797 1683 vo-

739 1708 866 1773 bis:
912 1731 1069 1773 num
1112 1710 1303 1775 etiam
1347 1733 1478 1775 una
1520 1722 1617 1775 est
1659 1709 1945 1775 omnium
1989 1710 2225 1775 facies?
2267 1734 2419 1775 nam
2455 1713 2509 1775 si
2552 1712 2792 1797 plureS,

738 1802 929 1867 aliam
974 1826 1113 1869 esse
1166 1803 1293 1868 alia
1342 1804 1770 1890 pulchriorem
1813 1826 2074 1869 necesse
2127 1816 2251 1870 est:
2312 1806 2508 1891 igitur
2560 1806 2794 1889 aliquis

740 1920 869 1961 non
908 1897 1369 1983 pulcherrimus
1415 1899 1591 1964 deus.
1680 1899 1736 1963 si
1779 1922 1909 1965 una
1943 1900 2230 1965 omnium
2263 1899 2461 1965 facies
2506 1911 2632 1977 est,
2675 1901 2794 1965 flo-

738 2014 877 2057 rere
910 1992 1190 2069 incaelo
1226 1992 1648 2060 Academiam
1683 2014 1945 2059 necesse
1981 2006 2078 2059 est
2086 2019 2105 2071 ;
2141 1994 2198 2061 si
2233 1994 2406 2059 enim
2435 1995 2593 2059 nihil
2626 1994 2794 2060 inter

742 2086 933 2150 deum
964 2096 1026 2152 et
1054 2085 1245 2151 deum
1274 2086 1505 2163 differt,
1542 2087 1720 2153 nulla
1755 2100 1852 2153 est
1877 2089 2051 2173 apud
2087 2088 2238 2153 deos
2276 2088 2576 2173 cognitio,
2612 2088 2793 2153 nulla

739 2180 1079 2264 perceptio,
1168 2180 1359 2263 quid?
1412 2181 1466 2244 si
1502 2181 1724 2258 etiam,
1775 2182 2016 2258 Vellei,
2071 2182 2303 2245 falsum
2337 2181 2496 2245 illud
2532 2184 2790 2246 omnino

740 2282 857 2348 est,
892 2273 1133 2338 nullam
1168 2273 1358 2338 aliam
1391 2274 1577 2339 nobis
1614 2274 1696 2339 de
1732 2274 1851 2339 deo
1889 2274 2314 2360 cogitantibus
2351 2274 2631 2359 speciem
2665 2275 2792 2340 nisi

736 2366 1009 2431 hominis
1055 2389 1411 2446 occurrere,
1459 2380 1754 2435 tamenne
1799 2369 1923 2433 ista
1967 2378 2098 2433 tam
2133 2367 2412 2431 absurda
2447 2367 2791 2435 defendes?

736 2460 921 2525 nobis
957 2462 1225 2528 fortasse
1262 2463 1353 2528 sic
1382 2463 1674 2541 occurrit,
1709 2473 1782 2527 ut
1817 2463 1972 2527 dicis
1987 2486 2004 2538 3
2043 2484 2082 2525 a
2115 2462 2328 2547 parvis
2357 2462 2526 2527 enim
2544 2462 2786 2542 Iovem,

738 2555 1081 2632 Iunonem,
1116 2556 1510 2635 Minervam,
1555 2558 1926 2642 Neptunum
1939 2603 1958 2632 ,
1975 2554 2382 2632 Volcanum,
2418 2556 2788 2641 Apollinem

738 2649 1146 2734 reliquosque
1180 2650 1333 2715 deos
1369 2674 1447 2715 ea
1481 2652 1645 2716 facie
1679 2651 2002 2725 novimus,
2040 2670 2170 2733 qua
2202 2650 2473 2734 pictores
2507 2650 2789 2717 fictores-

638 2780 648 2787 .
740 2767 867 2829 que
900 2748 1257 2821 voluerunt,
1291 2766 1500 2828 neque
1536 2745 1744 2809 solum
1779 2744 1972 2821 facie,
2010 2744 2124 2808 sed
2159 2744 2352 2809 etiam
2387 2755 2645 2823 ornatu,
2682 2769 2788 2811 ae-

645 3138 694 3177 82

740 2849 901 2915 tate,
948 2839 1209 2903 vestitu:
1266 2848 1332 2901 at
1364 2858 1494 2901 non
1528 2837 1842 2924 Aegyptii
1883 2860 2004 2903 nec
2041 2836 2192 2922 Syri
2225 2859 2346 2902 nec
2388 2838 2524 2904 fere
2561 2832 2786 2905 cunct-a

736 2933 1061 3009 barbaria;
1106 2932 1415 2999 firmiores
1464 2932 1633 2995 enim
1669 2932 1888 2997 videas
1925 2932 2097 3017 apud
2133 2954 2242 2997 eos
2278 2932 2603 3018 opiniones
2649 2956 2783 2999 esse

738 3024 818 3089 de
872 3024 1092 3090 bestiis
1142 3024 1528 3108 quibusdam
1581 3047 1776 3109 quam
1828 3026 2002 3112 apud
2062 3048 2178 3091 nos
2231 3026 2311 3092 de
2374 3028 2780 3092 sanctissimis

738 3117 989 3201 templis
1032 3128 1099 3183 et
1149 3118 1503 3183 simulacris
1548 3119 1832 3185 deorum.
1895 3120 2132 3185 etenim
2182 3118 2334 3185 fana.
2385 3122 2587 3184 multa
2640 3141 2783 3205 spo-

734 3210 889 3275 liata
940 3222 1004 3275 et
1056 3212 1393 3277 simulacra
1444 3211 1713 3278 deorum
1764 3213 1844 3279 de
1895 3215 2052 3279 locis
2108 3214 2518 3280 sanctissimis
2571 3214 2780 3279 ablata

736 3305 1027 3371 videmus
1064 3330 1103 3371 a
1135 3306 1399 3385 nostris3
1436 3319 1504 3371 at
1536 3308 1688 3373 vero
1721 3332 1804 3374 ne
1839 3307 2036 3374 fando
2069 3308 2330 3393 quidem
2365 3306 2655 3372 anditum
2689 3322 2781 3375 est

722 3400 1125 3465 crocodilum
1168 3411 1281 3465 aut
1323 3400 1481 3466 ibim
1523 3412 1637 3466 >aut
1681 3403 1912 3467 faelem
1958 3404 2264 3468 violatum
2311 3401 2392 3465 ab
2436 3400 2778 3487 Aegyptio.

658 3520 663 3523 ·
736 3493 895 3577 quid
938 3494 1133 3580 igitur
1168 3496 1425 3560 censes?
1476 3496 1677 3581 Apim
1719 3497 1899 3561 illum
1914 3544 1932 3574 ,
1987 3507 2278 3561 sanctum
2311 3496 2778 3581 Aegyptiorum

738 3588 989 3665 bovem,
1024 3609 1235 3653 nonne
1270 3587 1464 3654 deum
1496 3590 1701 3655 videri
1737 3590 2118 3677 Aegyptiis?
2153 3600 2284 3653 tam
2319 3587 2556 3667 hercle,
2590 3611 2778 3673 quam

738 3682 857 3745 tibi
908 3682 1082 3747 illam
1124 3693 1400 3748 vestram
1438 3682 1791 3769 Sospitam,
1845 3706 2040 3769 quam
2081 3694 2152 3747 tu
2197 3705 2550 3767 numquam
2595 3708 2676 3749 ne
2715 3686 2778 3749 in

740 3778 976 3842 somnis
1012 3777 1272 3862 quidem
1312 3779 1493 3845 vides
1528 3779 1652 3845 nisi
1689 3802 1836 3845 cum
1867 3779 2034 3865 pelle
2069 3778 2361 3862 caprina,
2399 3800 2546 3844 cum
2582 3777 2777 3855 hasta,

740 3892 886 3935 cum
940 3872 1216 3949 scutulo,
1270 3895 1421 3939 cum
1466 3874 1760 3940 calceolis
1801 3872 2120 3958 repandis.
2209 3881 2276 3936 at
2319 3894 2450 3937 non
2495 3882 2590 3937 est
2641 3872 2777 3936 talis

739 3964 991 4050 Argiva
1040 3988 1164 4031 nec
1212 3966 1505 4033 Romana
1556 3968 1741 4032 Iuno·
1773 4004 1788 4021 ο
1839 3988 1992 4052 ergo
2047 3964 2172 4031 alia
2225 3965 2468 4049 species
2519 3964 2774 4029 Iunonis

738 4058 1025 4145 Argivis,
1062 4058 1188 4124 alia
1221 4058 1601 4137 Lanuvinis,
1637 4061 1765 4125 alia
1801 4060 1993 4126 nobis.
2049 4069 2114 4126 et
2148 4058 2409 4144 quidem
2441 4058 2568 4122 'alia
2600 4056 2774 4122 nobis
