3292 4559
902 282 1010 339 DE
1043 280 1372 340 DEORUM
1405 280 1735 340 NATURA
1766 280 1813 336 1.
1849 280 2021 337 2³47.
2495 265 2539 331 5

479 408 825 497 provideri3
861 430 1014 471 nam
1050 418 1115 472 et
1145 405 1369 492 fruges
1403 415 1469 470 et
1502 404 1769 489 reliqua,
1806 425 1973 488 quae
2009 414 2179 469 terra
2210 402 2437 489 pariat,
2474 412 2539 469 et

478 512 886 589 tempestates
923 522 1002 567 ac
1036 511 1399 587 temporum
1434 499 1773 565 varietates
1809 497 2098 582 caelique
2133 497 2538 575 mutationeS,

479 597 712 681 quibus
749 595 992 671 omnia,
1029 615 1196 678 quae
1231 604 1402 659 terra
1435 592 1696 679 gignat,
1730 602 2051 657 maturata
2084 592 2540 678 pubescant,a

479 690 577 755 dis
611 688 1053 755 inmortalibus
1089 688 1283 755 tribui
1317 689 1540 773 generi
1574 688 1857 753 humano
1891 697 2150 773 putant,
2185 688 2536 771 multaque,

475 806 644 869 quae
681 783 1023 849 dicentur
1004 804 1072 849 m
1107 783 1206 849 his
1241 781 1443 861 libris,
1479 782 1833 868 conligunt,
1871 801 2037 865 quae
2073 781 2227 849 talia
2260 790 2430 858 sunt,
2466 792 2539 847 ut

395 939 411 954 ,
479 900 558 944 ea
588 878 732 963 ipsa
766 877 870 943 dei
903 877 1270 943 inmortales
1300 877 1384 947 ad
1420 900 1609 943 usum
1635 876 1970 941 hominum
2004 875 2299 941 fabricati
2334 896 2539 961 paene

480 970 842 1054 videantur.
881 982 1103 1037 contra
1135 992 1298 1055 quos
1336 968 1705 1037 Carneades
1738 970 1830 1037 ita
1862 960 2068 1035 multa·
2103 969 2429 1045 disseruit,
2467 979 2541 1033 ιιι

479 1064 786 1130 excitaret
819 1064 1109 1131 homines
1144 1088 1275 1131 non
1311 1065 1606 1131 socordes
1645 1064 1730 1129 ad
1773 1063 1909 1131 veri
1951 1061 2381 1148 investigandi
2426 1079 2539 1127 cu-

479 1157 830 1245 piditatem.
917 1181 1020 1225 res
1066 1158 1238 1225 enim
1281 1160 1460 1225 nulla
1495 1169 1620 1235 est,
1676 1157 1757 1223 de
1793 1178 1922 1241 qua
1966 1167 2145 1221 tanto
2180 1177 2374 1242 opere
2406 1174 2538 1221 non
2580 1174 2606 1214 ⁵

479 1252 688 1318 solum
720 1251 990 1329 indocti,
1047 1253 1161 1319 sed
1197 1254 1391 1319 etiam
1426 1252 1597 1320 docti
1631 1252 2039 1329 dissentiant,
2090 1272 2367 1335 quorum
2402 1250 2541 1336 opi-

479 1347 702 1411 niones
749 1368 900 1411 cum
932 1357 1066 1413 tam
1099 1348 1314 1415 variae
1359 1348 1486 1415 sint
1520 1359 1782 1432 tamque
1824 1347 1991 1413 inter
2036 1369 2105 1413 se
2140 1346 2537 1424 dissidentes,

477 1441 750 1505 alterum
803 1440 942 1506 fieri
991 1441 1278 1527 profecto
1332 1453 1574 1529 potest,
1625 1453 1701 1507 ut
1744 1464 1966 1509 earum
2009 1441 2215 1518 nulla,
2268 1441 2539 1505 alterum

479 1546 650 1601 certe
685 1557 816 1601 non
860 1545 1101 1621 potest,
1153 1547 1228 1603 ut
1271 1537 1418 1623 plus
1463 1560 1596 1603 una
1629 1558 1785 1601 vera
1820 1536 1921 1601 sit.
2010 1556 2141 1619 qua
2175 1534 2436 1618 quidem
2470 1533 2537 1596 in
2572 1548 2606 1603 3

476 1650 676 1694 >causa
709 1639 774 1694 et
816 1630 1162 1697 benevolos
1199 1631 1640 1718 obiurgatores
1688 1630 1945 1715 placare
1981 1641 2045 1697 et
2065 1628 2335 1707 ,invidos
2373 1627 2541 1693 vitu-

477 1733 804 1808 peratores
849 1723 1179 1790 confutare
1235 1745 1607 1810 possumus,
1661 1734 1733 1788 ut
1776 1723 2007 1789 alteros
2058 1721 2541 1809 reprehendisse

477 1815 820 1901 paeniteat,
859 1817 1040 1882 alteri
1067 1817 1362 1881 didicisse
1391 1840 1459 1883 se
1486 1817 1810 1902 gaudeant
1821 1840 1840 1892 3
1876 1838 2028 1880 nam
2054 1816 2168 1899 qui
2195 1815 2541 1881 admonent
2659 1883 2667 1892 κ

477 1908 704 1984 amice,
742 1908 1012 1973 docendi
1049 1919 1229 1984 sunt,
1264 1910 1378 1991 qui
1409 1909 1667 1973 inimice
1700 1909 2123 1983 insectantur,
2170 1908 2537 1992 repellendi.

481 2001 755 2065 multum
795 2009 1012 2065 autem
1047 2000 1308 2066 fluxisse
1343 2001 1532 2067 video
1569 2000 1651 2066 de
1684 2000 1863 2066 libris
1899 2000 2155 2079 nostris,
2190 2022 2351 2083 quos
2389 2021 2541 2065 con-
2584 2024 2609 2064 e

481 2094 682 2181 pluris
742 2091 925 2158 brevi
985 2106 1272 2179 tempore
1331 2095 1681 2173 edidimus,
1742 2095 2121 2178 variumque
2182 2116 2542 2160 sermonem

479 2188 712 2275 partim
738 2186 1209 2266 admirantium,
1244 2189 1416 2255 unde
1443 2189 1567 2254 hoc
1599 2187 2093 2276 philosophandi
2118 2188 2303 2254 nobis
2332 2189 2543 2253 subito

481 2281 764 2349 studium
797 2282 1172 2361 exstitisset,
1214 2284 1476 2369 partim,
1522 2282 1681 2368 quid
1715 2304 1972 2367 quaque
2010 2282 2090 2349 de
2133 2306 2203 2349 re
2238 2284 2396 2349 certi
2428 2284 2543 2348 ha·-

479 2377 807 2453 beremus,
863 2376 1023 2442 scire
1069 2377 1490 2463 cupientium3
1541 2378 1760 2443 multis
1808 2378 2000 2443 etiam
2037 2376 2207 2445 sensi
2251 2377 2543 2443 mirabile

479 2470 683 2535 videri
710 2492 854 2535 eam
877 2470 1062 2536 nobis
1089 2471 1492 2557 potissimum
1519 2472 1859 2558 probatam
1886 2494 2026 2537 esse
2052 2472 2540 2558 philosophiam,

477 2584 648 2648 quae
708 2562 920 2629 lucem
972 2564 1245 2651 eriperet
1299 2574 1364 2632 et
1415 2567 1602 2651 quasi
1662 2578 1917 2633 noctem
1970 2567 2296 2651 quandam
2348 2566 2541 2633 rebus

479 2657 863 2735 offunderet,
901 2659 1316 2745 desertaeque
1346 2660 1719 2746 disciplinae
1748 2672 1813 2727 et
1844 2661 1974 2728 iam
2008 2661 2255 2746 pridem
2282 2661 2541 2727 relictae

477 2751 908 2839 patrocinium
957 2755 1412 2865 necopinatum
1455 2778 1496 2821 a
1538 2754 1725 2820 nobis
1779 2777 1919 2821 esse
1974 2765 2370 2840 susceptum:
2420 2774 2539 2818 nos

481 2857 701 2911 autem
733 2868 855 2911 nec
899 2847 1108 2913 subito
1143 2848 1472 2933 coepimus
1515 2848 1952 2933 philosophari
1994 2870 2114 2914 nec
2155 2847 2541 2914 mediocrem

483 2965 524 3007 a
555 2942 763 3026 primo
808 2952 1094 3027 tempore
1139 2944 1364 3009 aetatis
1408 2944 1477 3007 in
1519 2965 1596 3009 eo
1639 2943 1852 3009 studio
1888 2966 2149 3029 operam
2194 2964 2542 3027 curamque

480 3036 996 3121 consumpsimus
1033 3047 1127 3114 et,
1164 3024 1314 3103 cum‘
1345 3038 1610 3103 minime
1643 3036 2052 3116 videbamur,
2089 3048 2229 3103 tum
2261 3040 2547 3105 maxime

483 3128 1121 3216 philosophabamur,
1175 3132 1349 3215 quod
1403 3144 1504 3197 et
1521 3133 1839 3198 orationes
1893 3131 2221 3197 declarant
2270 3132 2543 3201 refertae

483 3224 1009 3309 philosophorum
1051 3224 1382 3291 sententiis
1415 3236 1482 3290 et
1525 3225 2036 3313 doctissimorum
2080 3226 2411 3293 hominum
2446 3228 2543 3292 fa-

485 3317 902 3396 miliaritates,
937 3320 1173 3404 quibus
1209 3343 1461 3407 semper
1496 3321 1724 3388 domus
1758 3332 1978 3387 nostra
2002 3320 2235 3400 floruit,
2274 3333 2338 3389 et
2368 3322 2544 3407 prin-

485 3413 662 3498 cipes
697 3412 810 3491 illi,
844 3413 1187 3492 Diodotus,
1223 3415 1435 3496 Philo,
1471 3416 1855 3493 Antiochus,
1890 3416 2300 3495 Posidonius,
2336 3439 2376 3481 a
2402 3415 2545 3499 qui-

486 3508 610 3571 bus
645 3508 917 3574 instituti
954 3532 1203 3587 sumus3
1251 3521 1345 3587 et,
1391 3510 1446 3575 si
1479 3510 1695 3575 omnia
1730 3511 2169 3621 philosophiae
2204 3518 2545 3596 praecepta
2586 3524 2610 3563 ⁷

487 3602 852 3667 referuntur
885 3603 971 3667 ad
1002 3604 1222 3682 vitam,
1259 3605 1640 3670 arbitramur
1674 3626 1792 3669 nos
1829 3616 1895 3670 et
1927 3587 2201 3691 pubhcis
2236 3613 2300 3669 et
2330 3602 2545 3689 priva·

487 3695 570 3759 tis
603 3695 672 3759 in
703 3695 897 3760 rebus
933 3720 1012 3763 ea
1043 3698 1464 3784 praestitisse,
1511 3719 1678 3783 quae
1722 3698 1885 3763 ratio
1929 3710 1995 3763 et
2029 3696 2317 3781 doctrina
2358 3719 2545 3783 prae-

488 3788 831 3875 scripserit.
921 3790 1020 3855 sin
1062 3804 1277 3858 autem
1321 3793 1464 3887 quis
1507 3793 1802 3877 requirit,
1849 3814 2013 3876 quae
2060 3813 2255 3857 causa
2287 3812 2405 3857 nos
2446 3791 2545 3857 in·
2578 3807 2615 3863 4

435 3896 456 3915 ²
490 3882 726 3969 pulerit
769 3893 842 3949 ut
883 3883 1045 3951 haec
1087 3896 1220 3951 tam
1267 3909 1409 3953 sero
1451 3886 1679 3952 litteris
1713 3886 2161 3950 mandaremus
2173 3930 2192 3961 ,
2245 3885 2403 3951 nihil
2446 3898 2546 3952 est

489 3977 666 4063 quod
708 3976 1010 4063 expedire
1056 3991 1189 4045 tam
1223 3981 1412 4047 facile
1454 3980 1801 4067 possimus:
1846 4000 1999 4043 nam
2042 3999 2191 4045 cum
2235 3979 2363 4045 otio
2406 3980 2547 4045 lan·-

488 4093 834 4155 gueremus
881 4084 942 4139 et
987 4073 1042 4139 is
1085 4085 1254 4141 esset
1298 4074 1391 4141 rei
1436 4074 1731 4159 publicae
1778 4082 2011 4151 status,
2058 4084 2129 4139 ut
2164 4096 2309 4141 eam
2352 4076 2541 4141 unius
