3292 4559
832 306 939 362 DE
973 303 1302 362 DEORUM
1335 301 1665 361 NATURA
1696 301 2080 372 nnn—46.
2361 287 2493 355 105

430 453 708 518 quorum
742 429 980 516 templa
1014 437 1164 494 sunt
1200 427 1534 493 dedicata?
1579 450 1702 514 age
1734 447 1955 512 porro:
2000 426 2227 494 Iovem
2262 436 2328 492 et
2360 426 2496 492 Ne-

432 538 706 615 ptunum
740 526 934 591 deum
968 547 1295 590 numeras:
1334 543 1488 608 ergo
1523 522 1719 588 etiam
1746 518 1981 598 Orcus,
2017 521 2216 587 frater
2250 542 2492 599 eorum,

434 623 622 697 deus,
671 632 735 687 et
768 620 888 696 illi,
934 619 1047 704 qui
1079 620 1278 684 fluere
1315 617 1490 704 apud
1524 616 1763 682 inferos
1801 616 2130 692 dicuntur,
2167 615 2492 695 Acheron,

439 713 746 803 Cocytus,
780 713 1362 802 Pyriphlegethon,
1399 723 1538 777 tum
1577 708 1859 788 Charon,
1897 722 2034 776 tum
2070 707 2396 777 Cerberus
2428 711 2495 775 di
2574 739 2589 754 ν

431 811 720 897 putandi.
791 822 860 875 at
891 809 961 874 id
993 809 1255 892 quidem
1294 805 1787 894 repudiandum.
1854 827 1940 871 ne
1976 802 2190 873 Orcus
2234 805 2495 890 quidem
2538 829 2591 869 44

429 903 662 990 igitur?
717 903 874 988 quid
927 902 1134 968 dicitis
1188 923 1342 988 ergo
1396 901 1477 968 de
1526 899 1866 966 fratribus?
1916 899 2078 965 haec
2124 897 2495 966 Carneades

432 997 674 1075 aiebat,
705 1018 858 1061 -non
909 1007 982 1062 ut
1033 996 1188 1063 deos
1245 996 1523 1073 tolleret,
1558 1029 1646 1042 —-
1682 993 1839 1079 quid
1892 994 2065 1060 enim
2113 994 2494 1081 philosopho

431 1090 646 1156 minus
681 1089 1105 1156 conveniens?
1143 1125 1232 1136 ——-
1267 1089 1381 1156 sed
1426 1099 1500 1154 ut
1535 1085 1791 1155 Stoicos
1835 1088 1995 1154 nihil
2041 1088 2121 1155 de
2159 1089 2257 1154 dis
2292 1089 2495 1174 expli-

434 1207 580 1252 care
610 1185 1042 1264 convinceret3
1080 1184 1296 1269 itaque
1325 1183 1802 1270 insequebatur.
1854 1183 2009 1268 quid
2036 1182 2225 1260 enim,
2263 1182 2495 1262 aiebat,

434 1280 490 1347 si
524 1279 593 1345 hi
623 1279 859 1345 fratres
905 1289 1053 1344 sunt
1095 1279 1164 1344 in
1198 1301 1466 1345 numero
1503 1278 1798 1358 deorum,
1840 1302 2000 1344 num
2044 1278 2126 1347 de
2168 1289 2350 1364 patre
2386 1300 2495 1344 eo·
2977 1271 2984 1366 3

433 1395 577 1438 rum
615 1371 896 1441 Saturno
938 1373 1163 1460 negari
1207 1385 1446 1460 potest,
1501 1395 1697 1458 quem
1732 1373 1924 1460 volgo
1960 1373 2239 1440 maxime
2275 1374 2494 1440 colunt
2982 1371 2984 1388 ²

433 1468 518 1534 ad
570 1468 1005 1536 occidentem?
1064 1468 1176 1553 qui
1227 1469 1284 1533 si
1349 1480 1444 1534 est
1496 1468 1688 1546 deus,
1741 1479 1989 1554 patrem
2043 1489 2302 1554 quoque
2356 1468 2492 1535 eius

435 1559 710 1629 Caelum
772 1585 912 1630 esse
964 1563 1158 1629 deum
1212 1563 1646 1629 confitendum
1698 1573 1824 1628 est·
1890 1564 2066 1649 quod
2127 1564 2184 1628 si
2232 1563 2325 1628 ita
2376 1573 2494 1640 est,

435 1652 620 1723 Caeli
653 1678 910 1743 quoque
941 1668 1240 1744 parentes
1277 1657 1344 1723 di
1385 1657 1669 1723 habendi
1704 1669 1883 1735 sunt,
1920 1657 2170 1725 Aether
2214 1668 2278 1725 et
2309 1656 2494 1735 Dies,

433 1772 783 1834 eorumque
834 1751 1063 1817 fratres
1111 1762 1178 1816 et
1221 1773 1499 1828 sorores,
1552 1751 1666 1834 qui
1709 1773 1755 1814 a
1790 1750 2161 1836 genealogis
2214 1751 2495 1836 antiquis

434 1843 528 1910 sic
559 1844 1000 1922 nominantur,
1036 1845 1265 1921 Amor,
1299 1843 1545 1919 Dolus,
1580 1842 1878 1920 Morbus,
1912 1843 2156 1920 Labor,
2190 1845 2497 1911 Inviden-

434 1936 546 2015 tia,
571 1936 832 2014 Fatum,
863 1935 1200 2014 Senectus,
1227 1937 1434 2014 Mors,
1461 1936 1818 2014 Tenebrae,
1834 1936 2136 2013 Miseria,
2165 1936 2493 2019 Querella,

439 2028 687 2109 Gratia,
723 2030 966 2108 Fraus,
1001 2030 1391 2108 Pertinacia,
1425 2030 1707 2108 Parcae,
1743 2030 2167 2117 Hesperides,
2206 2030 2494 2108 Somnia,

435 2147 599 2212 quos
635 2125 842 2192 omnis
869 2123 1086 2192 Erebo
1121 2136 1185 2191 et
1213 2125 1420 2194 Nocte
1455 2136 1639 2192 natos
1673 2124 1907 2190 ferunt.
1961 2136 2073 2190 aut
2103 2125 2301 2212 igitur
2332 2125 2495 2193 haec

436 2231 724 2287 monstra
773 2220 1108 2306 probanda
1151 2231 1301 2288 sunt
1343 2231 1455 2286 aut
1505 2220 1713 2306 prima
1755 2219 1865 2286 illa
1917 2219 2215 2286 tollenda.
2304 2221 2497 2306 quid?
2533 2217 2600 2330 ἒξ

436 2316 839 2403 Apollinem,
894 2315 1287 2393 Volcanum,
1340 2315 1771 2391 Mercurium,
1831 2326 2075 2381 ceteros
2138 2314 2295 2382 deos
2356 2339 2495 2383 esse

435 2411 639 2489 dices,
677 2409 758 2476 de
792 2409 1105 2487 Hercule,
1141 2409 1554 2496 Aesculapio,
1588 2408 1852 2487 Libere,
1890 2405 2191 2488 Castore,
2226 2409 2494 2476 Polluce

433 2504 801 2571 dubitabis?
846 2515 914 2570 at
945 2503 1016 2568 hi
1058 2504 1320 2589 quidem
1353 2505 1651 2570 coluntur
1686 2525 1891 2588 aeque
1926 2513 2119 2588 atque
2153 2504 2276 2582 illi,
2322 2505 2496 2591 apud

433 2600 751 2684 quosdam
787 2598 981 2665 etiam
1014 2599 1216 2664 multo
1249 2599 1478 2685 magis.
1570 2619 1725 2684 ergo
1761 2597 1830 2663 hi
1864 2598 1970 2664 dei
2003 2609 2153 2664 sunt
2195 2597 2495 2677 habendi,

436 2694 812 2760 mortalibus
865 2693 1000 2759 nati
1054 2693 1404 2760 matribus?
1457 2693 1652 2778 quid?
1703 2691 2072 2770 Aristaeus,
2124 2685 2239 2776 qui
2288 2694 2496 2760 olivae

438 2787 670 2854 dicitur
705 2789 1029 2866 inventor,
1064 2787 1386 2875 Apollinis
1421 2787 1622 2864 filius,
1660 2786 1953 2854 Theseus
1987 2787 2304 2874 Neptuni,
2350 2787 2495 2853 reli-

437 2881 579 2964 qui,
632 2901 907 2964 quorum
949 2892 1166 2966 patres
1210 2881 1306 2958 di,
1359 2903 1491 2948 non
1534 2896 1721 2946 erunt
1764 2879 1835 2946 in
1878 2880 2145 2947 deorum
2189 2883 2494 2947 numero?

437 2972 626 3056 quid,
679 2993 952 3056 quorum
1005 2975 1280 3039 matres?
1341 2975 1567 3060 opinor
1616 2974 1817 3039 etiam
1865 2974 2093 3061 magis.
2198 2987 2273 3041 ut
2324 2976 2497 3042 enim

436 3067 578 3132 iure
623 3065 796 3133 civili
840 3067 954 3149 qui
989 3077 1085 3132 est
1126 3078 1329 3133 matre
1370 3067 1576 3132 libera
1615 3067 1781 3134 liber
1822 3079 1949 3146 est,
1999 3069 2156 3136 item
2197 3070 2339 3138 iure
2381 3095 2495 3136 na-

437 3175 620 3226 turae
673 3159 786 3244 qui
839 3159 960 3226 dea
1011 3170 1214 3226 matre
1267 3171 1364 3226 est
1418 3161 1577 3226 deus
1630 3161 1714 3226 sit
1764 3183 2024 3230 necesse
2070 3174 2187 3230 est.
2274 3165 2493 3250 itaque

435 3253 764 3322 Achillem
780 3253 1320 3341 Astypalaeenses
1355 3255 1630 3320 insulani
1659 3256 2077 3325 sanctissume
2103 3258 2349 3338 colunt;
2386 3260 2498 3344 qui

438 3351 494 3415 si
529 3349 688 3414 deus
723 3359 850 3428 est,
898 3360 962 3415 et
997 3346 1302 3436 Orpheus
1347 3361 1412 3416 et
1444 3349 1703 3415 Rhesus
1739 3350 1806 3416 di
1840 3362 2016 3430 sunt,
2060 3352 2259 3418 Musa
2293 3365 2496 3418 matre

438 3443 592 3521 nati,
628 3442 752 3508 nisi
784 3443 949 3512 forte
983 3443 1362 3512 maritumae
1397 3444 1661 3531 nuptiae
1697 3445 1963 3512 terrenis
1992 3459 2493 3534 anteponuntur3

437 3539 494 3604 si
528 3537 597 3602 hi
632 3537 696 3602 di
731 3559 861 3605 non
897 3548 1075 3616 sunt,
1117 3539 1272 3623 quia
1303 3560 1623 3623 nusquam
1658 3539 1980 3618 coluntur,
2016 3562 2143 3624 quo
2178 3542 2369 3606 modo
2405 3541 2497 3606 illi

440 3633 626 3698 sunt?
662 3632 809 3698 vide
842 3633 1040 3719 igitur
1072 3656 1156 3703 ne
1190 3633 1533 3700 virtutibus
1567 3633 1900 3700 hominum
1934 3635 2039 3701 isti
2073 3635 2345 3700 honores
2380 3635 2495 3700 ha-
2538 3657 2591 3697 46

439 3728 742 3806 beantur,
794 3750 926 3793 non
968 3728 1554 3796 inmortalitatibusz
1609 3729 1783 3813 quod
1818 3740 1889 3795 ιιι
1931 3751 2213 3814 quoque,
2266 3729 2493 3806 Balbe,

442 3822 617 3888 visus
669 3844 738 3888 es
791 3822 1022 3888 dicere.
1110 3846 1240 3909 quo
1290 3823 1483 3890 modo
1537 3835 1752 3891 autem
1803 3833 2015 3911 potes,
2070 3822 2125 3886 si
2174 3821 2495 3888 Latonam

443 3915 631 3980 deam
673 3927 860 4002 putas
871 3965 896 4000 ,
943 3914 1262 3985 Hecatam
1303 3940 1434 3984 non
1475 3929 1733 4004 putare,
1786 3940 1953 4003 quae
1997 3927 2199 3982 matre
2232 3917 2495 3984 Asteria

445 4017 572 4084 est,
615 4031 828 4076 sorore
863 4010 1194 4077 Latonae?
1247 4035 1332 4078 an
1373 4011 1533 4078 haec
1568 4032 1827 4096 quoque
1864 4010 1985 4077 dea
2028 4010 2165 4076 est?
2216 4011 2492 4078 vidimus

444 4101 616 4174 enim
649 4102 784 4196 eius
819 4127 962 4173 aras
999 4104 1444 4192 delubraque
1423 4131 1492 4174 ιιι
1529 4105 1837 4174 Graecia.
1892 4105 1993 4172 sin
2024 4103 2185 4174 haec
2220 4103 2343 4174 dea
2373 4125 2492 4188 est,
