3292 4559
1075 291 1184 345 DE
1221 287 1547 364 OFFICIlS
1583 289 1630 344 Ι.
1668 289 1974 344 105—111.
2463 277 2555 342 33-

494 429 634 482 tum
677 409 1016 498 festivique
1065 413 1371 480 sermonis
1416 427 1607 496 atque
1651 412 1717 477 in
1765 411 1939 476 omni
1974 389 2257 478 oratione
2293 411 2559 479 simula-

495 525 698 578 torem
717 559 735 589 ,
815 529 1010 594 quem
1081 505 1320 593 εἴρωνα
1384 505 1632 573 Graeci
1696 507 2145 583 nominarunt,
2220 506 2549 574 Socratem

489 605 886 692 accepimus,
951 614 1172 670 contra
1217 597 1703 689 Pythagoram
1731 613 1794 667 et
1852 601 2171 667 Periclem
2233 619 2548 668 summam

493 699 936 765 auctoritatem
999 709 1373 763 consecutos
1427 697 1562 762 sine
1617 695 1753 761 ulla
1802 696 2139 761 hilaritate.
2246 697 2552 762 callidum

488 793 926 859 Hannibalem
963 815 1043 857 ex
1078 789 1444 856 Poenorum
1458 838 1475 868 ,
1523 814 1603 856 ex
1637 791 1872 855 nostris
1909 790 2177 854 ducibus
2215 791 2298 873 Q.
2331 792 2556 856 Maxi-

492 911 671 953 mum
708 888 1101 974 accepimus,
1145 885 1335 950 facile
1371 885 1606 962 celare,
1653 897 1894 962 tacere,
1931 885 2359 963 dissimulare,
2396 885 2549 951 insi-

493 981 684 1059 diari,
730 981 1090 1068 praeripere
1125 979 1403 1044 hostium
1439 978 1731 1056 consilia3
1773 978 1841 1042 in
1876 999 2005 1062 quo
2041 999 2276 1063 genere
2314 977 2548 1048 Graeci

487 1073 988 1142 Themistoclem
1033 1086 1098 1140 et
1129 1071 1494 1139 Pheraeum
1530 1073 1827 1138 Iasonem
1872 1073 2095 1137 ceteris
2132 1083 2546 1158 anteponunt,

487 1172 558 1235 in
602 1171 949 1256 primisque
996 1181 1323 1234 versutum
1371 1180 1433 1234 et
1469 1167 1769 1232 callidum
1804 1167 2047 1232 factum
2077 1166 2368 1245 Solonis,
2414 1170 2543 1250 qui,

491 1287 620 1350 quo
669 1276 734 1331 et
775 1265 971 1329 tutior
1018 1261 1154 1330 eius
1199 1262 1332 1329 vita
1367 1274 1534 1328 esset
1567 1274 1633 1327 et
1666 1263 1811 1347 plus
1848 1261 2173 1346 aliquanto
2207 1263 2300 1327 rei
2336 1262 2541 1348 publi-

492 1383 605 1424 cae
640 1359 989 1444 prodesset,
1026 1355 1238 1423 furere
1275 1379 1343 1422 se
1379 1357 1722 1422 simulavit.
1812 1368 1961 1422 sunt
1994 1357 2091 1421 his
2126 1357 2237 1421 alii
2267 1357 2544 1422 multum
2580 1373 2659 1414 109

492 1452 776 1538 dispares
791 1501 808 1529 ,
855 1451 1173 1538 simplices
1219 1462 1285 1517 et
1331 1451 1562 1537 aperti,
1607 1451 1721 1534 qui
1754 1451 1911 1516 nihil
1948 1451 2029 1516 ex
2064 1450 2341 1529 occulte,
2386 1449 2543 1516 n'ihil

491 1549 571 1614 de
616 1545 861 1612 insidiis
917 1547 1238 1632 agendum
1293 1557 1552 1631 putant,
1603 1545 1890 1611 veritatis
1944 1546 2247 1622 cultores,
2298 1545 2543 1610 fraudis

485 1642 758 1717 inimici,
817 1641 1100 1724 itemque
1155 1639 1292 1717 alii,
1355 1641 1467 1723 qui
1518 1639 1771 1723 quidvis
1822 1641 2287 1726 perpetiantur,
2344 1640 2543 1718 cuivis

492 1735 883 1811 deserviant,
921 1735 1076 1798 dum
1110 1735 1284 1817 quod
1321 1733 1518 1799 velint
1553 1744 2053 1816 consequantur,
2088 1743 2161 1796 ut
2198 1731 2446 1798 Sullam
2480 1743 2545 1797 et

487 1825 589 1894 M.
629 1825 938 1893 Crassum
983 1826 1380 1893 videbamus.
1471 1847 1599 1910 quo
1639 1827 1711 1891 in
1755 1848 1989 1912 genere
2036 1825 2543 1891 versutissimum

494 1934 559 1989 et
608 1921 1143 2009 patientissimum
1195 1920 1784 1986 Lacedaemonium
1828 1919 2241 2006 Lysandrum
2294 1922 2543 2007 accepi-

489 2040 654 2093 mus,
694 2027 1040 2099 contraque
1077 2012 1555 2092 Callicratidan,
1602 2016 1714 2098 qui
1746 2014 2107 2100 praefectus
2144 2015 2360 2080 classis
2391 2037 2543 2102 pro»

489 2111 702 2176 ximus
760 2120 910 2196 post
961 2108 1375 2194 Lysandrum
1435 2108 1576 2174 fuit.
1675 2109 1957 2194 it'emque
2015 2110 2082 2174 in
2146 2111 2541 2175 sermonibus

491 2207 797 2292 aliquem,
853 2204 1144 2289 quamvis
1197 2215 1579 2291 praepotens
1636 2205 1745 2280 sit,
1809 2203 2062 2270 efficere
2114 2216 2187 2270 ut
2238 2224 2407 2270 unus
2460 2205 2540 2271 de

489 2301 706 2366 multis
751 2323 890 2366 esse
929 2299 1252 2365 videaturt
1309 2300 1484 2383 quod
1525 2299 1595 2364 in
1629 2296 1897 2377 Catule,
1946 2311 2008 2364 et
2050 2299 2115 2363 in
2161 2309 2341 2385 patre
2378 2311 2442 2366 et
2474 2300 2542 2365 in

487 2396 640 2472 filio,
693 2393 992 2477 idemque
1043 2393 1110 2458 in
1153 2391 1238 2476 Q.
1283 2391 1508 2458 Mucio
1551 2395 1588 2475 †
1631 2392 1897 2458 Mancia
1938 2394 2235 2459 vidimus.
2324 2394 2542 2460 audivi

490 2513 570 2555 ex
615 2487 962 2554 maioribus
1007 2497 1192 2565 natu,
1236 2487 1359 2552 hoc
1401 2487 1574 2553 idem
1614 2486 1818 2553 fuisse
1853 2487 1919 2552 in
1955 2485 2033 2552 P.
2072 2485 2373 2573 Scipione
2406 2489 2541 2555 Na-

484 2584 638 2660 sica,
675 2594 1019 2666 contraque
1051 2593 1301 2667 patrem
1337 2581 1494 2660 eius,
1530 2580 1711 2646 illum
1746 2582 1858 2666 qui
1892 2581 1994 2646 Ti.
2034 2580 2315 2648 Gracchi
2351 2604 2542 2649 cona-

485 2688 590 2742 tus
616 2677 896 2762 perditos
925 2675 1292 2752 vindicavit,
1317 2676 1558 2740 nullam
1585 2675 1948 2742 comitatem
1974 2675 2275 2743 habuisse
2302 2699 2541 2744 sermo-

485 2772 586 2837 nis
615 2769 727 2856 [ne
744 2769 1180 2835 Xenocratem
1207 2769 1468 2853 quidem
1497 2771 1968 2836 severissimum
1986 2770 2535 2859 philosophorum]

489 2863 572 2928 ob
627 2883 895 2945 eamque
949 2883 1085 2928 rem
1136 2863 1342 2948 ipsam
1385 2887 1693 2949 magnum
1740 2875 1805 2930 et
1852 2866 2094 2929 clarum
2134 2865 2355 2931 fuisse.
2439 2867 2539 2932 in-

486 2957 913 3022 numerabiles
967 2957 1129 3022 aliae
1175 2957 1717 3023 dissimilitudines
1762 2970 1910 3023 sunt
1950 2969 2217 3026 naturae
2260 2983 2539 3026 morum-

488 3075 634 3136 que,
673 3050 934 3114 minime
970 3059 1183 3115 tamen
1219 3051 1802 3135 vituperandorum.

616 3145 990 3211 Admodum
1036 3155 1250 3210 autem
1293 3147 1570 3211 tenenda
1613 3159 1763 3212 sunt
1806 3171 1923 3213 sua
1966 3147 2224 3232 cuique,
2269 3173 2400 3216 non
2442 3151 2537 3217 vi-
2565 3124 2641 3236 ἓξ

487 3241 678 3319 tiosa,
739 3241 855 3306 sed
905 3250 1120 3306 tamen
1172 3240 1457 3325 propria,
1521 3263 1648 3325 quo
1702 3242 1952 3308 facilius
2007 3245 2307 3310 decorum
2358 3245 2535 3322 illud,

489 3337 663 3420 quod
693 3335 1083 3419 quaerimus,
1117 3334 1482 3400 retineatur.
1567 3335 1664 3400 sic
1700 3337 1868 3402 enim
1906 3347 2002 3402 est
2033 3337 2431 3418 faciendum,
2468 3352 2540 3405 ut

488 3441 710 3496 contra
751 3429 1115 3494 universam
1159 3439 1455 3494 naturam
1487 3429 1646 3494 nihil
1683 3432 2137 3497 contendamus
2150 3482 2167 3510 ,
2215 3456 2291 3498 ea
2324 3444 2540 3500 tamen

488 3534 862 3590 conservata
894 3524 1218 3609 propriam
1247 3535 1536 3589 nostram
1572 3546 1939 3608 sequamur,
1975 3536 2068 3603 ut,
2106 3527 2296 3591 etiam
2333 3527 2387 3592 si
2414 3527 2540 3592 sint

489 3619 612 3684 alia
675 3619 972 3705 graviora
1016 3630 1216 3702 'atque
1269 3619 1562 3696 meliora,
1625 3630 1840 3684 tamen
1892 3642 2009 3685 nos
2064 3621 2275 3686 studia
2324 3632 2541 3690 nostra

487 3724 741 3779 nostrae
805 3725 1072 3779 naturae
1123 3715 1349 3800 regula
1401 3714 1767 3793 metiamur3
1829 3737 2040 3799 neque
2094 3715 2264 3781 enim
2318 3716 2539 3784 attinet

489 3818 752 3873 naturae
806 3829 1165 3894 repugnare
1214 3831 1336 3874 nec
1388 3809 1731 3894 quicquam
1787 3811 1995 3894 sequi,
2048 3812 2221 3894 quod
2273 3807 2540 3896 adsequi

487 3920 616 3964 non
667 3921 894 3982 queas3
949 3925 1028 3968 ex
1081 3923 1208 3987 quo
1261 3905 1467 3990 magis
1523 3904 1818 3990 emergit,
1872 3903 2060 3988 quale
2115 3905 2196 3970 sit
2237 3905 2537 3970 decorum

488 3993 675 4070 illud,
721 3993 864 4060 ideo
908 3997 1060 4078 quia
1104 3997 1261 4061 nihil
1299 3997 1481 4064 decet
1515 3997 1713 4063 invita
1748 3998 2074 4077 Minerva,
2121 4011 2192 4064 ut
2229 3998 2435 4076 aiunt,
2472 3996 2537 4064 id

487 4099 585 4152 est
638 4086 1014 4154 adversante
1067 4101 1132 4156 et
1173 4104 1573 4178 repugnante
1618 4108 1867 4159 natura.
1960 4093 2216 4158 omnino
2262 4094 2317 4158 si
2359 4093 2537 4178 quic·
2565 4116 2638 4156 m

593 4187 812 4232 Ciceronis
839 4188 917 4230 vol.
939 4187 1044 4232 VIII.
2142 4194 2177 4248 3
