3292 4559
1078 232 1185 286 nn
1220 188 1559 287 memus
1593 230 1703 287 111.
1740 231 1982 287 40—46.
2423 216 2552 281 309

484 356 769 431 ferente,
822 353 1023 419 invito
1075 376 1185 431 eo,
1241 354 1353 436 qui
1396 376 1545 419 cum
1588 354 1830 439 populo
1875 363 2124 439 ageret,
2176 352 2556 421 seditionem

484 471 628 516 11011
657 470 847 536 posse
880 448 1048 525 fieri,
1094 448 1333 534 quippe
1370 448 1474 513 cui
1508 447 1696 513 liceat
1733 447 2096 523 concilium,
2141 447 2329 512 simul
2365 458 2556 530 atque

485 545 913 610 intercessum
946 542 1319 625 turbarique
1356 552 1655 627 coeptum
1691 542 1793 618 sit,
1831 542 2170 607 dimittere.
2243 540 2419 624 quod
2445 541 2558 625 qui

488 648 845 725 permovet,
882 658 1031 701 cum
1066 636 1173 721 agi
1206 636 1365 701 nihil
1398 646 1629 722 potest,
1665 636 1798 700 vim
1833 636 2103 720 quaerit,
2149 636 2331 699 cuius
2367 636 2556 721 inpu-

486 732 761 799 nitatem
798 730 1029 796 amittit
1062 729 1185 794 hac
1220 729 1384 815 lege.
1470 729 1762 814 sequitur
1793 729 2039 797 illudz‘
2120 740 2430 794 tercessor
2461 728 2556 793 rei
2599 744 2652 785 4³

490 826 707 892 malae
748 824 1043 891 salutaris
1089 823 1247 889 civis
1292 824 1471 889 esto?
1559 824 1704 908 quis
1739 846 1868 889 non
1903 836 2008 887 stu
2077 846 2187 889 ose
2221 824 2316 888 rei
2349 823 2559 909 publi-

490 942 613 985 cae
666 918 1035 985 subvenerit
1086 918 1207 983 hac
1258 928 1391 983 tam
1438 918 1770 1003 praeclara
1817 918 1980 1003 legis
2022 939 2182 985 voce
2225 918 2559 983 laudatus?

491 1024 647 1081 sunt
681 1012 913 1078 deinde
949 1012 1157 1120 posita
1192 1012 1513 1098 deinceps,
1560 1032 1727 1095 quae
1761 1012 2074 1078 habemus
2111 1012 2304 1077 etiam
2335 1011 2406 1075 111
2440 1033 2560 1098 pu·-

490 1106 680 1177 bimis
715 1106 1019 1180 institutis
1054 1116 1247 1189 atque
1280 1105 1563 1192 legibus.
1611 1106 1930 1217 ‘auspicia
1965 1117 2290 1182 servanto,
2328 1104 2560 1191 auguri

481 1226 558 1287 p.
596 1199 903 1286 1101011103
992 1209 1091 1265 est
1124 1210 1341 1265 autem
1375 1200 1526 1265 boni
1562 1202 1828 1287 auguris
1860 1201 2226 1269 meminisse
2261 1223 2322 1265 se
2355 1199 2559 1263 maxi-

493 1293 617 1363 mis
650 1293 747 1359 rei
780 1293 1080 1379 publicae
1116 1293 1511 1380 temporibus
1548 1305 1804 1380 praesto
1841 1318 1982 1361 esse
2017 1295 2252 1361 debere
2287 1293 2557 1377 Iovique

490 1386 741 1473 optimo
792 1386 1073 1454 maximo
1118 1410 1191 1453 se
1236 1389 1668 1453 consiliarium
1723 1400 1917 1473 atque
1963 1390 2409 1457 administrum
2445 1388 2559 1451 da-

493 1492 663 1558 tum,
700 1490 775 1550 ut
810 1480 934 1547 sibi
970 1502 1110 1558 soe,
1146 1503 1307 1566 quos
1344 1482 1411 1550 in
1448 1483 1732 1568 auspicio
1767 1506 1910 1549 esse
1942 1483 2224 1560 iusserit,
2273 1482 2560 1566 caelique

492 1574 695 1660 partis
739 1573 861 1643 sibi
907 1576 1197 1641 definitas
1244 1600 1385 1642 esse
1430 1578 1694 1642 traditas
1707 1624 1726 1655 ,
1771 1600 1810 1643 e
1852 1577 2088 1661 quibus
2131 1598 2327 1661 saepe
2371 1596 2559 1661 opem

493 1668 590 1739 rei
632 1668 929 1754 publicae
972 1668 1141 1735 ferre
1183 1671 1405 1755 possit.
1496 1671 1728 1737 deinde
1775 1671 1855 1737 de
1889 1670 2432 1757 promulgatione,
2479 1670 2559 1733 de

492 1762 765 1846 singulis
808 1762 1015 1831 rebus,
1045 1764 1342 1849 agendis,
1400 1764 1481 1829 de
1526 1765 1792 1851 privatis
1837 1762 2401 1850 magistratibusve
2445 1786 2560 1828 au-

496 1854 766 1925 diendis.

624 1948 799 2015 Tum
840 1951 1017 2036 leges
1061 1951 1607 2036 praeclarissimae
1653 1952 1734 2017 de
1779 1952 2118 2017 duodecim
2161 1952 2396 2017 tabulis
2431 1962 2560 2016 tra-
2602 1966 2656 2005 44

494 2045 663 2110 latae
700 2043 894 2123 duae,
942 2066 1216 2155 quarum
1252 2046 1452 2111 altera
1484 2046 1824 2132 privilegia
1857 2046 2047 2123 tollit,
2091 2047 2294 2113 altera
2329 2046 2410 2111 de
2455 2068 2562 2111 ca-

496 2139 652 2224 pite
683 2138 841 2203 civis
882 2140 1098 2225 rogari
1138 2140 1265 2205 nisi
1308 2141 1590 2205 maximo
1638 2140 1968 2207 comitiam
2012 2152 2207 2209 vetat.
2297 2152 2362 2209 et
2403 2161 2563 2205 non-

495 2228 652 2297 dum
694 2233 969 2301 inventis
1006 2234 1321 2301 seditiosis
1358 2234 1627 2299 tribunis
1664 2235 1784 2321 pl.,
1829 2258 1912 2301 ne
1953 2234 2246 2321 cogitatis
2281 2235 2568 2319 quidem,

434 2392 439 2397 ,
496 2325 943 2395 admirandum
979 2337 1230 2393 tantum
1262 2328 1537 2395 maiores
1571 2329 1639 2393 in
1675 2340 2008 2415 posterum
2041 2329 2416 2415 providisse.
2493 2327 2564 2392 in

495 2420 775 2505 privatos
820 2420 1113 2489 homines
1156 2423 1333 2509 leges
1379 2424 1533 2491 ferri
1567 2424 1939 2502 noluerunt3
1993 2424 2059 2488 id
2097 2434 2194 2489 est
2229 2423 2399 2491 enim
2433 2423 2563 2509 pri-

504 2513 831 2600 vilegium:
866 2538 997 2601 quo
1033 2518 1189 2601 quid
1224 2530 1321 2583 est
1354 2518 1696 2583 iniustius?
1749 2542 1900 2587 cum
1933 2518 2096 2603 legis
2131 2517 2292 2583 haec
2327 2518 2424 2583 vis
2460 2518 2560 2595 sit,

498 2621 567 2675 ut
610 2612 691 2683 sit
736 2611 967 2675 scitum
1012 2623 1077 2677 et
1120 2612 1366 2677 iussum
1410 2613 1479 2677 in
1514 2614 1742 2679 omnis.
1831 2614 1984 2677 ferri
2019 2614 2100 2677 de
2137 2611 2404 2697 singulis
2439 2612 2563 2674 nisi

499 2703 867 2767 centuriatis
914 2705 1185 2769 comitiis
1232 2706 1608 2781 noluerunt3
1663 2706 2005 2789 discriptus
2061 2706 2233 2768 enim
2285 2703 2561 2787 populus

499 2816 727 2871 0011011,
780 2796 1138 2873 ordinibus,
1194 2798 1510 2862 aetatibus
1554 2799 1700 2881 plus
1747 2797 2009 2861 adhibet
2052 2797 2137 2859 ad
2183 2795 2563 2879 suffragium

498 2889 747 2955 consilii
792 2912 987 2973 quam
1032 2890 1175 2957 fuse
1218 2890 1289 2955 in
1330 2890 1537 2955 tribus
1582 2900 1992 2955 convocatus.
2081 2910 2212 2972 (1110
2248 2888 2460 2953 verius
2486 2889 2564 2954 ’111
2605 2920 2656 2961 4⁵

500 3006 699 3053 causa
731 2996 948 3051 nostra
981 2984 1083 3051 vir
1116 2985 1337 3070 magni
1370 2984 1611 3070 ingenii
1648 3005 2028 3067 summaque
2062 2981 2431 3069 prudentia,
2479 2982 2561 3049 L.

503 3076 725 3154 Cotta,
774 3078 1031 3146 dicebat
1076 3078 1233 3145 nihil
1270 3078 1531 3146 omnino
1567 3088 1784 3143 actum
1819 3100 1960 3143 esse
1996 3078 2078 3144 de
2111 3077 2326 3155 nobis3
2379 3099 2566 3163 prae-

502 3188 603 3235 ter
634 3174 805 3238 enim
840 3194 1035 3259 quam
1071 3174 1245 3258 quod
1281 3174 1495 3238 omnia
1528 3172 1639 3237 illa
1675 3183 1889 3237 essent
1923 3173 2116 3237 armis
2149 3182 2336 3258 gesta
2369 3172 2566 3238 servi-

501 3266 701 3342 libus,
754 3278 1085 3353 praeterea
1124 3290 1339 3352 neque
1382 3267 1623 3331 tributa
1669 3267 1895 3351 capitis
1943 3267 2202 3332 comitia
2243 3278 2384 3331 rata
2428 3288 2567 3332 esse

502 3380 690 3446 posse
742 3382 953 3444 neque
1006 3362 1139 3428 ulla
1187 3361 1537 3448 privilegii:
1602 3360 1906 3444 quocirca
1955 3360 2114 3425 nihil
2167 3359 2350 3425 nobis
2405 3380 2564 3443 opus

502 3478 645 3523 esse
689 3455 862 3541 lege,
908 3456 987 3521 de
1032 3457 1268 3546 quibus
1312 3456 1471 3521 nihil
1516 3456 1776 3521 omnino
1826 3467 2042 3519 actum
2085 3463 2253 3519 esset
2293 3452 2567 3538 legibus.

504 3548 619 3615 sed
654 3548 865 3615 visum
902 3561 998 3619 est
1030 3562 1098 3617 et
1136 3552 1319 3617 vobis
1356 3562 1421 3617 et
1455 3548 1822 3615 clarissimis
1858 3549 2011 3613 viris
2046 3547 2295 3624 melius,
2331 3547 2412 3612 de
2439 3566 2570 3629 quo
2625 3600 2630 3605 ,

506 3644 676 3711 servi
716 3654 783 3717 et
821 3645 1100 3712 latrones
1148 3645 1409 3711 scivisse
1454 3668 1516 3709 se
1550 3642 1796 3727 aliquid
1831 3642 2142 3720 dicerent,
2189 3642 2270 3710 de
2303 3640 2428 3705 hoc
2461 3660 2570 3706 eo-

508 3740 655 3805 dem
692 3750 988 3805 cunctam
1022 3739 1277 3807 Italiam
1314 3739 1470 3823 quid
1510 3738 1773 3803 sentiret
1807 3737 2163 3803 ostendere.

639 3830 947 3915 Sequitur
991 3834 1070 3899 de
1116 3834 1319 3918 captis
1352 3830 1641 3918 pecuniis
1677 3841 1744 3896 et
1777 3831 1858 3896 de
1893 3831 2167 3909 ambitu3
2218 3851 2384 3915 quae
2419 3849 2569 3893 cum
2603 3804 2674 3917 ἓξ

508 3927 715 4012 magis
768 3928 1019 3993 iudiciis
1074 3950 1269 4013 quam
1323 3928 1537 3994 verbis
1592 3926 1939 3991 sancienda
1991 3927 2148 4003 sint,
2202 3922 2571 4007 adiungitur

512 4022 769 4087 ‘noxiae
794 4044 1004 4107 poena
1026 4046 1145 4109 par
1172 4033 1307 4089 esto
1319 4023 1359 4103 ',
1394 4032 1468 4087 ut
1494 4022 1563 4087 in
1592 4042 1708 4085 suo
1739 4020 1895 4086 vitio
1922 4021 2194 4105 quisque
2223 4019 2568 4107 plectatur:
