3292 4559
2640 0 2730 85 ‘33'
2959 78 2961 81 ,

2676 88 2757 200 ‘z
2935 0 2965 187 l

768 215 855 283 20
1390 226 1466 280 M.
1505 224 1781 281 'runnu
1816 220 2219 281 c1cERoms
2739 202 2763 251 ·‘
2871 239 2882 243 -
2962 198 2964 237 ³

769 351 958 419 ‘non’
1003 348 1212 434 inquit
1257 348 1495 412 ‘solum
1541 347 1837 424 scientia,
1883 368 2049 431 quae
2094 357 2193 412 est
2234 358 2483 413 remota
2532 348 2616 411 ab
2651 348 2867 417 iusti-

768 450 888 526 tia,
936 445 1249 511 calliditas
1295 444 1508 529 potius
1543 464 1743 527 quam
1778 443 2093 528 sapientia
2128 454 2225 507 est
2260 444 2674 529 appellanda,
2729 469 2863 512 ve-

769 564 916 607 rum
959 540 1153 607 etiam
1197 539 1448 603 animus
1492 548 1752 623 paratus
1789 537 1873 601 ad
1906 537 2262 623 periculum
2275 585 2294 614 ,
2342 538 2396 602 si
2432 562 2552 603 sua
2586 540 2863 625 cupidi-

771 648 930 711 tate,
983 657 1114 699 non
1165 633 1440 698 utilitate
1493 631 1818 697 communi
1862 631 2220 717 inpellitur,
2266 632 2573 698 audaciae
2618 634 2859 718 potius

769 753 1006 799 nomen
1051 730 1287 797 habeat
1331 748 1527 811 quam
1571 726 2003 791 fortitudinis?
2090 727 2307 811 itaque
2342 728 2513 793 viros
2548 728 2743 793 fortis
2786 744 2857 794 et

770 825 1214 911 magnanimos
1250 822 1509 888 eosdem
1544 822 1749 886 bonos
1787 832 1853 886 et
1886 821 2224 906 simplicis,
2270 822 2556 887 veritatis
2594 824 2855 889 amicos

768 920 1158 1002 minimeque
1211 916 1457 983 fallacis
1513 938 1653 979 esse
1706 916 2034 980 volumus:
2088 937 2255 999 quae
2300 927 2449 981 sunt
2492 940 2577 982 ex
2620 918 2855 983 media

687 1040 739 1080 64
765 1015 964 1086 laude
998 1012 1295 1079 iustitiae.
1385 1011 1500 1075 sed
1535 1010 1697 1074 illud
1731 1010 2024 1075 odiosum
2061 1024 2187 1088 est,
2234 1011 2409 1094 quod
2442 1011 2509 1075 in
2544 1010 2667 1075 hac
2706 1012 2857 1077 ela-

771 1109 946 1175 tione
990 1119 1056 1173 et
1097 1105 1539 1190 magnitudine
1585 1104 1783 1169 animi
1818 1104 2118 1171 facillime
2153 1106 2503 1191 pertinacia
2537 1118 2603 1170 et
2635 1107 2853 1171 nimia

773 1202 1088 1289 cupiditas
1123 1200 1516 1286 principatus
1550 1199 1921 1264 innascitur.
1991 1211 2064 1263 ut
2098 1200 2267 1265 enim
2304 1201 2477 1286 apud
2494 1198 2849 1266 Platonem

771 1310 890 1373 est,
929 1317 1183 1359 omnem
1220 1315 1464 1358 morem
1498 1294 2162 1359 Lacedaemoniorum
2195 1294 2661 1360 inflammatum
2690 1318 2847 1361 esse

774 1390 1121 1476 cupiditate
1167 1388 1492 1464 vincendi,
1538 1388 1658 1465 sic,
1714 1400 1791 1453 ut
1832 1390 2105 1473 quisque
2152 1389 2348 1453 animi
2391 1390 2847 1475 magnitudine

772 1504 1073 1549 maxume
1119 1482 1402 1559 excellit,
1445 1482 1538 1547 ita
1571 1505 1871 1548 maxume
1907 1484 2041 1547 volt
2074 1482 2371 1569 princeps
2408 1485 2694 1549 omnium
2736 1487 2849 1550 vel

772 1578 984 1665 potius
1045 1580 1219 1643 solus
1283 1600 1443 1643 esse.
1535 1578 1795 1642 difficile
1850 1590 2066 1643 autem
2122 1591 2247 1669 est,
2312 1601 2459 1643 cum
2510 1592 2849 1665 praestare
2962 1602 2977 2255 Λ

2962 930 2973 1595 .-ὴ--ῌ,-ῌΠ

773 1673 1070 1738 omnibus
1107 1673 1535 1759 concupieris,
1571 1695 1828 1738 servare
1864 1674 2282 1757 aequitatem,
2318 1694 2486 1757 quae
2522 1685 2618 1739 est
2652 1675 2849 1741 iusti-

773 1768 900 1833 tiae
943 1790 1245 1833 maxume
1291 1768 1581 1852 propria3
1639 1791 1721 1832 ex
1754 1788 1885 1851 quo
1919 1768 1994 1832 fit
2024 1779 2099 1832 ut
2130 1790 2340 1853 neque
2377 1769 2845 1853 disceptatione

771 1860 944 1926 vinci
985 1885 1053 1927 se
1098 1884 1218 1928 nec
1264 1863 1396 1927 ullo
1430 1861 1689 1947 publico
1726 1884 1802 1926 ac
1834 1862 2123 1948 legitimo
2172 1862 2309 1927 iure
2344 1863 2687 1948 patiantur,
2728 1886 2847 1928 ex-

774 1954 1132 2041 sistuntque
1177 1956 1246 2021 in
1281 1979 1350 2021 re
1385 1956 1646 2041 publica
1680 1956 2059 2043 plerumque
2092 1956 2425 2042 largitores
2462 1967 2525 2023 et
2559 1957 2841 2034 factiosi,

773 2061 845 2115 ut
891 2073 1044 2137 opes
1089 2071 1284 2136 quam
1327 2074 1667 2115 maxumas
1713 2062 2185 2133 consequantur
2229 2061 2295 2115 et
2340 2052 2469 2116 sint
2509 2052 2577 2116 vi
2619 2054 2839 2137 potius

775 2146 1132 2231 superiores
1176 2167 1373 2230 quam
1415 2144 1656 2210 iustitia
1700 2167 1916 2231 pares:
1972 2144 2087 2209 sed
2130 2166 2260 2228 quo
2308 2145 2657 2224 difficilius,
2712 2148 2845 2213 hoc

772 2241 1164 2326 praeclarius
1175 2264 1194 2317 3
1231 2238 1480 2304 nullum
1517 2240 1687 2305 enim
1724 2249 1820 2303 est
1854 2250 2107 2323 tempus
2135 2240 2309 2323 quod
2336 2240 2575 2305 iustitia
2605 2264 2841 2307 vacare

689 2364 739 2407 ⁶5
775 2334 1023 2398 debeat.
1112 2332 1309 2397 fortes
1362 2333 1560 2417 igitur
1613 2344 1680 2397 et
1728 2331 2124 2417 magnanimi
2176 2344 2326 2398 sunt
2376 2333 2656 2399 habendi
2708 2358 2841 2401 non

773 2427 886 2511 qui
920 2426 1182 2501 faciunt,
1219 2424 1333 2491 sed
1367 2425 1478 2507 qui
1512 2426 1893 2509 propulsant
1926 2424 2255 2502 iniuriam3
2329 2450 2480 2491 vera
2516 2439 2737 2493 autem
2778 2444 2839 2494 et

775 2520 1027 2604 sapiens
1065 2518 1259 2583 animi
1292 2517 1673 2625 magnitudo
1704 2518 2045 2596 honestum
2078 2519 2267 2595 illud,
2313 2520 2487 2602 quod
2533 2544 2839 2588 maxume

772 2624 1004 2678 natura
1047 2613 1358 2695 sequitur,
1404 2612 1471 2675 in
1507 2612 1696 2677 factis
1730 2614 2039 2700 positum,
2086 2635 2216 2678 non
2251 2614 2319 2677 in
2352 2612 2559 2699 gloria
2592 2614 2843 2681 iudicat

772 2705 1252 2793 principemque
1305 2729 1374 2771 se
1428 2728 1569 2773 esse
1623 2708 1865 2772 mavolt
1906 2728 2102 2790 quam
2146 2707 2383 2773 videri:
2441 2710 2677 2773 etenim
2724 2712 2839 2793 qui

773 2824 853 2867 ex
908 2823 1120 2866 errore
1171 2800 1484 2887 inperitae
1529 2800 1953 2867 multitudinis
1999 2803 2288 2887 pendet,
2318 2802 2422 2867 hic
2466 2803 2535 2866 in
2581 2805 2839 2889 magnis

771 2895 924 2960 viris
967 2917 1098 2960 non
1147 2906 1244 2960 est
1277 2894 1631 2962 habendus.
1722 2895 2023 2961 facillime
2060 2905 2273 2962 autem
2312 2896 2396 2961 ad
2428 2918 2531 2961 res
2566 2897 2841 2962 iniustas

771 2989 1116 3073 inpellitur,
1153 2999 1226 3053 ut
1257 2990 1529 3075 quisque
1565 2990 1872 3056 altissimo
1910 2991 2123 3055 animo
2160 3002 2275 3067 est,
2311 2990 2553 3077 gloriae
2588 2991 2845 3077 cupidi-

773 3092 929 3149 tate·
967 3084 1080 3166 qui
1113 3083 1292 3149 locus
1330 3096 1425 3150 est
1461 3107 1612 3149 sane
1647 3085 1953 3162 lubricus,
1990 3086 2165 3169 quod
2198 3086 2309 3149 vix
2348 3085 2689 3163 invenitur,
2726 3087 2841 3171 qui

771 3177 1101 3245 laboribus
1150 3180 1463 3266 susceptis
1508 3180 1939 3265 periculisque
1985 3180 2171 3246 aditis
2208 3202 2339 3245 non
2374 3181 2558 3264 quasi
2594 3203 2843 3247 merce-

775 3273 921 3339 dem
955 3296 1170 3339 rerum
1204 3287 1532 3361 gestarum
1569 3275 1887 3340 desideret
1921 3276 2211 3361 gloriam.

669 3362 740 3475 {g
905 3365 1191 3434 Omnino
1217 3369 1400 3434 fortis
1431 3370 1683 3434 animus
1702 3380 1767 3435 et
1784 3392 2057 3454 magnus
2078 3370 2329 3435 duabus
2346 3368 2538 3434 rebus
2556 3370 2843 3434 maxime

775 3462 1081 3541 cernitur,
1131 3486 1402 3548 quarum
1447 3486 1580 3528 una
1621 3464 1691 3528 in
1727 3486 1942 3529 rerum
1980 3476 2385 3531 externarum
2421 3462 2845 3549 despicientia

775 3559 1062 3643 ponitur,
1119 3580 1268 3623 cum
1317 3580 1699 3644 persuasum
1752 3570 1849 3624 est
1900 3558 2057 3623 nihil
2109 3558 2433 3624 hominem
2485 3555 2605 3621 nisi
2655 3558 2843 3639 quod

775 3651 1114 3716 honestum
1143 3652 1574 3735 decorumque
1603 3651 1686 3716 sit
1715 3663 1827 3717 aut
1856 3653 2157 3718 admirari
2186 3663 2298 3716 aut
2332 3663 2551 3738 opt-are
2586 3659 2698 3715 aut
2726 3672 2847 3714 ex-

774 3756 991 3830 petere
1017 3757 1309 3831 oportere
1335 3746 1623 3832 nullique
1647 3769 1860 3831 neque
1888 3746 2131 3811 homini
2148 3768 2354 3829 neque
2373 3744 2847 3830 perturbationi

777 3839 970 3903 animi
996 3862 1116 3905 nec
1142 3839 1437 3906 fortunae
1466 3841 1921 3915 subcumbere3
1958 3841 2159 3904 altera
2187 3856 2284 3904 est
2309 3861 2432 3915 res,
2460 3849 2551 3915 ut,
2580 3860 2729 3902 cum
2746 3838 2849 3903 ita

778 3933 863 3997 sis
898 3934 1189 3999 adfectus
1224 3935 1457 4011 animo,
1495 3946 1568 4013 ut
1603 3956 1800 4019 supra
1845 3934 1999 4009 dixi,
2052 3957 2154 3999 res
2183 3956 2369 4021 geras
2396 3954 2665 4017 magnas
2694 3931 2853 3996 illas

775 4026 1036 4108 quidem
1088 4040 1152 4093 et
1201 4051 1502 4094 maxume
1551 4028 1754 4104 utilis,
1808 4028 1923 4092 sed
1968 4026 2103 4115 [ut]
2145 4028 2555 4095 vehementer
2600 4026 2851 4091 arduas

731 4472 818 4545 μ..
