3292 4559
743 294 863 358 146
1347 299 1425 354 M.
1461 297 1738 356 TULLII
1772 293 2173 353 CICERONIS

735 430 891 490 bum
947 438 1183 491 temere
1239 420 1634 490 consuetudo
1682 419 2192 506 adprobavisset,
2245 417 2300 483 si
2345 440 2423 484 ea
2466 440 2569 484 res
2612 419 2801 484 nulla

735 534 903 586 esset
939 520 1227 597 omnino,

839 623 1241 710 praesagibat
1277 621 1526 685 animus
1561 617 1799 684 frustra
1832 639 1937 682 me
1971 617 2083 695 ire,
2120 637 2267 682 cum
2302 615 2540 682 exirem
2577 614 2797 682 domo·

739 726 979 810 [sagire
1017 725 1187 791 enim
1225 722 1460 789 sentire
1495 732 1683 788 acute
1719 731 1843 798 est,
1890 743 1971 785 ex
2006 740 2133 803 quo
2171 741 2365 805 sagae
2402 741 2593 796 anus,
2640 718 2801 802 quia

739 811 939 882 inulta
979 817 1138 883 scire
1174 820 1428 894 volunt,
1465 826 1529 880 et
1563 836 1829 901 sagaces
1866 812 2019 878 dicti
2054 833 2274 879 canes:
2326 812 2382 876 is
2416 811 2642 898 igitur,
2680 813 2799 896 qui

739 926 887 978 ante
927 913 1088 998 sagit
1124 933 1320 996 quam
1354 910 1570 975 oblata
1603 930 1707 974 res
1744 918 1861 985 est,
1898 905 2130 972 dicitur
2162 906 2558 992 praesagire,
2592 906 2660 971 id
2694 917 2799 972 est

646 1034 699 1074 35
743 1006 959 1070 futura
1003 1015 1150 1071 ante
1195 1001 1479 1090 sentire]
1568 1003 1738 1067 inest
1778 1001 1975 1087 igitur
2017 1000 2085 1065 in
2128 1000 2355 1065 animis
2406 999 2796 1086 praesagitio

743 1102 1136 1166 extrinsecus
1169 1098 1405 1164 iniecta
1439 1107 1633 1179 atque
1668 1095 1916 1160 inclusa
1951 1093 2274 1159 divinitus.
2354 1116 2434 1161 ea
2467 1091 2523 1158 si
2558 1094 2801 1160 exarsit

743 1198 979 1270 nerine,
1034 1194 1215 1258 furor
1251 1190 1637 1277 appellatur,
1692 1211 1840 1254 cum
1875 1212 1915 1254 a
1950 1210 2213 1274 corpore
2262 1188 2512 1254 animus
2548 1187 2797 1254 abstra-

743 1302 883 1354 ctus
923 1288 1133 1354 divino
1169 1287 1473 1350 instinctu
1508 1283 1881 1348 concitatur.

871 1402 983 1462 sed
1018 1395 1174 1482 quid
1210 1395 1409 1460 oculis
1443 1393 1672 1460 rabere
1698 1394 1838 1459 visa
1874 1416 1942 1459 es
1972 1392 2314 1480 derepente
2350 1394 2759 1460 ardentibus?

827 1494 939 1558 ubi
975 1490 1165 1578 paulo
1202 1498 1349 1554 ante
1386 1489 1639 1574 sapiens
1674 1489 1786 1553 illa
1820 1487 2134 1574 virginali’
2170 1488 2520 1556 modestia?

871 1598 1090 1662 mater,
1128 1595 1535 1670 optumarum
1567 1584 1770 1648 multo
1805 1583 2037 1648 mulier
2070 1584 2294 1650 melior
2327 1584 2687 1663 mulierum,

827 1682 1021 1743 missa
1057 1702 1202 1743 sum
1238 1677 1691 1763 superstitiosis
1728 1677 2249 1743 hat-inlationibus
2261 1702 2280 1756 3

831 1796 1104 1858 namque
1139 1772 1379 1859 Apollo
1415 1772 1563 1837 fatis
1600 1772 1814 1837 fandis
1852 1772 2211 1839 dementem
2244 1772 2513 1838 invitam
2548 1773 2688 1838 ciet.

831 1870 1107 1954 virgines
1128 1889 1354 1933 vereor
1379 1867 1685 1951 aequalis,
1703 1867 1901 1953 patris
1919 1867 2045 1934 mei
2070 1889 2288 1931 meum
2305 1867 2548 1932 factum
2575 1866 2796 1954 pudet,

835 1963 1078 2046 optumi
1113 1961 1260 2026 viri:
1298 1985 1444 2026 mea
1477 1971 1702 2040 mater,
1740 1961 1834 2026 tui
1868 1984 1971 2027 me
2007 1961 2284 2038 miseret,
2321 1961 2451 2027 mei
2482 1961 2679 2049 piget.

835 2070 1164 2142 optumam
1199 2057 1572 2142 progeniem
1605 2054 1888 2142 Priamo·
1914 2055 2216 2142 peperisti
2259 2067 2441 2121 extra
2486 2079 2619 2123 me:
2674 2056 2799 2123 hoc

1602 2151 1805 2228 dolet,
2985 2223 2986 2231 ἵ

835 2270 983 2310 men
1016 2245 1263 2323 obesse,
1297 2245 1440 2310 illos
1476 2244 1800 2331 prodesse,
1839 2267 1941 2309 me
1977 2245 2252 2322 obstare,
2287 2245 2429 2310 illos
2466 2245 2750 2330 obsequi.
2986 2264 2989 2362 ἱ

751 2382 787 2422 u
823 2366 1049 2442 poema
1082 2356 1374 2424 tenerum
1409 2367 1474 2423 et
1506 2366 1826 2420 moratum
1862 2366 2057 2440 atque
2091 2357 2313 2423 molle!
2372 2359 2488 2424 sed
2522 2358 2645 2424 hoc
2679 2359 2800 2423 mi-

654 2474 703 2514 ετ
747 2474 867 2514 nus
907 2450 991 2514 ad
1022 2473 1186 2516 rem:
1223 2450 1404 2527 illud,
1442 2449 1616 2533 quod
1652 2449 1977 2527 volumuS,
2015 2473 2389 2536 expressum
2425 2464 2541 2531 est,
2578 2465 2651 2518 ut
2687 2476 2800 2518 va·-

747 2542 995 2610 tieinari
1029 2543 1208 2609 furor
1243 2567 1396 2609 vera
1431 2544 1652 2608 soleat.

835 2646 1034 2722 adest,
1072 2646 1252 2712 adest
1286 2644 1398 2709 fax
1433 2644 1739 2710 obvoluta
1774 2645 2088 2730 sanguine
2123 2657 2317 2731 atque
2350 2648 2664 2716 incendio.

839 2742 1074 2806 multos
1109 2761 1310 2804 annos
1342 2738 1530 2803 latuit
1541 2763 1560 2816 3
1598 2739 1790 2815 civeS,
1826 2738 1988 2804 ferte
2025 2762 2214 2826 opem
2250 2751 2315 2807 et
2348 2743 2745 2831 restinguite.

755 2854 911 2918 deus
959 2849 1238 2916 inclusus
1284 2870 1549 2934 corpore
1593 2848 1905 2926 humanO,
1950 2850 2081 2915 iam
2123 2873 2253 2916 non
2299 2850 2665 2919 Cassandra
2706 2855 2803 2920 lo·

751 2946 983 3026 quitur.

835 3046 1091 3126 iamque
1126 3046 1290 3109 mari
1325 3067 1561 3133 magno
1597 3045 1817 3110 classis
1854 3045 1980 3110 cita

839 3140 1101 3215 texitun
1138 3139 1404 3204 exitium
1439 3162 1709 3206 examen
1743 3139 1937 3224 rapit:

835 3233 1151 3310 adveniet,
1187 3233 1325 3298 fera
1358 3233 1849 3299 velivolantibus

835 3326 1108 3392 naribus
1144 3328 1467 3414 conplebit
1499 3351 1729 3392 manus
1762 3328 1967 3393 litora.

646 3434 715 3542 ἐξ
883 3430 1276 3517 Tragoedias
1310 3430 1487 3515 loqui
1521 3430 1745 3496 videor
1774 3440 1839 3496 et
1872 3430 2145 3497 fabulas.
2210 3443 2276 3497 at
2302 3456 2382 3499 ex
2416 3445 2480 3500 te
2506 3434 2646 3520 ipso
2671 3457 2806 3501 non

755 3525 1259 3590 commenticiam
1283 3548 1439 3600 rem,
1459 3523 1574 3589 sed
1600 3524 1840 3589 factam
1860 3526 2145 3592 eiusdem
2162 3528 2416 3613 generis
2437 3528 2685 3593 audivit
2721 3526 2803 3593 C.

755 3618 1118 3706 Coponium
1152 3620 1236 3683 ad
1272 3629 1335 3683 te
1370 3619 1618 3685 venisse
1654 3617 2110 3704 Dyrrachium,
2146 3643 2294 3686 cum
2330 3623 2649 3709 praetorio
2682 3623 2806 3687 im·

751 3718 927 3798 perio
959 3714 1146 3778 -elassi
1171 3712 1464 3778 Rhodiae
1497 3725 1840 3800 praeesset,
1878 3739 2025 3782 cum
2058 3717 2263 3803 primo
2292 3719 2615 3785 hominem
2648 3741 2809 3806 pru-

755 3810 1007 3874 dentem
1041 3817 1234 3890 atque
1270 3807 1547 3886 doctum,
1584 3831 1860 3895 eumque
1888 3811 2122 3876 dixisse
2148 3813 2455 3899 remigem
2482 3813 2807 3898 quendam

751 3922 787 3966 e
835 3902 1273 3984 quinqueremi
1308 3901 1712 3969 Rhodiorum
1757 3905 2203 3982 vaticinatum,
2249 3905 2681 3973 madefactum
2723 3906 2809 3972 iri

755 3994 963 4058 minus
999 4017 1120 4060 xxx
1156 3996 1380 4063 diebus
1412 3995 1755 4063 Graeciam
1791 3998 2123 4084 sanguine,
2160 4001 2417 4086 rapinas
2454 3999 2809 4086 Dyrrachii

755 4098 819 4154 et
855 4091 1373 4159 senescensionem
1414 4092 1484 4156 in
1518 4092 1702 4156 navis
1750 4112 1897 4157 cum
1931 4091 2091 4178 fuga
2125 4093 2649 4180 fugientibusque
2683 4095 2809 4161 mi-
