3292 4559
1009 282 1117 340 DE
1149 281 1672 347 DIVINATIONE
1705 282 1753 337 Ι.
1790 281 2028 338 66-72.
2422 269 2546 336 147

490 407 841 484 serabilem
877 416 1242 494 respectum
1282 405 1723 472 incendiorum
1767 405 1935 484 fore,
1988 405 2104 473 sed
2147 405 2549 478 Rhodiorum

491 503 680 569 classi
712 503 1145 589 propinquum
1179 501 1457 568 reditum
1488 523 1568 566 ac
1605 501 1868 567 domum
1902 501 2165 566 itionem
2200 502 2369 568 dari:
2407 514 2547 569 tum

493 618 700 682 neque
736 607 798 662 te
833 597 1046 682 ipsum
1081 617 1211 661 non
1246 617 1386 662 esse
1423 606 1814 661 commotum
1846 595 2273 681 Marcumque
2304 597 2549 664 Varro-

493 714 639 758 nem
673 702 738 758 et
769 691 868 756 M.
910 687 1224 757 Catonem
1237 737 1256 768 ,
1290 690 1407 774 qui
1440 701 1580 755 tum
1612 689 1707 754 ibi
1741 701 1942 768 erant,
1980 691 2201 756 doctos
2236 689 2547 769 homineS,

493 785 902 852 vehementer
937 807 1078 851 esse
1121 785 1518 871 perterritos=
1563 784 1785 871 paucis
1824 807 1977 850 sane
2020 794 2169 870 post
2204 784 2429 851 diebus
2467 809 2549 852 ex

491 878 830 954 Pharsalia
879 880 1040 965 fuga
1091 879 1342 946 venisse
1396 878 1764 946 Labienum
1776 903 1795 956 3
1856 879 1969 964 qui
2023 901 2172 944 cum
2219 879 2551 947 interitum

495 973 810 1038 exercitus
862 973 1313 1050 nuntiavisset,
1347 973 1614 1057 reliqua
1665 973 2133 1039 vaticinationis
2179 973 2361 1039 brevi
2408 996 2548 1040 esse

495 1067 814 1134 confecta:
859 1090 1010 1133 nam
1057 1081 1121 1134 et
1164 1091 1244 1133 ex
1287 1067 1528 1133 horreis
1585 1068 1903 1156 direptum
1958 1067 2361 1152 effusumque
2412 1067 2550 1133 fru-
2592 1085 2644 1126 6⁹

495 1171 785 1227 mentum
820 1161 957 1226 vias
993 1161 1200 1226 omnis
1239 1162 1743 1248 angiportusque
1780 1173 2233 1240 constraverat,
2269 1172 2334 1228 ct
2366 1161 2551 1231 navis,

492 1255 705 1320 subito
741 1256 1061 1341 perterriti
1092 1266 1271 1321 metu
1299 1257 1775 1334 conscendistiS,
1811 1267 1876 1322 et
1909 1267 2103 1322 noctu
2130 1257 2213 1322 ad
2240 1256 2551 1343 oppidum
2651 1272 2657 1279 ’

492 1349 900 1437 respicientes
926 1350 1254 1436 flagrantis
1283 1349 1627 1428 onerarias,
1666 1371 1824 1435 quas
1857 1350 2271 1418 incenderant
2295 1350 2549 1426 milites,

494 1445 645 1530 quia
672 1444 852 1530 sequi
881 1446 1237 1522 noluerant,
1271 1445 1616 1524 videbatis3
1653 1456 1977 1532 postremo
2004 1468 2045 1510 a
2060 1445 2317 1512 Rhodia
2344 1444 2548 1510 classe

491 1539 728 1605 deserti
760 1562 988 1604 verum
1023 1551 1242 1606 vatem·
1271 1540 1472 1606 fuisse
1507 1539 1811 1606 sensistis.

554 1682 570 1690 -
621 1631 915 1718 Exposui
940 1654 1138 1718 quam
1173 1633 1546 1700 brevissime
1580 1635 1764 1721 potui
1790 1633 2019 1699 somnii
2046 1644 2110 1700 et
2144 1633 2376 1699 furoris
2404 1654 2547 1697 ora-
2588 1649 2643 1690 το

493 1728 668 1804 cula,
705 1747 873 1811 quae
920 1749 1136 1794 carere
1171 1739 1307 1793 arte
1342 1728 1650 1793 dixeram.
1738 1749 2013 1811 quorum
2056 1726 2392 1792 amborum
2434 1747 2549 1812 ge-

492 1842 721 1884 nerum
773 1843 906 1884 una
955 1821 1118 1885 ratio
1171 1831 1299 1897 est,
1351 1842 1482 1904 qua
1535 1818 1886 1906 Cratippus
1938 1831 2154 1884 noster
2208 1821 2305 1884 uti
2356 1820 2545 1886 solet:

495 1913 743 1978 animos
789 1912 1122 1977 hominum
1164 1913 1447 1996 quadam
1481 1937 1564 1978 ex
1597 1924 1783 1998 parte
1818 1914 2211 1978 extrinsecus
2246 1935 2387 1979 esse
2420 1922 2549 1976 tra-

497 2017 634 2073 ctos
669 2016 734 2072 et
767 2005 1031 2070 haustos
1046 2039 1136 2054 —-
1163 2029 1244 2072 ex
1279 2027 1408 2091 quo
1443 2007 1836 2093 intellegitur
1872 2028 2011 2072 esse
2046 2017 2227 2071 extra
2263 2005 2551 2070 divinum

491 2101 799 2190 animum,
835 2101 1156 2165 humanus
1190 2100 1362 2168 unde
1399 2101 1672 2168 ducatur
1685 2137 1791 2179 —-,
1820 2100 2083 2166 humani
2111 2111 2327 2166 autem
2356 2093 2552 2164 animi

493 2218 640 2262 eam
673 2205 940 2282 partem,
977 2215 1142 2278 quae
1179 2218 1459 2272 sensum,
1491 2215 1661 2279 quae
1697 2205 1961 2272 motum,
1996 2216 2161 2278 quae
2196 2193 2552 2280 adpetitum

495 2289 760 2367 habeat,
815 2309 945 2353 non
997 2311 1136 2354 esse
1179 2289 1264 2354 ab
1309 2289 1558 2355 actione
1611 2288 1895 2376 corporis
1943 2289 2328 2374 seiugatam3
2382 2309 2550 2373 quae

494 2396 713 2449 autem
757 2405 906 2470 pars
941 2383 1138 2448 animi
1181 2382 1442 2449 rationis
1488 2394 1683 2468 atque
1717 2381 2192 2476 intellegentiae
2226 2383 2310 2448 sit
2354 2382 2551 2469 parti·-

496 2501 676 2565 ceps,
733 2502 884 2544 eam·
919 2489 1059 2544 tum
1091 2499 1394 2545 maxume
1439 2479 1688 2566 vigere,
1742 2500 1891 2544 cum
1924 2476 2274 2564 plurimum
2309 2477 2477 2542 absit
2512 2499 2553 2542 a

497 2593 780 2659 corpore.
868 2572 1084 2658 itaque
1129 2572 1432 2660 expositis
1469 2573 1779 2659 exemplis
1815 2595 2111 2638 verarum
2155 2571 2551 2638 vaticinatio·
2594 2586 2645 2626 ⁷1

495 2690 652 2734 num
697 2677 764 2733 et
805 2669 1197 2732 somniorum
1234 2665 1582 2755 Cratippus
1617 2668 1779 2734 solet
1822 2667 2135 2732 rationem
2170 2667 2551 2732 concludere

497 2762 622 2826 hoc
655 2760 874 2826 modo.
923 2762 1006 2826 ‘si
1050 2762 1187 2828 sine
1222 2761 1423 2827 oculis
1470 2785 1601 2828 non
1635 2775 1849 2848 potest
1882 2772 2131 2827 exstare
2167 2759 2452 2826 officium
2487 2771 2551 2824 et

497 2876 734 2920 munus
777 2855 1139 2932 oculorum,
1192 2867 1463 2941 possunt
1506 2865 1723 2922 autem
1767 2855 2109 2941 aliquando
2156 2854 2323 2921 oculi
2365 2853 2553 2939 fungi

500 2969 618 3014 suo
662 2969 957 3025 munere,
1009 2949 1122 3032 qui
1165 2949 1270 3014 vel
1313 2949 1512 3015 semel
1545 2950 1638 3014 ita
1683 2960 1780 3015 est
1823 2972 1977 3016 usus
2015 2949 2245 3026 oculis,
2291 2959 2363 3013 ut
2398 2971 2551 3014 vera

500 3051 817 3116 cerneret,
868 3039 923 3105 is
975 3040 1170 3106 habet
1222 3064 1483 3107 sensum
1534 3042 1866 3109 oculorum
1918 3065 2073 3109 vera
2125 3043 2549 3110 cernentiumz

498 3136 654 3202 item
705 3133 934 3220 igitur,
987 3135 1043 3200 si
1094 3135 1230 3201 sine
1285 3135 1674 3204 divinatione
1726 3159 1857 3202 non
1905 3148 2115 3223 potest
2160 3138 2445 3204 officium
2489 3147 2553 3204 et

498 3251 735 3312 munus
773 3228 1176 3294 divinationis
1212 3239 1482 3307 exstare,
1515 3241 1727 3316 potest
1760 3243 1975 3298 autem
2010 3233 2173 3316 quis,
2211 3255 2357 3297 cum
2394 3231 2557 3297 divi·

499 3323 823 3388 nationem
850 3322 1104 3400 habeat,
1143 3345 1354 3390 errare
1383 3324 1727 3410 aliquando
1756 3346 1877 3392 nec
1902 3349 2056 3392 vera
2085 3349 2363 3403 cernere,
2400 3325 2553 3389 satis

499 3427 602 3483 est
635 3417 719 3481 ad
753 3417 1253 3482 confirmandam
1291 3417 1745 3486 divinationem
1780 3421 1977 3486 semel
2010 3419 2253 3503 aliquid
2290 3441 2428 3484 esse
2464 3413 2557 3482 ita

502 3511 889 3587 divinatum,
934 3521 1008 3576 ut
1050 3511 1239 3576 nihil
1244 3511 1506 3578 fortuito
1542 3513 1845 3579 cecidisse
1888 3511 2210 3589 videatur3
2258 3521 2406 3576 sunt
2441 3533 2557 3578 au-

500 3618 634 3673 tem
667 3606 804 3670 eius
839 3606 1092 3692 generis
1126 3605 1645 3674 innumerabilia·
1694 3629 1835 3675 esse
1868 3605 2066 3692 igitur
2101 3604 2555 3670 divinationem

496 3699 938 3766 confitendum
971 3700 1109 3766 est-⁹
1200 3721 1366 3785 quae
1407 3722 1560 3767 vero
1597 3713 1711 3767 aut
1754 3701 2121 3768 coniectura
2155 3697 2555 3784 explicantur
2588 3689 2659 3802 ἕξ

501 3805 617 3860 aut
652 3793 895 3860 eventis
939 3794 1386 3860 animadversa
1419 3814 1495 3861 ac
1527 3806 1749 3862 notata
1784 3805 1963 3872 sunt,
2012 3815 2091 3858 ea
2122 3814 2361 3878 genera
2395 3791 2557 3856 divi-

505 3887 721 3964 nandi,
739 3897 814 3953 ut
837 3911 1030 3974 supra
1049 3888 1203 3965 dixi,
1220 3909 1349 3953 non
1365 3888 1700 3966 naturalia,
1721 3890 1833 3954 sed
1860 3887 2201 3953 artificiosa
2228 3884 2527 3950 d10untur
2534 3910 2554 3964 3

499 3980 573 4046 in
616 4001 742 4064 quo
788 3981 1187 4068 haruspices,
1231 4003 1510 4070 augures
1558 3983 2075 4064 coniectoresque
2117 3989 2554 4054 numerantur,

501 4073 666 4154 haec
708 4074 1128 4160 inprobantur
1163 4100 1204 4142 a
1236 4076 1706 4164 Peripateticis,
1754 4099 1793 4140 a
1828 4073 2060 4141 Stoicis
2106 4071 2557 4140 defenduntur.

2100 4175 2200 4230 10·
