3292 4559
638 247 649 262 ·
732 219 862 288 144
977 275 985 281 .
1343 229 1423 284 Μ.
1461 227 1735 286 TULLII
1769 226 2174 284 CICERONIS

734 356 1047 444 spondent
1103 365 1317 420 autem
1371 353 1637 418 dextera
1689 351 1997 428 dexteris,
2050 350 2237 417 laeva
2278 351 2476 416 laevis
2522 372 2792 418 conver-

734 436 906 508 sinne
959 441 1302 516 luminum,
1359 460 1507 503 cum
1561 460 1638 502 ea
1683 437 1849 502 inter
1893 459 1961 502 se
2007 459 2138 501 non
2184 437 2668 502 cohaerescunt:
2725 441 2794 503 id

730 532 830 599 fit,
890 549 1032 592 cum
1088 525 1496 611 speculorum
1541 523 1770 588 levitas
1815 522 1967 586 hinc
2012 522 2186 588 illinc
2231 522 2632 588 altitudinem
2678 524 2796 589 ad-

734 613 1004 700 sumpsit
1048 622 1113 676 et
1155 611 1248 674 ita
1294 610 1559 675 dextera
1592 608 1864 673 detrusit
1897 608 1966 672 in
2000 609 2252 673 laevam
2286 619 2534 693 partem
2569 609 2799 674 oculo-

734 724 874 764 rum
908 699 1223 780 laevaque
1257 696 1326 760 in
1371 695 1702 760 dexteram
1713 718 1731 770 3
1804 694 2034 779 supina
2070 694 2260 758 etiam
2296 715 2409 758 ora
2443 707 2799 759 cernuntur

734 783 1104 868 depulsione
1164 781 1509 857 luminum,
1571 799 1740 862 quae
1793 789 2170 844 convertens
2221 776 2525 844 inferiora
2576 779 2798 845 reddit

730 896 814 956 qu
826 894 896 936 ae
954 878 1105 934 sunt
1159 865 1503 952 superiora.
1592 876 1788 947 atque
1841 864 2002 930 haec
2047 864 2262 929 omnia
2305 887 2385 929 ex
2430 886 2508 930 eo
2551 887 2799 951 genere

730 968 908 1032 sunt,
955 975 1119 1038 quae
1163 975 1376 1017 rerum
1421 949 1728 1015 adiuvant
1774 971 2031 1028 causas3
2077 950 2311 1034 quibus
2355 949 2556 1015 utitur
2601 951 2799 1015 mini-

734 1041 938 1106 steriis
969 1040 1147 1114 deus,
1170 1060 1317 1103 cum
1346 1036 1570 1122 optimi
1596 1035 1895 1120 speciem,
1928 1034 2142 1120 quoad
2157 1034 2293 1100 fieri
2320 1046 2548 1120 potest,
2571 1035 2792 1103 efficit.

738 1128 850 1192 sed
897 1125 1258 1191 existimant
1300 1121 1588 1207 plerique
1632 1142 1766 1184 non
1811 1120 1970 1186 haec
2023 1121 2392 1185 adiuvantia
2429 1142 2796 1200 causarum,

734 1212 846 1276 scs]
882 1211 996 1275 has
1032 1209 1203 1310 ipsas
1242 1228 1379 1272 esse
1415 1207 1703 1271 omnium
1739 1228 1986 1282 causas,
2022 1228 2190 1290 quae
2225 1206 2358 1270 vim
2380 1205 2664 1272 habeant
2688 1231 2798 1273 re-

734 1294 1080 1380 frigerandl
1115 1291 1515 1368 calfaciendi,
1553 1292 2002 1358 concrescendi
2036 1291 2342 1376 liquendi,
2379 1303 2640 1358 careant
2674 1316 2798 1357 au-

734 1396 862 1444 tam
896 1379 1072 1444 omni
1097 1377 1532 1463 intellegentia
1566 1387 1760 1460 atque
1797 1378 2063 1454 ratione,
2110 1398 2278 1460 quae
2312 1377 2436 1442 nisi
2468 1377 2535 1441 in
2570 1379 2797 1444 animo

734 1468 909 1532 nulla
944 1465 1069 1529 alia
1101 1464 1171 1528 in
1204 1473 1440 1528 natura
1473 1463 1890 1550 reperiantur.
1980 1462 2232 1528 animus
2277 1473 2491 1528 autem
2527 1486 2801 1530 sensum

734 1573 988 1616 {tunnem
1036 1548 1267 1635 effugit
1309 1548 1669 1625 oculorum3
1725 1559 1792 1612 at
1833 1548 2034 1635 ignis,
2089 1551 2329 1625 anima,
2375 1570 2574 1633 aqua,
2621 1561 2803 1615 terra

738 1658 1001 1720 [aenrpora
1050 1646 1199 1700 sunt
1243 1656 1447 1718 eaque
1483 1644 1849 1698 cernuntur.
1940 1633 2123 1698 illum
2157 1644 2402 1711 autem,
2446 1635 2560 1718 qui
2605 1635 2803 1701 intel-

738 1722 1048 1804 legentiae
1094 1720 1569 1805 sapientiaeque
1612 1741 1683 1783 se
1730 1732 2078 1784 amatorem
2122 1720 2480 1806 profitetur,
2525 1742 2803 1788 necesse

738 1832 830 1872 est
870 1806 1291 1891 intellegentis
1327 1804 1759 1890 sapientisque
1794 1816 2062 1872 naturae
2096 1804 2336 1890 primas
2373 1827 2601 1873 causas
2640 1829 2801 1872 con-

738 1896 1015 1976 quirere,
1071 1892 1221 1957 dein
1266 1890 1581 1956 secundas
1633 1911 1855 1955 earum
1905 1913 2150 1968 rerum,
2213 1912 2378 1975 quae
2431 1894 2801 1958 necessario

738 1988 995 2043 movent
1046 1976 1233 2054 alias,
1289 1999 1438 2041 cum
1482 1976 1662 2062 ipsae
1717 1976 1800 2040 ab
1852 1974 1992 2040 aliis
2045 1987 2401 2042 moventur.
2489 1979 2804 2061 quocirca

738 2064 920 2128 nubis
967 2063 1058 2128 sic
1103 2084 1295 2129 cerno
1342 2085 1482 2127 esse
1519 2060 1916 2138 faciendum,
1962 2072 2036 2126 ut
2071 2061 2151 2127 de
2187 2072 2458 2146 utroque
2492 2085 2612 2128 nos
2650 2066 2800 2148 qui-

734 2152 886 2212 dem
947 2149 1233 2213 dicamus
1296 2170 1532 2234 genere
1596 2168 1964 2224 causarum,
2035 2170 2104 2213 se
2152 2147 2379 2212 aratim
2439 2159 2659 2214 autem
2711 2151 2798 2216 de

733 2236 810 2300 iis
830 2288 846 2312 ,
909 2256 1076 2318 quae
1139 2255 1287 2299 cum
1348 2231 1786 2319 intellegentia
1836 2243 1986 2297 sunt
2039 2254 2075 2298 e
2150 2233 2388 2298 cientes
2439 2234 2798 2319 pulcherri-

734 2343 986 2384 marum
1036 2341 1250 2384 rerum
1302 2328 1495 2401 atque
1548 2327 1988 2402 optumarum,
2043 2328 2106 2383 et
2157 2317 2238 2382 de
2289 2318 2396 2395 iis,
2461 2328 2629 2403 quae
2679 2343 2796 2385 va-

734 2416 954 2471 cantes
1014 2403 1355 2488 prudentia
1421 2402 1850 2468 inconstantia
1918 2403 2418 2488 perturbataque
2484 2405 2792 2471 efficiunt.

738 2516 810 2552 an
866 2489 944 2553 de
998 2487 1329 2552 oculorum
1381 2486 1641 2570 quidem
1688 2509 1804 2552 cau
1813 2488 1924 2565 sis,
1978 2499 2052 2553 ut
2092 2488 2405 2555 haberent
2448 2512 2595 2555 eam
2637 2491 2792 2568 vim,

738 2597 929 2656 [luam
974 2594 1147 2637 nunc
1190 2572 1455 2648 habent,
1501 2572 1657 2637 satis
1700 2571 1903 2638 ferme
1948 2596 2088 2640 esse
2133 2575 2375 2639 dictum
2409 2586 2570 2661 puto
2581 2601 2600 2654 3
2656 2601 2796 2641 ma-

734 2683 929 2724 :mma
996 2669 1211 2723 autem
1284 2679 1504 2723 eorum
1572 2657 1814 2723 utilitas
1877 2659 2111 2724 donata
2172 2660 2504 2725 hominum
2569 2663 2796 2746 generi

734 2748 1000 2810 deorum
1044 2766 1308 2808 munere
1353 2742 1653 2828 deinceps
1700 2743 2079 2830 explicetur:
2133 2767 2349 2810 rerum
2395 2747 2568 2811 enim
2605 2760 2794 2835 optu-

734 2855 981 2896 marum
1034 2852 1110 2895 co
1158 2829 1465 2894 nitionem
1506 2829 1695 2895 nobis
1741 2829 1909 2894 oculi
1953 2830 2320 2897 attulerunt.
2409 2855 2564 2896 nam
2608 2833 2791 2910 haec,

734 2944 898 3000 quae
960 2926 1058 2982 est
1163 2914 1336 2980 abita
1388 2914 1468 2980 de
1520 2915 1934 2980 universitate
1987 2915 2190 2981 oratio
2247 2940 2286 2981 a
2334 2917 2550 2996 nobis,
2617 2919 2792 2984 haud

737 3024 1041 3084 nmquam
1094 3011 1263 3066 esset
1313 3001 1601 3077 inventa,
1660 3000 1715 3065 si
1764 3021 1976 3086 neque
2029 3000 2242 3067 sidera
2283 3023 2492 3087 neque
2538 3005 2637 3069 sol
2681 3028 2791 3070 ne-

734 3112 858 3168 que
904 3086 1154 3150 caelum
1199 3087 1321 3152 sub
1366 3087 1698 3151 oculorum
1751 3096 2083 3170 aspectum
2129 3086 2358 3154 cadere
2402 3090 2788 3175 potuissent:

734 3192 905 3236 nnnc
947 3192 1101 3235 vero
1147 3171 1282 3237 dies
1328 3182 1678 3256 noctesque
1713 3171 1914 3238 oculis
1949 3172 2274 3258 cognitae,
2320 3184 2458 3238 tum
2494 3197 2789 3240 mensum

734 3276 1173 3339 annorumque
1220 3257 1667 3322 conversiones
1713 3269 1776 3323 et
1820 3280 2160 3323 numerum
2202 3257 2607 3325 machinatae
2644 3271 2787 3325 sunt

737 3356 798 3408 et
846 3341 1122 3428 spatium
1165 3343 1467 3428 temporis
1513 3341 1842 3408 dimensae
1889 3353 1953 3408 et
1997 3344 2080 3408 ad
2116 3345 2557 3427 quaestionem
2592 3346 2783 3411 totius

734 3440 997 3494 naturae
1029 3428 1426 3514 inpulerunt3
1465 3428 1699 3511 quibus
1735 3451 1816 3492 ex
1849 3429 2040 3494 rebus
2075 3428 2543 3515 philosophiam
2571 3431 2781 3514 adepti

734 3540 806 3580 su
818 3536 983 3592 mus,
1018 3535 1147 3598 quo
1183 3515 1351 3579 bono
1385 3513 1632 3587 nullum
1671 3514 2040 3599 optabilius,
2076 3514 2323 3580 nullum
2359 3515 2778 3601 praestantius

732 3623 943 3684 neque
987 3600 1209 3664 datum
1252 3609 1350 3664 est
1384 3599 1750 3663 mortalium
1784 3600 2005 3685 generi
2041 3600 2307 3666 deorum
2343 3623 2650 3668 concessu
2685 3612 2778 3665 at-

734 3708 858 3768 que
894 3707 1158 3750 munere
1192 3703 1400 3768 neque
1437 3684 1714 3750 dabitur.

1537 3778 1573 3815 ἡ
1748 3779 1784 3816 *¹
1955 3779 1991 3816 ἡ

862 3864 1237 3930 Defenstrix
1309 3887 1501 3952 noque
1531 3862 1762 3932 Cicero
1787 3866 1857 3930 in
1886 3865 2153 3932 Timaeo
2170 3869 2454 3953 protulit.
2525 3866 2626 3949 (P
2644 3868 2798 3933 ris-

734 3948 1002 4013 cianus
1040 3949 1119 4015 de
1154 3949 1266 4016 XI
1304 3997 1321 4014 .
1358 3974 1521 4017 vers.
1558 3951 1728 4016 Aen.
1767 3973 1820 4016 c.
1859 3952 1919 4016 2.
1959 3954 2009 4035 ξ.
2051 3952 2185 4039 16.)
