3292 4559
1279 300 1617 360 LAELIUS
1655 302 1898 357 10-15.
2494 288 2621 359 267

551 450 705 493 cum
742 436 971 492 senatu
1007 423 1267 489 dimisso
1305 425 1566 490 domum
1608 424 1911 490 reductus
1948 424 2033 489 ad
2075 447 2417 513 vesperum
2452 438 2549 493 est
2584 450 2623 491 a

479 560 488 572 ι
551 521 853 608 patribus
896 519 1300 605 conscriptis,
1355 521 1593 605 populo
1630 520 1955 598 Romano,
2018 520 2205 586 sociis
2251 530 2315 586 et
2348 519 2622 599 Latinis,

553 615 764 702 pridie
811 636 1008 698 quam
1053 613 1326 678 excessit
1371 635 1406 678 e
1452 614 1614 689 vita,
1670 624 1743 678 ut
1796 636 1876 679 ex
1929 626 2063 679 tam
2114 616 2245 680 alto
2299 615 2624 700 dignitatis

559 710 767 797 gradu
804 710 890 773 ad
934 730 1200 793 superos
1244 708 1536 774 videatur
1581 709 1735 774 deos
1781 708 1993 794 potius
2031 731 2223 793 quam
2259 710 2343 775 ad
2384 709 2623 775 inferos

557 804 950 891 pervenisse.
1039 823 1250 886 neque
1303 792 1474 868 enim
1521 802 1904 867 adsentior
1885 804 1993 879 iis,
2049 804 2162 886 qui
2212 803 2374 869 haec
2416 826 2624 889 nuper
2656 802 2695 855 4

559 898 873 963 disserere
915 905 1294 982 coeperunt,
1333 918 1478 961 cum
1516 896 1887 982 corporibus
1925 892 2115 961 simul
2150 898 2394 963 animos
2428 898 2623 963 inter-

557 993 656 1057 ire
694 1002 884 1075 atque
921 990 1137 1056 omnia
1169 1001 1379 1057 morte
1418 991 1642 1058 deleri:
1679 990 1827 1076 plus
1864 990 2039 1076 apud
2072 1013 2177 1057 me
2218 992 2625 1075 antiquorum

566 1087 909 1152 auctoritas
962 1085 1163 1162 valet,
1221 1086 1325 1150 vel
1377 1096 1740 1150 nostrorum
1790 1085 2106 1149 maiorum
2119 1133 2139 1162 ,
2194 1086 2308 1169 qui
2357 1085 2623 1151 mortuis

565 1192 701 1243 tam
731 1179 1026 1265 religiosa
1053 1178 1198 1244 iura
1220 1179 1599 1256 tribuerunt,
1630 1179 1807 1263 quod
1834 1200 1965 1243 non
1991 1179 2292 1244 fecissent
2316 1179 2623 1265 profecte,

563 1274 622 1339 si
655 1272 816 1337 nihil
850 1272 934 1336 ad
970 1293 1078 1336 eos
1114 1272 1428 1357 pertinere
1466 1274 1945 1351 arbitrarentur,
1982 1274 2085 1339 vel
2124 1295 2378 1351 eorum,
2413 1274 2525 1357 qui
2558 1274 2627 1339 in

561 1366 688 1433 hac
723 1376 893 1431 terra
927 1365 1190 1430 fuerunt
1221 1388 1653 1451 magnamque
1674 1364 2037 1445 Graeciam,
2076 1388 2241 1452 quae
2276 1389 2449 1433 nunc
2484 1368 2625 1451 qui-

565 1461 719 1527 dem
752 1460 965 1525 deleta
999 1468 1114 1534 est,
1152 1470 1290 1524 tum
1323 1461 1620 1537 florebat,
1656 1460 1961 1526 institutis
1998 1472 2062 1527 et
2095 1462 2456 1548 praeceptis
2493 1461 2625 1527 suis

569 1554 959 1629 erudierunt,
994 1553 1100 1618 vel
1134 1553 1290 1631 eius,
1328 1554 1440 1638 qui
1473 1555 1795 1640 Apollinis
1830 1556 2088 1621 oraculo
2124 1555 2625 1641 sapientissimus

565 1656 666 1713 est
697 1646 1046 1722 iudicatus,
1083 1646 1187 1710 cui
1222 1668 1352 1711 non
1387 1658 1525 1715 tum
1558 1648 1711 1724 hoc,
1758 1659 1896 1713 tum
1928 1648 2118 1725 illud,
2153 1648 2248 1712 uti
2284 1649 2626 1732 plerisque,

565 1741 684 1807 sed
718 1740 890 1805 idem
926 1762 1207 1825 semper,
1254 1741 1498 1805 animos
1545 1741 1878 1811 hominum
1920 1765 2066 1821 'esse
2104 1742 2353 1806 divinos
2398 1741 2624 1824 iisque,

569 1856 718 1900 cum
754 1856 836 1899 ex
871 1854 1140 1919 corpore
1176 1834 1624 1911 excessissent,
1678 1834 1957 1899 reditum
2000 1835 2069 1899 in
2116 1836 2363 1899 caelum
2408 1844 2627 1919 patere

565 1940 963 2016 optumoque
1008 1940 1072 1994 et
1112 1929 1459 1994 iustissimo
1506 1929 1740 2012 cuique
1786 1929 2351 2013 expeditissimum.
2451 1928 2625 2012 quod
2652 1950 2703 1989 ιι

563 2024 742 2089 idem
779 2020 1068 2109 Scipioni
1102 2022 1472 2098 videbatur,
1517 2024 1630 2108 qui
1665 2022 1955 2105 quidem,
1993 2023 2179 2106 quasi
2210 2022 2624 2108 praesagiret,

565 2116 910 2204 perpaucis
953 2126 1102 2181 ante
1136 2127 1410 2182 mort-em
1446 2115 1705 2193 diebus,
1754 2138 1901 2181 cum
1946 2126 2011 2181 et
2042 2115 2273 2181 Philus
2309 2125 2375 2181 et
2407 2114 2625 2180 Mani-

565 2213 695 2278 lius
732 2210 1030 2275 adessent
1065 2220 1129 2274 et
1165 2210 1272 2274 alii
1305 2211 1552 2295 plures,
1600 2221 1801 2293 tuque
1837 2210 2060 2287 etiam,
2108 2208 2450 2286 Scaevola,
2494 2232 2629 2274 me·-

569 2328 726 2371 cum
757 2305 1058 2380 venisses,
1095 2303 1379 2368 triduum
1411 2304 1713 2369 disseruit
1746 2303 1827 2368 de
1860 2327 1929 2368 re
1965 2304 2243 2389 publica,
2280 2303 2463 2369 cuius
2499 2303 2626 2368 dis-

569 2396 918 2485 putationis
951 2397 1078 2462 fuit
1105 2407 1462 2463 extremum
1493 2398 1630 2464 fere
1658 2397 1739 2463 de
1768 2398 2219 2463 inmortalitate
2246 2398 2625 2474 animorum,

571 2515 746 2579 quae
779 2514 846 2558 se
878 2493 948 2557 in
978 2492 1191 2576 quiete
1227 2515 1344 2578 per
1371 2492 1580 2558 visum
1609 2516 1691 2559 ex
1711 2492 2024 2558 Africano
2053 2493 2305 2559 audisse
2342 2492 2624 2557 dicebat:

569 2588 641 2653 id
677 2586 731 2651 si
761 2586 853 2651 ita
889 2596 1013 2663 est,
1059 2596 1133 2650 ut
1169 2586 1416 2672 optumi
1463 2588 1773 2670 cuiusque
1820 2587 2070 2651 animus
2106 2588 2176 2651 in
2208 2597 2411 2651 morte
2447 2586 2627 2651 facil-

570 2682 722 2748 lime
757 2680 968 2745 evolet
1011 2691 1342 2764 tamquam
1379 2704 1414 2745 e
1451 2681 1741 2745 custodia
1778 2682 2127 2765 vinclisque
2164 2680 2477 2765 corporis,
2523 2680 2627 2743 cui

571 2796 907 2841 censemus
961 2795 1219 2839 cursum
1263 2774 1347 2839 ad
1401 2774 1555 2839 deos
1606 2774 1960 2840 faciliorem
2003 2774 2202 2839 fuisse
2246 2795 2441 2857 quam
2488 2770 2627 2837 Sci-

571 2868 787 2954 pioni?
821 2867 1121 2951 quocirca
1153 2890 1440 2933 maerere
1474 2868 1597 2933 hoc
1633 2868 1771 2933 eius
1800 2879 2035 2933 eventu
2063 2888 2288 2933 vereor
2312 2888 2393 2931 ne
2427 2864 2630 2928 invidi

570 2962 780 3047 magis
817 2982 1011 3043 quam
1050 2960 1239 3025 amici
1273 2961 1374 3026 sit.
1465 2961 1568 3025 sin
1603 2971 1821 3025 autem
1855 2960 1967 3024 illa
2011 2961 2290 3037 veriora,
2344 2969 2416 3023 ut
2455 2957 2628 3022 idem

571 3055 864 3121 interitus
901 3054 983 3119 sit
1017 3054 1376 3119 animorum
1412 3064 1478 3120 et
1513 3075 1855 3139 corporum
1888 3076 2013 3123 nec
2045 3056 2215 3119 ullus
2243 3075 2467 3120 sensus
2492 3075 2631 3117 ma-

572 3162 753 3225 neat,
807 3159 882 3213 ut
929 3147 1088 3211 nihil
1140 3148 1294 3213 boni
1328 3159 1425 3215 est
1476 3148 1546 3213 in
1589 3159 1821 3225 morte,
1876 3148 1969 3214 sic
2016 3158 2185 3215 certe
2237 3147 2396 3213 nihil
2448 3146 2628 3223 ma1i3

571 3266 769 3309 sensu
812 3242 982 3308 enim
1017 3243 1251 3307 amisso
1294 3243 1368 3307 fit
1407 3243 1611 3320 idem,
1665 3242 1852 3326 quasi
1884 3253 2073 3309 natus
2117 3265 2248 3308 non
2291 3252 2460 3307 esset
2494 3262 2630 3305 om—

575 3338 764 3414 nino,
805 3358 998 3421 quem
1034 3347 1249 3402 tamen
1283 3358 1424 3402 esse
1457 3348 1681 3402 natum
1716 3348 1781 3402 et
1814 3360 1933 3403 nos
1966 3336 2325 3423 gaudemus
2362 3345 2429 3399 et
2470 3332 2631 3399 haec

581 3430 832 3506 civitas,
885 3432 1040 3497 dum
1095 3432 1240 3509 erit,
1292 3431 1653 3497 laetabitur.
1756 3453 1951 3515 quam
2004 3430 2088 3498 ob
2140 3451 2279 3493 rem
2331 3449 2479 3491 cum
2521 3426 2630 3489 illo
2658 3444 2709 3485 ιε

575 3525 858 3611 quidem,
892 3536 964 3590 ut
999 3548 1193 3612 supra
1219 3525 1372 3603 dixi,
1409 3536 1624 3592 actum
1652 3536 1914 3611 optume
1950 3535 2066 3601 est,
2102 3544 2356 3588 mecum
2389 3521 2632 3585 incom-

575 3619 862 3696 modius,
915 3641 1110 3703 quem
1154 3618 1368 3685 fuerat
1402 3620 1702 3704 aequius,
1758 3628 1830 3684 ut
1872 3618 2049 3703 prius
2092 3615 2488 3691 introieram,
2542 3613 2633 3677 sic

578 3715 755 3800 prius
793 3714 966 3779 exire
1002 3714 1082 3779 de
1117 3714 1276 3791 vita3
1314 3715 1430 3779 sed
1463 3725 1679 3778 tamen
1712 3712 2150 3779 recordatione
2184 3719 2439 3775 nostrae
2475 3708 2634 3773 ami-

583 3808 768 3873 citiae
803 3806 896 3872 sic
930 3806 1138 3886 fruor,
1190 3819 1262 3872 ut
1297 3808 1485 3873 beate
1529 3806 1768 3871 vixisse
1813 3806 2063 3883 videar,
2118 3803 2274 3888 quia
2306 3824 2454 3867 cum
2492 3799 2635 3867 Sci-

579 3902 770 3987 pione
806 3901 1107 3977 vixerim,
1161 3924 1440 3986 quocum
1485 3898 1644 3964 mihi
1686 3898 2026 3964 coniuncta
2061 3919 2217 3963 cura
2250 3895 2331 3961 de
2376 3895 2633 3981 publica
2665 3973 2671 3979 ο

582 4018 652 4062 re
697 4006 764 4061 et
806 3996 887 4061 de
931 3996 1183 4081 privata
1225 3996 1378 4074 fuit,
1431 4016 1712 4079 quocum
1758 4004 1823 4059 et
1866 3994 2094 4059 domus
2138 3990 2262 4056 fuit
2304 3999 2367 4055 et
2408 3989 2635 4055 militia

579 4088 942 4157 communis
977 4101 1040 4157 et
1074 4090 1163 4168 id,
1197 4090 1264 4155 in
1298 4111 1428 4175 quo
1465 4100 1562 4157 est
1595 4088 1803 4154 omnis
1839 4087 1937 4154 vis
1974 4083 2307 4164 amicitiae,
2343 4085 2635 4151 volunta-

2650 875 2703 913 13
