3292 4559
694 1450 731 1561 μμ

783 238 913 311 250
1400 250 1478 305 Μ.
1514 250 1789 307 TULLn
1824 245 2227 307 CICERONIS

780 374 931 446 ipsos
948 388 1070 427 esse
1088 376 1318 443 propter
1336 388 1607 427 summam
1625 369 2048 427 similitudinem
2066 375 2126 425 et
2143 367 2546 440 aequalitatem
2567 387 2846 426 summam

780 450 1107 508 societatem
1125 448 1716 519 coniunctionemque3
1752 466 1821 504 ex
1839 464 1950 519 quo
1967 448 2219 517 sequitur
2236 447 2482 517 tertium,
2522 447 2597 502 ad
2612 449 2848 519 partici-

779 525 1031 599 pandum
1068 524 1241 579 alium
1279 524 1351 579 ab
1388 526 1500 580 alio
1538 524 2170 595 communicandamque
2209 523 2354 579 inter
2389 540 2580 579 omnes
2615 526 2704 579 ius
2737 540 2850 579 nos

779 610 986 659 natura
1013 619 1135 659 esse
1162 601 1363 671 factos,
1402 602 1776 672 efficiturque,
1819 601 1968 672 quod
1987 600 2322 671 quibusdam
2339 602 2671 658 incredibile
2690 602 2847 657 vide-

780 687 889 749 tur,
929 684 1014 735 est
1040 684 1227 735 autem
1253 679 1645 743 necessarium,
1681 678 1768 733 uti
1793 678 1970 733 nihilo
1998 694 2121 733 sese
2148 678 2330 749 magis
2357 678 2655 749 quisquam
2673 696 2848 749 quam

782 758 1023 813 alterum
1058 756 1259 829 diligat
1292 755 1441 829 (cap.
1473 755 1581 827 12).
1652 754 1740 809 Ex
1775 754 1863 811 his
1895 754 2074 809 tribus
2098 759 2386 825 tamquam
2415 756 2712 825 principiis
2741 772 2849 809 sua

782 838 981 906 sponte
999 832 1316 905 intelligere
1335 832 1569 903 quisque
1588 836 1778 903 potest
1793 837 1998 887 natura
2015 831 2120 901 ius,
2139 849 2254 887 non
2273 832 2538 904 opinione
2559 839 2616 888 et
2635 832 2852 887 iudicio

781 911 1029 966 humano
1058 909 1331 965 contineri
1366 910 1514 981 (cap.
1540 909 1802 981 13-17).
1876 908 2139 979 Sequitur
2165 909 2282 965 alia
2303 910 2492 965 brevis
2511 910 2845 979 disputatio,

784 1004 899 1059 qua
932 985 1173 1042 efficitur
1207 985 1294 1039 ius
1330 991 1389 1041 et
1425 1002 1589 1041 omne
1622 987 1920 1041 honestum
1955 1003 2059 1042 sua
2087 992 2284 1057 sponte
2313 1004 2436 1043 esse
2465 987 2850 1057 expetendum

782 1065 932 1137 (cap.
961 1064 1028 1119 18
1059 1063 1183 1135 sq.).
1256 1062 1553 1117 Conclusio
1580 1062 1712 1117 libri
1741 1069 1828 1118 est
1852 1064 1923 1119 de
1950 1063 2214 1119 laudibus
2244 1064 2638 1135 philosophiae
2679 1069 2739 1119 et
2777 1062 2850 1116 de

780 1142 1247 1197 Academicorum
1273 1144 1524 1195 veterum
1541 1138 2154 1212 Peripateticorumque
2181 1146 2242 1197 et
2261 1140 2574 1196 Stoicorum
2601 1141 2678 1195 de
2695 1140 2850 1195 bono

782 1222 841 1274 et
857 1216 1005 1273 malo
1025 1216 1413 1271 controversiis
1430 1214 1611 1286 iisque
1629 1218 1813 1289 magis
1833 1218 1902 1273 de
1920 1217 2105 1273 verbis
2123 1234 2292 1288 quam
2311 1218 2382 1273 de
2397 1218 2587 1273 rebus.

908 1468 1168 1541 Atticas.
1230 1473 1454 1542 Lucus
1491 1476 1752 1561 quidem
1787 1477 1893 1543 ille
1929 1489 1995 1543 et
2021 1478 2180 1544 haec
2206 1478 2626 1565 Arpinatium
2656 1505 2850 1566 quer-

782 1593 894 1639 cus
956 1569 1325 1656 agnoscitur
1376 1594 1567 1657 saepe
1620 1595 1660 1636 a
1710 1595 1814 1638 me
1867 1573 2071 1639 lectus
2122 1574 2192 1639 in
2241 1574 2485 1639 Mario:
2561 1575 2619 1640 si
2673 1578 2846 1642 enim

778 1675 995 1731 manet
1036 1663 1146 1729 illa
1190 1686 1461 1749 quercus
1476 1713 1491 1742 ,
1537 1666 1698 1732 haec
1743 1678 1840 1732 est
1885 1667 2171 1753 profecto
2183 1692 2202 1745 ;
2257 1669 2492 1733 etenim
2539 1680 2639 1735 est
2691 1695 2843 1737 sane

780 1772 985 1827 vetus.
1080 1759 1358 1840 Quintus.
1436 1760 1666 1826 Manet
1711 1783 1884 1839 vero,
1921 1762 2142 1828 Attice
2185 1775 2426 1839 noster,
2473 1775 2540 1829 et
2587 1787 2843 1854 semper

778 1854 1089 1920 manebit:
1136 1864 1275 1919 sata
1310 1865 1405 1921 est
1440 1855 1611 1921 enim
1645 1856 1906 1942 ingenio
1917 1881 1936 1933 3
1991 1858 2230 1923 nullius
2265 1869 2479 1924 autem
2514 1862 2842 1945 agricolae

778 1949 953 2014 cultu
1008 1947 1197 2034 stirps
1252 1959 1386 2013 tam
1432 1949 1734 2015 diuturna
1780 1970 1972 2033 quam
2018 1958 2244 2036 poe‘tae
2299 1974 2488 2019 versu
2535 1956 2841 2021 seminari

776 2053 1004 2128 potest.
1091 2045 1224 2107 Att.
1282 2042 1433 2126 Quo
1468 2044 1729 2111 tandem
1763 2046 1975 2123 modo,
2013 2044 2295 2127 Quinte?
2363 2058 2476 2112 aut
2509 2051 2711 2133 quale
2747 2061 2838 2116 est

775 2136 969 2213 istuc,
1023 2137 1197 2221 quod
1246 2143 1471 2221 poetae
1528 2140 1784 2205 serunt?
1852 2140 2011 2205 mihi
2065 2142 2234 2206 enim
2285 2142 2518 2207 videris
2565 2144 2836 2211 statrem

773 2230 1097 2296 laudando
1131 2230 1470 2317 suffragari
1504 2232 1640 2297 tibi.
1736 2232 1808 2314 Q.
1856 2233 1957 2300 Sit
1988 2235 2079 2299 ita
2113 2257 2296 2301 sane:
2331 2258 2558 2302 verum
2596 2249 2835 2318 tamen,

776 2324 931 2388 dum
975 2324 1250 2389 Latinae
1293 2325 1634 2408 loquentur
1669 2327 1944 2405 litterae,
2001 2350 2274 2413 quercus
2318 2331 2470 2397 huic
2514 2333 2664 2399 loco
2707 2357 2834 2399 non

776 2416 1004 2491 deerit,
1049 2438 1214 2499 quae
1248 2416 1548 2482 Mariana
1584 2420 1858 2500 dicetur,
1895 2445 2128 2506 eaque,
2164 2435 2236 2489 ut
2271 2426 2360 2491 ait
2396 2423 2721 2494 Scaevola
2757 2430 2830 2495 de

774 2508 985 2573 fratris
1022 2509 1151 2573 mei
1184 2509 1418 2587 Mario,

1202 2650 1493 2705 canescet
1528 2642 1753 2709 saeclis
1786 2642 2384 2725 innumerabilibus;

771 2765 895 2831 nisi
938 2765 1103 2831 forte
1136 2766 1434 2835 Athenae
1479 2782 1627 2836 tuae
1675 2774 2122 2858 sempiternam
2164 2775 2232 2841 in
2290 2800 2434 2843 arce
2479 2780 2694 2847 oleam
2741 2796 2832 2851 te-

770 2884 923 2927 nere
982 2871 1328 2947 potuerunt
1389 2875 1527 2942 aut,
1591 2867 1766 2949 quod
1817 2860 2201 2935 Homericus
2254 2869 2484 2939 Ulixes
2538 2872 2700 2941 Deli
2766 2902 2831 2943 se

770 2976 1103 3039 proceram
1146 2965 1211 3019 et
1253 2966 1540 3021 teneram
1581 2959 1860 3044 palmam
1908 2961 2144 3029 vidisse
2181 2965 2368 3043 dixit,
2415 2966 2610 3037 hodie
2643 2994 2828 3037 mon-

772 3057 972 3111 strant
1017 3048 1313 3126 eandem3
1366 3051 1696 3135 multaque
1741 3054 1867 3119 alia
1913 3056 2129 3121 multis
2175 3056 2330 3124 locis
2376 3060 2616 3127 diutius
2654 3087 2830 3131 com-

770 3139 1223 3207 memoratione
1258 3155 1517 3210 manent
1552 3166 1750 3229 quam
1783 3158 2015 3215 natura
2051 3161 2218 3218 stare
2253 3165 2620 3239 potuerunt.
2697 3180 2828 3243 qua

768 3255 839 3299 re
872 3232 1231 3319 glandifera
1262 3236 1374 3302 illa
1405 3248 1698 3323 quercus,
1736 3264 1818 3307 ex
1853 3264 1982 3326 qua
2017 3244 2169 3309 olim
2207 3248 2486 3315 evolavit

1064 3364 1289 3429 nuntia
1322 3365 1502 3433 fulva
1534 3368 1732 3449 Iovis,
1768 3371 2059 3438 miranda
2094 3374 2234 3439 visa
2271 3376 2500 3463 figura,

766 3512 937 3555 nunc
982 3492 1065 3556 sit
1097 3492 1275 3558 haec.
1364 3496 1477 3561 sed
1514 3518 1663 3563 cum
1699 3522 1844 3565 eam
1881 3511 2226 3589 tempestas
2262 3516 2629 3574 vetustasve
2664 3530 2824 3575 con-

766 3584 1128 3669 sumpserit,
1162 3597 1379 3659 tamen
1414 3590 1531 3654 erit
1567 3590 1666 3655 his
1701 3592 1770 3658 in
1802 3595 1959 3661 locis
1994 3617 2299 3680 quercus,
2337 3622 2533 3685 quam
2568 3602 2818 3669 Maria·
2930 3608 2932 3685 s

762 3700 913 3743 nam
953 3674 1315 3767 [quercum]
1356 3684 1697 3751 vocabunt.
1794 3692 1919 3753 Aa.
1973 3690 2121 3757 Non
2157 3692 2381 3760 dubito
2417 3696 2485 3761 id
2519 3697 2784 3781 quidem
2795 3726 2815 3777 3
2914 3761 2932 3774 ,,

764 3771 878 3836 sed
920 3772 1042 3837 hoc
1086 3797 1210 3839 non
1242 3775 1372 3841 iam
1406 3800 1487 3841 ex
1521 3789 1614 3856 te,
1663 3780 1934 3864 Quinte,
1981 3806 2248 3869 quaere,
2294 3812 2516 3857 verum
2553 3814 2636 3857 ex
2668 3793 2814 3879 ipso

759 3870 969 3949 poeta,
1007 3866 1182 3951 tuine
1217 3892 1439 3935 versus
1474 3872 1643 3939 hanc
1668 3896 1976 3958 quercum
2005 3883 2299 3962 severint,
2337 3908 2420 3950 an
2448 3886 2538 3951 ita
2564 3886 2814 3954 factum
2914 3891 2923 3904 '

760 3956 872 4064 de·
892 3959 1134 4038 Mari0,
1187 3974 1261 4027 ut
1312 3965 1563 4045 scribis,
1619 3973 1957 4056 acceperis.
2043 3976 2314 4043 Marcus.
2378 3979 2814 4066 Respondebo

758 4048 877 4113 tibi
912 4054 1229 4137 equidem,
1265 4059 1378 4125 sed
1413 4081 1541 4127 non
1578 4074 1726 4133 ante
1761 4086 1954 4151 quam
1992 4069 2148 4135 mihi
2182 4082 2253 4138 tu
2287 4073 2425 4159 ipse
2459 4077 2812 4162 responde-
