<?xml version="1.0" encoding="UTF-8"?>
<!DOCTYPE html PUBLIC "-//W3C//DTD XHTML 1.0 Transitional//EN"
    "http://www.w3.org/TR/xhtml1/DTD/xhtml1-transitional.dtd">
<html xmlns="http://www.w3.org/1999/xhtml" xml:lang="en" lang="en">
 <head>
  <title>
</title>
<meta http-equiv="Content-Type" content="text/html;charset=utf-8" />
  <meta name='ocr-system' content='tesseract 3.04.00' />
  <meta name='ocr-capabilities' content='ocr_page ocr_carea ocr_par ocr_line ocrx_word'/>
</head>
<body>
  <div class='ocr_page' id='page_1' title='image "./mtulliiciceroni03unkngoog_0227.png"; bbox 0 0 3292 4559; ppageno 0'>
   <div class='ocr_carea' id='block_1_1' title="bbox 1030 281 2592 350">
    <p class='ocr_par' dir='ltr' id='par_1_1' title="bbox 1030 281 2592 350">
     <span class='ocr_line' id='line_1_1' title="bbox 1030 281 2592 350; baseline 0.001 -3"><span class='ocrx_word' id='word_1_1' title='bbox 1030 293 1137 348; x_wconf 90' lang='lat' dir='ltr'><strong>DE</strong></span> <span class='ocrx_word' id='word_1_2' title='bbox 1171 291 1693 350; x_wconf 84' lang='lat' dir='ltr'><strong>DIVINATIONE</strong></span> <span class='ocrx_word' id='word_1_3' title='bbox 1729 293 1806 348; x_wconf 90' lang='lat' dir='ltr'><strong>H.</strong></span> <span class='ocrx_word' id='word_1_4' title='bbox 1841 294 2082 350; x_wconf 75' lang='lat'><strong>87—92.</strong></span> <span class='ocrx_word' id='word_1_5' title='bbox 2469 281 2592 349; x_wconf 84' lang='grc'><strong>197</strong></span> 
     </span>
    </p>
   </div>
   <div class='ocr_carea' id='block_1_2' title="bbox 524 415 2706 4189">
    <p class='ocr_par' dir='ltr' id='par_1_2' title="bbox 524 415 2706 4189">
     <span class='ocr_line' id='line_1_2' title="bbox 532 415 2596 504; baseline 0 -20"><span class='ocrx_word' id='word_1_6' title='bbox 532 416 705 484; x_wconf 86' lang='lat' dir='ltr'><strong>enim</strong></span> <span class='ocrx_word' id='word_1_7' title='bbox 741 437 889 482; x_wconf 89' lang='lat' dir='ltr'><strong>cum</strong></span> <span class='ocrx_word' id='word_1_8' title='bbox 922 427 1207 502; x_wconf 90' lang='lat' dir='ltr'><strong>tempore</strong></span> <span class='ocrx_word' id='word_1_9' title='bbox 1242 417 1395 482; x_wconf 89' lang='lat' dir='ltr'><strong>anni</strong></span> <span class='ocrx_word' id='word_1_10' title='bbox 1430 428 1884 504; x_wconf 81' lang='lat' dir='ltr'><strong>tempestatum</strong></span> <span class='ocrx_word' id='word_1_11' title='bbox 1909 430 2104 503; x_wconf 88' lang='lat' dir='ltr'><strong>atque</strong></span> <span class='ocrx_word' id='word_1_12' title='bbox 2132 415 2294 485; x_wconf 88' lang='lat' dir='ltr'><strong>caeli</strong></span> <span class='ocrx_word' id='word_1_13' title='bbox 2328 440 2596 486; x_wconf 86' lang='lat' dir='ltr'><strong>conver-</strong></span> 
     </span>
     <span class='ocr_line' id='line_1_3' title="bbox 534 512 2594 597; baseline 0.001 -21"><span class='ocrx_word' id='word_1_14' title='bbox 534 513 747 577; x_wconf 90' lang='lat' dir='ltr'><strong>siones</strong></span> <span class='ocrx_word' id='word_1_15' title='bbox 792 512 1449 597; x_wconf 82' lang='lat' dir='ltr'><strong>commutationesque</strong></span> <span class='ocrx_word' id='word_1_16' title='bbox 1492 523 1708 578; x_wconf 84' lang='lat' dir='ltr'><strong>tantae</strong></span> <span class='ocrx_word' id='word_1_17' title='bbox 1753 513 1912 579; x_wconf 88' lang='lat' dir='ltr'><strong>fiant</strong></span> <span class='ocrx_word' id='word_1_18' title='bbox 1957 534 2222 580; x_wconf 88' lang='lat' dir='ltr'><strong>accessu</strong></span> <span class='ocrx_word' id='word_1_19' title='bbox 2267 515 2594 580; x_wconf 84' lang='lat' dir='ltr'><strong>stellarum</strong></span> 
     </span>
     <span class='ocr_line' id='line_1_4' title="bbox 530 608 2592 692; baseline 0.001 -20"><span class='ocrx_word' id='word_1_20' title='bbox 530 618 599 672; x_wconf 89' lang='lat' dir='ltr'><strong>et</strong></span> <span class='ocrx_word' id='word_1_21' title='bbox 630 628 907 684; x_wconf 87' lang='lat' dir='ltr'><strong>recessu,</strong></span> <span class='ocrx_word' id='word_1_22' title='bbox 945 628 1221 692; x_wconf 89' lang='lat' dir='ltr'><strong>cumque</strong></span> <span class='ocrx_word' id='word_1_23' title='bbox 1256 630 1335 674; x_wconf 87' lang='lat' dir='ltr'><strong>ea</strong></span> <span class='ocrx_word' id='word_1_24' title='bbox 1368 609 1436 673; x_wconf 87' lang='lat' dir='ltr'><strong>vi</strong></span> <span class='ocrx_word' id='word_1_25' title='bbox 1471 609 1621 674; x_wconf 88' lang='lat' dir='ltr'><strong>solis</strong></span> <span class='ocrx_word' id='word_1_26' title='bbox 1660 608 2040 685; x_wconf 89' lang='lat' dir='ltr'><strong>efficiantur,</strong></span> <span class='ocrx_word' id='word_1_27' title='bbox 2077 629 2244 692; x_wconf 89' lang='lat' dir='ltr'><strong>quae</strong></span> <span class='ocrx_word' id='word_1_28' title='bbox 2277 608 2592 687; x_wconf 88' lang='lat' dir='ltr'><strong>videmus,</strong></span> 
     </span>
     <span class='ocr_line' id='line_1_5' title="bbox 530 700 2597 781; baseline 0.001 -15"><span class='ocrx_word' id='word_1_29' title='bbox 530 722 661 766; x_wconf 86' lang='lat' dir='ltr'><strong>non</strong></span> <span class='ocrx_word' id='word_1_30' title='bbox 702 701 840 766; x_wconf 80' lang='lat' dir='ltr'><strong>veri</strong></span> <span class='ocrx_word' id='word_1_31' title='bbox 892 700 1097 767; x_wconf 88' lang='lat' dir='ltr'><strong>simile</strong></span> <span class='ocrx_word' id='word_1_32' title='bbox 1150 702 1389 781; x_wconf 90' lang='lat' dir='ltr'><strong>solum,</strong></span> <span class='ocrx_word' id='word_1_33' title='bbox 1444 703 1562 768; x_wconf 87' lang='lat' dir='ltr'><strong>sed</strong></span> <span class='ocrx_word' id='word_1_34' title='bbox 1614 703 1808 769; x_wconf 89' lang='lat' dir='ltr'><strong>etiam</strong></span> <span class='ocrx_word' id='word_1_35' title='bbox 1861 726 2086 769; x_wconf 85' lang='lat' dir='ltr'><strong>verum</strong></span> <span class='ocrx_word' id='word_1_36' title='bbox 2139 725 2280 770; x_wconf 88' lang='lat' dir='ltr'><strong>esse</strong></span> <span class='ocrx_word' id='word_1_37' title='bbox 2333 714 2597 770; x_wconf 90' lang='lat' dir='ltr'><strong>censent</strong></span> 
     </span>
     <span class='ocr_line' id='line_1_6' title="bbox 529 795 2592 883; baseline 0 -22"><span class='ocrx_word' id='word_1_38' title='bbox 529 795 815 881; x_wconf 82' lang='lat' dir='ltr'><strong>perinde,</strong></span> <span class='ocrx_word' id='word_1_39' title='bbox 850 805 1202 880; x_wconf 85' lang='lat' dir='ltr'><strong>utcumque</strong></span> <span class='ocrx_word' id='word_1_40' title='bbox 1231 806 1622 882; x_wconf 88' lang='lat' dir='ltr'><strong>temperatus</strong></span> <span class='ocrx_word' id='word_1_41' title='bbox 1661 798 1742 862; x_wconf 90' lang='lat' dir='ltr'><strong>sit</strong></span> <span class='ocrx_word' id='word_1_42' title='bbox 1771 803 1900 874; x_wconf 64' lang='lat' dir='ltr'><strong>aer,</strong></span> <span class='ocrx_word' id='word_1_43' title='bbox 1935 798 2028 862; x_wconf 85' lang='lat' dir='ltr'><strong>ita</strong></span> <span class='ocrx_word' id='word_1_44' title='bbox 2062 819 2296 883; x_wconf 89' lang='lat' dir='ltr'><strong>pueros</strong></span> <span class='ocrx_word' id='word_1_45' title='bbox 2332 799 2592 866; x_wconf 88' lang='lat' dir='ltr'><strong>orientis</strong></span> 
     </span>
     <span class='ocr_line' id='line_1_7' title="bbox 528 889 2593 977; baseline 0.001 -23"><span class='ocrx_word' id='word_1_46' title='bbox 528 890 799 954; x_wconf 87' lang='lat' dir='ltr'><strong>animari</strong></span> <span class='ocrx_word' id='word_1_47' title='bbox 828 899 1021 973; x_wconf 87' lang='lat' dir='ltr'><strong>atque</strong></span> <span class='ocrx_word' id='word_1_48' title='bbox 1054 889 1338 967; x_wconf 87' lang='lat' dir='ltr'><strong>formari,</strong></span> <span class='ocrx_word' id='word_1_49' title='bbox 1372 913 1452 955; x_wconf 87' lang='lat' dir='ltr'><strong>ex</strong></span> <span class='ocrx_word' id='word_1_50' title='bbox 1483 913 1690 974; x_wconf 90' lang='lat' dir='ltr'><strong>eoque</strong></span> <span class='ocrx_word' id='word_1_51' title='bbox 1717 891 1997 977; x_wconf 87' lang='lat' dir='ltr'><strong>ingenia,</strong></span> <span class='ocrx_word' id='word_1_52' title='bbox 2023 912 2257 969; x_wconf 89' lang='lat' dir='ltr'><strong>mores,</strong></span> <span class='ocrx_word' id='word_1_53' title='bbox 2287 893 2593 969; x_wconf 91' lang='lat' dir='ltr'><strong>animum,</strong></span> 
     </span>
     <span class='ocr_line' id='line_1_8' title="bbox 531 984 2590 1070; baseline 0 -21"><span class='ocrx_word' id='word_1_54' title='bbox 531 1004 789 1068; x_wconf 88' lang='lat' dir='ltr'><strong>corpus,</strong></span> <span class='ocrx_word' id='word_1_55' title='bbox 824 984 1142 1049; x_wconf 83' lang='lat' dir='ltr'><strong>actionem</strong></span> <span class='ocrx_word' id='word_1_56' title='bbox 1174 984 1370 1062; x_wconf 79' lang='lat' dir='ltr'><strong>vitae,</strong></span> <span class='ocrx_word' id='word_1_57' title='bbox 1408 1007 1593 1052; x_wconf 88' lang='lat' dir='ltr'><strong>casus</strong></span> <span class='ocrx_word' id='word_1_58' title='bbox 1632 987 1944 1070; x_wconf 86' lang='lat' dir='ltr'><strong>cuiusque</strong></span> <span class='ocrx_word' id='word_1_59' title='bbox 1981 996 2379 1070; x_wconf 81' lang='lat' dir='ltr'><strong>eventusque</strong></span> <span class='ocrx_word' id='word_1_60' title='bbox 2411 986 2590 1070; x_wconf 86' lang='lat' dir='ltr'><strong>fingi.</strong></span> 
     </span>
     <span class='ocr_line' id='line_1_9' title="bbox 530 1077 2698 1145; baseline -0.002 -3"><span class='ocrx_word' id='word_1_61' title='bbox 530 1100 571 1142; x_wconf 90' lang='lat' dir='ltr'><strong>o</strong></span> <span class='ocrx_word' id='word_1_62' title='bbox 608 1077 1050 1144; x_wconf 82' lang='lat' dir='ltr'><strong>delirationem</strong></span> <span class='ocrx_word' id='word_1_63' title='bbox 1086 1078 1554 1144; x_wconf 82' lang='lat' dir='ltr'><strong>incredibileml</strong></span> <span class='ocrx_word' id='word_1_64' title='bbox 1608 1101 1740 1145; x_wconf 88' lang='lat' dir='ltr'><strong>non</strong></span> <span class='ocrx_word' id='word_1_65' title='bbox 1777 1081 1947 1145; x_wconf 89' lang='lat' dir='ltr'><strong>enim</strong></span> <span class='ocrx_word' id='word_1_66' title='bbox 1983 1079 2190 1145; x_wconf 86' lang='lat' dir='ltr'><strong>omnis</strong></span> <span class='ocrx_word' id='word_1_67' title='bbox 2227 1101 2402 1145; x_wconf 87' lang='lat' dir='ltr'><strong>error</strong></span> <span class='ocrx_word' id='word_1_68' title='bbox 2423 1080 2594 1144; x_wconf 80' lang='lat' dir='ltr'><strong>¹stul·</strong></span> <span class='ocrx_word' id='word_1_69' title='bbox 2629 1085 2698 1138; x_wconf 86' lang='lat'><strong>43</strong></span> 
     </span>
     <span class='ocr_line' id='line_1_10' title="bbox 528 1157 2690 1262; baseline 0 -24"><span class='ocrx_word' id='word_1_70' title='bbox 528 1171 671 1238; x_wconf 89' lang='lat' dir='ltr'><strong>titia</strong></span> <span class='ocrx_word' id='word_1_71' title='bbox 718 1172 989 1238; x_wconf 87' lang='lat' dir='ltr'><strong>dicenda</strong></span> <span class='ocrx_word' id='word_1_72' title='bbox 1034 1183 1153 1238; x_wconf 88' lang='lat' dir='ltr'><strong>est.</strong></span> <span class='ocrx_word' id='word_1_73' title='bbox 1242 1173 1477 1259; x_wconf 90' lang='lat' dir='ltr'><strong>quibus</strong></span> <span class='ocrx_word' id='word_1_74' title='bbox 1523 1175 1719 1240; x_wconf 86' lang='lat' dir='ltr'><strong>etiam</strong></span> <span class='ocrx_word' id='word_1_75' title='bbox 1761 1173 2094 1262; x_wconf 79' lang='lat' dir='ltr'><strong>Diogenes</strong></span> <span class='ocrx_word' id='word_1_76' title='bbox 2133 1173 2392 1246; x_wconf 86' lang='lat' dir='ltr'><strong>Stoicus</strong></span> <span class='ocrx_word' id='word_1_77' title='bbox 2445 1195 2596 1240; x_wconf 87' lang='lat' dir='ltr'><strong>con·</strong></span> <span class='ocrx_word' id='word_1_78' title='bbox 2637 1157 2690 1196; x_wconf 76' lang='lat'><strong>⁹⁰</strong></span> 
     </span>
     <span class='ocr_line' id='line_1_11' title="bbox 530 1267 2597 1355; baseline -0 -22"><span class='ocrx_word' id='word_1_79' title='bbox 530 1267 699 1333; x_wconf 84' lang='lat' dir='ltr'><strong>cedit</strong></span> <span class='ocrx_word' id='word_1_80' title='bbox 725 1267 987 1352; x_wconf 89' lang='lat' dir='ltr'><strong>aliquid,</strong></span> <span class='ocrx_word' id='word_1_81' title='bbox 1015 1279 1087 1332; x_wconf 90' lang='lat' dir='ltr'><strong>ut</strong></span> <span class='ocrx_word' id='word_1_82' title='bbox 1116 1269 1485 1354; x_wconf 83' lang='lat' dir='ltr'><strong>praedicere</strong></span> <span class='ocrx_word' id='word_1_83' title='bbox 1513 1269 1763 1355; x_wconf 79' lang='lat' dir='ltr'><strong>possint</strong></span> <span class='ocrx_word' id='word_1_84' title='bbox 1789 1269 1942 1335; x_wconf 87' lang='lat' dir='ltr'><strong>dum</strong></span> <span class='ocrx_word' id='word_1_85' title='bbox 1971 1279 2170 1346; x_wconf 85' lang='lat' dir='ltr'><strong>taxat,</strong></span> <span class='ocrx_word' id='word_1_86' title='bbox 2189 1269 2395 1355; x_wconf 87' lang='lat' dir='ltr'><strong>qualis</strong></span> <span class='ocrx_word' id='word_1_87' title='bbox 2421 1268 2597 1352; x_wconf 89' lang='lat' dir='ltr'><strong>quis-</strong></span> 
     </span>
     <span class='ocr_line' id='line_1_12' title="bbox 526 1363 2596 1451; baseline -0 -24"><span class='ocrx_word' id='word_1_88' title='bbox 526 1385 655 1446; x_wconf 89' lang='lat' dir='ltr'><strong>que</strong></span> <span class='ocrx_word' id='word_1_89' title='bbox 688 1373 921 1428; x_wconf 85' lang='lat' dir='ltr'><strong>natura</strong></span> <span class='ocrx_word' id='word_1_90' title='bbox 956 1373 1020 1428; x_wconf 92' lang='lat' dir='ltr'><strong>et</strong></span> <span class='ocrx_word' id='word_1_91' title='bbox 1055 1363 1138 1428; x_wconf 89' lang='lat' dir='ltr'><strong>ad</strong></span> <span class='ocrx_word' id='word_1_92' title='bbox 1166 1384 1362 1448; x_wconf 91' lang='lat' dir='ltr'><strong>quam</strong></span> <span class='ocrx_word' id='word_1_93' title='bbox 1390 1363 1662 1449; x_wconf 92' lang='lat' dir='ltr'><strong>quisque</strong></span> <span class='ocrx_word' id='word_1_94' title='bbox 1689 1387 1990 1430; x_wconf 87' lang='lat' dir='ltr'><strong>maxume</strong></span> <span class='ocrx_word' id='word_1_95' title='bbox 2024 1387 2162 1431; x_wconf 90' lang='lat' dir='ltr'><strong>rem</strong></span> <span class='ocrx_word' id='word_1_96' title='bbox 2197 1375 2384 1451; x_wconf 88' lang='lat' dir='ltr'><strong>aptus</strong></span> <span class='ocrx_word' id='word_1_97' title='bbox 2419 1363 2596 1428; x_wconf 86' lang='lat' dir='ltr'><strong>futu-</strong></span> 
     </span>
     <span class='ocr_line' id='line_1_13' title="bbox 528 1456 2594 1546; baseline 0.001 -26"><span class='ocrx_word' id='word_1_98' title='bbox 528 1479 639 1521; x_wconf 90' lang='lat' dir='ltr'><strong>rus</strong></span> <span class='ocrx_word' id='word_1_99' title='bbox 676 1456 756 1522; x_wconf 90' lang='lat' dir='ltr'><strong>sit</strong></span> <span class='ocrx_word' id='word_1_100' title='bbox 768 1481 785 1534; x_wconf 92' lang='lat'>;</span> <span class='ocrx_word' id='word_1_101' title='bbox 822 1467 1053 1534; x_wconf 81' lang='lat' dir='ltr'><strong>cetera,</strong></span> <span class='ocrx_word' id='word_1_102' title='bbox 1096 1478 1263 1544; x_wconf 90' lang='lat' dir='ltr'><strong>quae</strong></span> <span class='ocrx_word' id='word_1_103' title='bbox 1299 1458 1747 1544; x_wconf 86' lang='lat' dir='ltr'><strong>profiteantur,</strong></span> <span class='ocrx_word' id='word_1_104' title='bbox 1780 1471 1980 1546; x_wconf 89' lang='lat' dir='ltr'><strong>negat</strong></span> <span class='ocrx_word' id='word_1_105' title='bbox 2013 1460 2144 1524; x_wconf 91' lang='lat' dir='ltr'><strong>ullo</strong></span> <span class='ocrx_word' id='word_1_106' title='bbox 2179 1458 2372 1525; x_wconf 88' lang='lat' dir='ltr'><strong>modo</strong></span> <span class='ocrx_word' id='word_1_107' title='bbox 2405 1479 2594 1544; x_wconf 88' lang='lat' dir='ltr'><strong>posse</strong></span> 
     </span>
     <span class='ocr_line' id='line_1_14' title="bbox 530 1551 2593 1640; baseline 0.001 -25"><span class='ocrx_word' id='word_1_108' title='bbox 530 1551 703 1616; x_wconf 88' lang='lat' dir='ltr'><strong>sciri:</strong></span> <span class='ocrx_word' id='word_1_109' title='bbox 743 1552 981 1618; x_wconf 87' lang='lat' dir='ltr'><strong>etenim</strong></span> <span class='ocrx_word' id='word_1_110' title='bbox 1014 1553 1419 1640; x_wconf 86' lang='lat' dir='ltr'><strong>geminorum</strong></span> <span class='ocrx_word' id='word_1_111' title='bbox 1454 1553 1696 1621; x_wconf 87' lang='lat' dir='ltr'><strong>formas</strong></span> <span class='ocrx_word' id='word_1_112' title='bbox 1724 1577 1863 1621; x_wconf 90' lang='lat' dir='ltr'><strong>esse</strong></span> <span class='ocrx_word' id='word_1_113' title='bbox 1893 1555 2137 1633; x_wconf 79' lang='lat' dir='ltr'><strong>similis,</strong></span> <span class='ocrx_word' id='word_1_114' title='bbox 2169 1556 2374 1621; x_wconf 82' lang='lat' dir='ltr'><strong>vitam</strong></span> <span class='ocrx_word' id='word_1_115' title='bbox 2402 1565 2593 1637; x_wconf 88' lang='lat' dir='ltr'><strong>atque</strong></span> 
     </span>
     <span class='ocr_line' id='line_1_15' title="bbox 528 1646 2594 1735; baseline 0 -25"><span class='ocrx_word' id='word_1_116' title='bbox 528 1647 850 1712; x_wconf 83' lang='lat' dir='ltr'><strong>fortunam</strong></span> <span class='ocrx_word' id='word_1_117' title='bbox 884 1647 1264 1733; x_wconf 88' lang='lat' dir='ltr'><strong>plerumque</strong></span> <span class='ocrx_word' id='word_1_118' title='bbox 1300 1649 1641 1735; x_wconf 81' lang='lat' dir='ltr'><strong>disparem.</strong></span> <span class='ocrx_word' id='word_1_119' title='bbox 1729 1648 1994 1716; x_wconf 87' lang='lat' dir='ltr'><strong>Procles</strong></span> <span class='ocrx_word' id='word_1_120' title='bbox 2032 1661 2098 1714; x_wconf 91' lang='lat' dir='ltr'><strong>et</strong></span> <span class='ocrx_word' id='word_1_121' title='bbox 2129 1646 2594 1733; x_wconf 84' lang='lat' dir='ltr'><strong>Eurysthenes,</strong></span> 
     </span>
     <span class='ocr_line' id='line_1_16' title="bbox 527 1740 2596 1828; baseline -0 -24"><span class='ocrx_word' id='word_1_122' title='bbox 527 1741 1192 1806; x_wconf 87' lang='lat' dir='ltr'><strong>Lacedaemoniorum</strong></span> <span class='ocrx_word' id='word_1_123' title='bbox 1236 1765 1421 1826; x_wconf 88' lang='lat' dir='ltr'><strong>reges</strong></span> <span class='ocrx_word' id='word_1_124' title='bbox 1435 1789 1455 1818; x_wconf 96' lang='lat'><strong>,</strong></span> <span class='ocrx_word' id='word_1_125' title='bbox 1507 1743 1751 1828; x_wconf 85' lang='lat' dir='ltr'><strong>gemini</strong></span> <span class='ocrx_word' id='word_1_126' title='bbox 1803 1743 2032 1808; x_wconf 87' lang='lat' dir='ltr'><strong>fratres</strong></span> <span class='ocrx_word' id='word_1_127' title='bbox 2086 1743 2376 1807; x_wconf 72' lang='lat' dir='ltr'><strong>fueruntz</strong></span> <span class='ocrx_word' id='word_1_128' title='bbox 2431 1753 2499 1804; x_wconf 86' lang='lat' dir='ltr'><strong>at</strong></span> <span class='ocrx_word' id='word_1_129' title='bbox 2548 1740 2596 1804; x_wconf 87' lang='lat' dir='ltr'><strong>ii</strong></span> 
     </span>
     <span class='ocr_line' id='line_1_17' title="bbox 528 1834 2596 1901; baseline 0 -3"><span class='ocrx_word' id='word_1_130' title='bbox 528 1853 649 1898; x_wconf 86' lang='lat' dir='ltr'><strong>nec</strong></span> <span class='ocrx_word' id='word_1_131' title='bbox 700 1835 967 1898; x_wconf 89' lang='lat' dir='ltr'><strong>totidem</strong></span> <span class='ocrx_word' id='word_1_132' title='bbox 1019 1857 1220 1899; x_wconf 88' lang='lat' dir='ltr'><strong>annos</strong></span> <span class='ocrx_word' id='word_1_133' title='bbox 1274 1837 1575 1900; x_wconf 83' lang='lat' dir='ltr'><strong>vixerunt</strong></span> <span class='ocrx_word' id='word_1_134' title='bbox 1617 1871 1710 1882; x_wconf 93' lang='lat'><strong>—-</strong></span> <span class='ocrx_word' id='word_1_135' title='bbox 1752 1859 1920 1900; x_wconf 87' lang='lat' dir='ltr'><strong>anno</strong></span> <span class='ocrx_word' id='word_1_136' title='bbox 1975 1837 2144 1900; x_wconf 86' lang='lat' dir='ltr'><strong>enim</strong></span> <span class='ocrx_word' id='word_1_137' title='bbox 2194 1835 2412 1901; x_wconf 87' lang='lat' dir='ltr'><strong>Procli</strong></span> <span class='ocrx_word' id='word_1_138' title='bbox 2464 1834 2596 1899; x_wconf 85' lang='lat' dir='ltr'><strong>vita</strong></span> 
     </span>
     <span class='ocr_line' id='line_1_18' title="bbox 528 1926 2597 2014; baseline 0 -25"><span class='ocrx_word' id='word_1_139' title='bbox 528 1927 787 1990; x_wconf 87' lang='lat' dir='ltr'><strong>brevior</strong></span> <span class='ocrx_word' id='word_1_140' title='bbox 838 1926 963 1990; x_wconf 87' lang='lat' dir='ltr'><strong>fuit</strong></span> <span class='ocrx_word' id='word_1_141' title='bbox 1012 1963 1129 2004; x_wconf 91' lang='lat'><strong>—,</strong></span> <span class='ocrx_word' id='word_1_142' title='bbox 1190 1929 1593 2012; x_wconf 88' lang='lat' dir='ltr'><strong>multumque</strong></span> <span class='ocrx_word' id='word_1_143' title='bbox 1645 1929 1702 1992; x_wconf 90' lang='lat' dir='ltr'><strong>is</strong></span> <span class='ocrx_word' id='word_1_144' title='bbox 1765 1929 1948 1993; x_wconf 83' lang='lat' dir='ltr'><strong>fratri</strong></span> <span class='ocrx_word' id='word_1_145' title='bbox 2001 1951 2215 1993; x_wconf 90' lang='lat' dir='ltr'><strong>rerum</strong></span> <span class='ocrx_word' id='word_1_146' title='bbox 2269 1939 2597 2014; x_wconf 88' lang='lat' dir='ltr'><strong>gestarum</strong></span> 
     </span>
     <span class='ocr_line' id='line_1_19' title="bbox 530 2021 2688 2110; baseline 0.001 -24"><span class='ocrx_word' id='word_1_147' title='bbox 530 2022 737 2108; x_wconf 79' lang='lat' dir='ltr'><strong>gloria</strong></span> <span class='ocrx_word' id='word_1_148' title='bbox 781 2021 1116 2108; x_wconf 81' lang='lat' dir='ltr'><strong>praestitit.</strong></span> <span class='ocrx_word' id='word_1_149' title='bbox 1206 2034 1272 2087; x_wconf 90' lang='lat' dir='ltr'><strong>at</strong></span> <span class='ocrx_word' id='word_1_150' title='bbox 1317 2044 1439 2108; x_wconf 87' lang='lat' dir='ltr'><strong>ego</strong></span> <span class='ocrx_word' id='word_1_151' title='bbox 1484 2024 1552 2088; x_wconf 90' lang='lat' dir='ltr'><strong>id</strong></span> <span class='ocrx_word' id='word_1_152' title='bbox 1594 2024 1838 2109; x_wconf 86' lang='lat' dir='ltr'><strong>ipsum,</strong></span> <span class='ocrx_word' id='word_1_153' title='bbox 1893 2023 2066 2109; x_wconf 88' lang='lat' dir='ltr'><strong>quod</strong></span> <span class='ocrx_word' id='word_1_154' title='bbox 2122 2025 2222 2088; x_wconf 86' lang='lat' dir='ltr'><strong>vir</strong></span> <span class='ocrx_word' id='word_1_155' title='bbox 2275 2037 2596 2110; x_wconf 89' lang='lat' dir='ltr'><strong>optumus,</strong></span> <span class='ocrx_word' id='word_1_156' title='bbox 2640 2049 2688 2088; x_wconf 66' lang='grc' dir='ltr'><strong>ει</strong></span> 
     </span>
     <span class='ocr_line' id='line_1_20' title="bbox 529 2113 2599 2204; baseline -0 -22"><span class='ocrx_word' id='word_1_157' title='bbox 529 2117 895 2203; x_wconf 75' lang='lat' dir='ltr'><strong>DiogeneS,</strong></span> <span class='ocrx_word' id='word_1_158' title='bbox 934 2113 1283 2183; x_wconf 87' lang='lat' dir='ltr'><strong>Chaldaeis</strong></span> <span class='ocrx_word' id='word_1_159' title='bbox 1331 2117 1517 2201; x_wconf 90' lang='lat' dir='ltr'><strong>quasi</strong></span> <span class='ocrx_word' id='word_1_160' title='bbox 1552 2117 1833 2201; x_wconf 91' lang='lat' dir='ltr'><strong>quadam</strong></span> <span class='ocrx_word' id='word_1_161' title='bbox 1869 2118 2410 2204; x_wconf 87' lang='lat' dir='ltr'><strong>praevaricatione</strong></span> <span class='ocrx_word' id='word_1_162' title='bbox 2447 2139 2599 2182; x_wconf 87' lang='lat' dir='ltr'><strong>con-</strong></span> 
     </span>
     <span class='ocr_line' id='line_1_21' title="bbox 528 2210 2592 2298; baseline -0 -22"><span class='ocrx_word' id='word_1_163' title='bbox 528 2210 727 2289; x_wconf 89' lang='lat' dir='ltr'><strong>cedit,</strong></span> <span class='ocrx_word' id='word_1_164' title='bbox 770 2232 940 2298; x_wconf 88' lang='lat' dir='ltr'><strong>nego</strong></span> <span class='ocrx_word' id='word_1_165' title='bbox 988 2231 1177 2297; x_wconf 87' lang='lat' dir='ltr'><strong>posse</strong></span> <span class='ocrx_word' id='word_1_166' title='bbox 1211 2211 1517 2298; x_wconf 85' lang='lat' dir='ltr'><strong>intellegi.</strong></span> <span class='ocrx_word' id='word_1_167' title='bbox 1606 2212 1842 2277; x_wconf 90' lang='lat' dir='ltr'><strong>etenim</strong></span> <span class='ocrx_word' id='word_1_168' title='bbox 1879 2233 2048 2289; x_wconf 88' lang='lat' dir='ltr'><strong>cum,</strong></span> <span class='ocrx_word' id='word_1_169' title='bbox 2086 2223 2160 2277; x_wconf 88' lang='lat' dir='ltr'><strong>ut</strong></span> <span class='ocrx_word' id='word_1_170' title='bbox 2192 2212 2316 2298; x_wconf 89' lang='lat' dir='ltr'><strong>ipsi</strong></span> <span class='ocrx_word' id='word_1_171' title='bbox 2351 2211 2592 2288; x_wconf 89' lang='lat' dir='ltr'><strong>dicunt,</strong></span> 
     </span>
     <span class='ocr_line' id='line_1_22' title="bbox 528 2307 2594 2393; baseline -0 -22"><span class='ocrx_word' id='word_1_172' title='bbox 528 2318 705 2372; x_wconf 86' lang='lat' dir='ltr'><strong>ortus</strong></span> <span class='ocrx_word' id='word_1_173' title='bbox 748 2307 1151 2372; x_wconf 87' lang='lat' dir='ltr'><strong>nascentium</strong></span> <span class='ocrx_word' id='word_1_174' title='bbox 1192 2307 1348 2372; x_wconf 89' lang='lat' dir='ltr'><strong>luna</strong></span> <span class='ocrx_word' id='word_1_175' title='bbox 1390 2307 1786 2385; x_wconf 88' lang='lat' dir='ltr'><strong>moderetur,</strong></span> <span class='ocrx_word' id='word_1_176' title='bbox 1841 2329 2046 2393; x_wconf 88' lang='lat' dir='ltr'><strong>eaque</strong></span> <span class='ocrx_word' id='word_1_177' title='bbox 2083 2308 2594 2373; x_wconf 84' lang='lat' dir='ltr'><strong>animadvertant</strong></span> 
     </span>
     <span class='ocr_line' id='line_1_23' title="bbox 527 2399 2594 2487; baseline 0 -21"><span class='ocrx_word' id='word_1_178' title='bbox 527 2414 591 2466; x_wconf 94' lang='lat' dir='ltr'><strong>et</strong></span> <span class='ocrx_word' id='word_1_179' title='bbox 633 2411 859 2468; x_wconf 89' lang='lat' dir='ltr'><strong>notent</strong></span> <span class='ocrx_word' id='word_1_180' title='bbox 900 2401 1109 2467; x_wconf 89' lang='lat' dir='ltr'><strong>sidera</strong></span> <span class='ocrx_word' id='word_1_181' title='bbox 1162 2401 1461 2467; x_wconf 89' lang='lat' dir='ltr'><strong>natalicia</strong></span> <span class='ocrx_word' id='word_1_182' title='bbox 1507 2399 1850 2479; x_wconf 82' lang='lat' dir='ltr'><strong>Chaldaei,</strong></span> <span class='ocrx_word' id='word_1_183' title='bbox 1905 2421 2351 2487; x_wconf 86' lang='lat' dir='ltr'><strong>quaecumque</strong></span> <span class='ocrx_word' id='word_1_184' title='bbox 2403 2401 2594 2466; x_wconf 89' lang='lat' dir='ltr'><strong>lunae</strong></span> 
     </span>
     <span class='ocr_line' id='line_1_24' title="bbox 526 2494 2598 2575; baseline 0 -15"><span class='ocrx_word' id='word_1_185' title='bbox 526 2496 745 2562; x_wconf 86' lang='lat' dir='ltr'><strong>iuncta</strong></span> <span class='ocrx_word' id='word_1_186' title='bbox 794 2494 1163 2575; x_wconf 84' lang='lat' dir='ltr'><strong>videantur,</strong></span> <span class='ocrx_word' id='word_1_187' title='bbox 1214 2497 1549 2562; x_wconf 90' lang='lat' dir='ltr'><strong>oculorum</strong></span> <span class='ocrx_word' id='word_1_188' title='bbox 1601 2496 2012 2563; x_wconf 84' lang='lat' dir='ltr'><strong>fallacissimo</strong></span> <span class='ocrx_word' id='word_1_189' title='bbox 2067 2520 2262 2564; x_wconf 88' lang='lat' dir='ltr'><strong>sensu</strong></span> <span class='ocrx_word' id='word_1_190' title='bbox 2309 2497 2598 2562; x_wconf 87' lang='lat' dir='ltr'><strong>iudicant</strong></span> 
     </span>
     <span class='ocr_line' id='line_1_25' title="bbox 526 2592 2598 2678; baseline 0 -23"><span class='ocrx_word' id='word_1_191' title='bbox 526 2614 626 2667; x_wconf 87' lang='lat' dir='ltr'><strong>ea,</strong></span> <span class='ocrx_word' id='word_1_192' title='bbox 679 2613 845 2676; x_wconf 89' lang='lat' dir='ltr'><strong>quae</strong></span> <span class='ocrx_word' id='word_1_193' title='bbox 896 2593 1141 2658; x_wconf 87' lang='lat' dir='ltr'><strong>ratione</strong></span> <span class='ocrx_word' id='word_1_194' title='bbox 1204 2602 1399 2678; x_wconf 89' lang='lat' dir='ltr'><strong>atque</strong></span> <span class='ocrx_word' id='word_1_195' title='bbox 1452 2593 1667 2658; x_wconf 89' lang='lat' dir='ltr'><strong>animo</strong></span> <span class='ocrx_word' id='word_1_196' title='bbox 1719 2593 1939 2660; x_wconf 83' lang='lat' dir='ltr'><strong>videre</strong></span> <span class='ocrx_word' id='word_1_197' title='bbox 1992 2592 2346 2660; x_wconf 83' lang='lat' dir='ltr'><strong>debebant:</strong></span> <span class='ocrx_word' id='word_1_198' title='bbox 2410 2593 2598 2657; x_wconf 90' lang='lat' dir='ltr'><strong>docet</strong></span> 
     </span>
     <span class='ocr_line' id='line_1_26' title="bbox 528 2685 2596 2771; baseline -0 -20"><span class='ocrx_word' id='word_1_199' title='bbox 528 2686 700 2751; x_wconf 87' lang='lat' dir='ltr'><strong>enim</strong></span> <span class='ocrx_word' id='word_1_200' title='bbox 768 2685 932 2752; x_wconf 85' lang='lat' dir='ltr'><strong>ratio</strong></span> <span class='ocrx_word' id='word_1_201' title='bbox 1004 2687 1631 2764; x_wconf 86' lang='lat' dir='ltr'><strong>mathematicorum,</strong></span> <span class='ocrx_word' id='word_1_202' title='bbox 1705 2694 1902 2771; x_wconf 87' lang='lat' dir='ltr'><strong>quam</strong></span> <span class='ocrx_word' id='word_1_203' title='bbox 1969 2687 2110 2753; x_wconf 88' lang='lat' dir='ltr'><strong>istis</strong></span> <span class='ocrx_word' id='word_1_204' title='bbox 2177 2697 2394 2752; x_wconf 88' lang='lat' dir='ltr'><strong>notam</strong></span> <span class='ocrx_word' id='word_1_205' title='bbox 2457 2709 2596 2752; x_wconf 85' lang='lat' dir='ltr'><strong>esse</strong></span> 
     </span>
     <span class='ocr_line' id='line_1_27' title="bbox 524 2779 2597 2866; baseline -0 -22"><span class='ocrx_word' id='word_1_206' title='bbox 524 2779 892 2865; x_wconf 85' lang='lat' dir='ltr'><strong>oportebat,</strong></span> <span class='ocrx_word' id='word_1_207' title='bbox 945 2792 1187 2864; x_wconf 85' lang='lat' dir='ltr'><strong>quanta</strong></span> <span class='ocrx_word' id='word_1_208' title='bbox 1229 2781 1587 2846; x_wconf 84' lang='lat' dir='ltr'><strong>humilitate</strong></span> <span class='ocrx_word' id='word_1_209' title='bbox 1631 2782 1788 2846; x_wconf 89' lang='lat' dir='ltr'><strong>luna</strong></span> <span class='ocrx_word' id='word_1_210' title='bbox 1829 2781 2075 2847; x_wconf 88' lang='lat' dir='ltr'><strong>feratur</strong></span> <span class='ocrx_word' id='word_1_211' title='bbox 2115 2792 2351 2847; x_wconf 90' lang='lat' dir='ltr'><strong>terram</strong></span> <span class='ocrx_word' id='word_1_212' title='bbox 2393 2802 2597 2866; x_wconf 89' lang='lat' dir='ltr'><strong>paene</strong></span> 
     </span>
     <span class='ocr_line' id='line_1_28' title="bbox 530 2872 2597 2960; baseline 0 -24"><span class='ocrx_word' id='word_1_213' title='bbox 530 2872 929 2956; x_wconf 88' lang='lat' dir='ltr'><strong>contingens,</strong></span> <span class='ocrx_word' id='word_1_214' title='bbox 984 2889 1298 2957; x_wconf 90' lang='lat' dir='ltr'><strong>quantum</strong></span> <span class='ocrx_word' id='word_1_215' title='bbox 1350 2874 1520 2939; x_wconf 85' lang='lat' dir='ltr'><strong>absi-t</strong></span> <span class='ocrx_word' id='word_1_216' title='bbox 1572 2897 1613 2938; x_wconf 89' lang='lat' dir='ltr'><strong>a</strong></span> <span class='ocrx_word' id='word_1_217' title='bbox 1663 2894 1978 2960; x_wconf 83' lang='lat' dir='ltr'><strong>proxuma</strong></span> <span class='ocrx_word' id='word_1_218' title='bbox 2029 2874 2343 2942; x_wconf 86' lang='lat' dir='ltr'><strong>Mercurii</strong></span> <span class='ocrx_word' id='word_1_219' title='bbox 2394 2874 2597 2949; x_wconf 87' lang='lat' dir='ltr'><strong>stella,</strong></span> 
     </span>
     <span class='ocr_line' id='line_1_29' title="bbox 530 2964 2598 3052; baseline 0.004 -26"><span class='ocrx_word' id='word_1_220' title='bbox 530 2964 733 3027; x_wconf 88' lang='lat' dir='ltr'><strong>multo</strong></span> <span class='ocrx_word' id='word_1_221' title='bbox 788 2975 1005 3029; x_wconf 87' lang='lat' dir='ltr'><strong>autem</strong></span> <span class='ocrx_word' id='word_1_222' title='bbox 1056 2967 1309 3052; x_wconf 90' lang='lat' dir='ltr'><strong>longius</strong></span> <span class='ocrx_word' id='word_1_223' title='bbox 1364 2991 1404 3031; x_wconf 86' lang='lat' dir='ltr'><strong>a</strong></span> <span class='ocrx_word' id='word_1_224' title='bbox 1448 2969 1721 3033; x_wconf 87' lang='lat' dir='ltr'><strong>Veneris</strong></span> <span class='ocrx_word' id='word_1_225' title='bbox 1734 3016 1753 3046; x_wconf 99' lang='lat'><strong>,</strong></span> <span class='ocrx_word' id='word_1_226' title='bbox 1808 2968 2038 3036; x_wconf 88' lang='lat' dir='ltr'><strong>deinde</strong></span> <span class='ocrx_word' id='word_1_227' title='bbox 2083 2971 2208 3036; x_wconf 87' lang='lat' dir='ltr'><strong>alio</strong></span> <span class='ocrx_word' id='word_1_228' title='bbox 2260 2968 2598 3036; x_wconf 76' lang='lat' dir='ltr'><strong>intervallo</strong></span> 
     </span>
     <span class='ocr_line' id='line_1_30' title="bbox 532 3057 2600 3152; baseline 0.004 -30"><span class='ocrx_word' id='word_1_229' title='bbox 532 3057 726 3122; x_wconf 85' lang='lat' dir='ltr'><strong>distet</strong></span> <span class='ocrx_word' id='word_1_230' title='bbox 769 3080 810 3121; x_wconf 88' lang='lat' dir='ltr'><strong>a</strong></span> <span class='ocrx_word' id='word_1_231' title='bbox 852 3058 1017 3136; x_wconf 88' lang='lat' dir='ltr'><strong>sole,</strong></span> <span class='ocrx_word' id='word_1_232' title='bbox 1062 3060 1245 3125; x_wconf 89' lang='lat' dir='ltr'><strong>cuius</strong></span> <span class='ocrx_word' id='word_1_233' title='bbox 1289 3062 1531 3126; x_wconf 89' lang='lat' dir='ltr'><strong>lumine</strong></span> <span class='ocrx_word' id='word_1_234' title='bbox 1578 3064 1956 3130; x_wconf 81' lang='lat' dir='ltr'><strong>conlustrari</strong></span> <span class='ocrx_word' id='word_1_235' title='bbox 2007 3076 2301 3152; x_wconf 84' lang='lat' dir='ltr'><strong>putatur3</strong></span> <span class='ocrx_word' id='word_1_236' title='bbox 2353 3066 2600 3152; x_wconf 87' lang='lat' dir='ltr'><strong>reliqua</strong></span> 
     </span>
     <span class='ocr_line' id='line_1_31' title="bbox 532 3151 2599 3238; baseline 0.004 -23"><span class='ocrx_word' id='word_1_237' title='bbox 532 3172 686 3217; x_wconf 85' lang='lat' dir='ltr'><strong>vero</strong></span> <span class='ocrx_word' id='word_1_238' title='bbox 730 3151 853 3216; x_wconf 85' lang='lat' dir='ltr'><strong>tria</strong></span> <span class='ocrx_word' id='word_1_239' title='bbox 894 3151 1232 3219; x_wconf 86' lang='lat' dir='ltr'><strong>intervalla</strong></span> <span class='ocrx_word' id='word_1_240' title='bbox 1272 3155 1523 3221; x_wconf 88' lang='lat' dir='ltr'><strong>infinita</strong></span> <span class='ocrx_word' id='word_1_241' title='bbox 1567 3168 1632 3222; x_wconf 90' lang='lat' dir='ltr'><strong>et</strong></span> <span class='ocrx_word' id='word_1_242' title='bbox 1675 3157 1994 3238; x_wconf 86' lang='lat' dir='ltr'><strong>inmensa,</strong></span> <span class='ocrx_word' id='word_1_243' title='bbox 2041 3183 2084 3227; x_wconf 83' lang='lat' dir='ltr'><strong>a</strong></span> <span class='ocrx_word' id='word_1_244' title='bbox 2117 3161 2252 3228; x_wconf 90' lang='lat' dir='ltr'><strong>sole</strong></span> <span class='ocrx_word' id='word_1_245' title='bbox 2293 3162 2385 3227; x_wconf 88' lang='lat' dir='ltr'><strong>ad</strong></span> <span class='ocrx_word' id='word_1_246' title='bbox 2413 3161 2599 3226; x_wconf 88' lang='lat' dir='ltr'><strong>Mar·-</strong></span> 
     </span>
     <span class='ocr_line' id='line_1_32' title="bbox 530 3245 2599 3332; baseline 0.003 -20"><span class='ocrx_word' id='word_1_247' title='bbox 530 3247 644 3324; x_wconf 85' lang='lat' dir='ltr'><strong>tis,</strong></span> <span class='ocrx_word' id='word_1_248' title='bbox 694 3245 845 3312; x_wconf 88' lang='lat' dir='ltr'><strong>inde</strong></span> <span class='ocrx_word' id='word_1_249' title='bbox 900 3245 984 3310; x_wconf 90' lang='lat' dir='ltr'><strong>ad</strong></span> <span class='ocrx_word' id='word_1_250' title='bbox 1026 3247 1235 3326; x_wconf 83' lang='lat' dir='ltr'><strong>Iovis,</strong></span> <span class='ocrx_word' id='word_1_251' title='bbox 1290 3249 1373 3314; x_wconf 89' lang='lat' dir='ltr'><strong>ab</strong></span> <span class='ocrx_word' id='word_1_252' title='bbox 1418 3271 1495 3316; x_wconf 89' lang='lat' dir='ltr'><strong>eo</strong></span> <span class='ocrx_word' id='word_1_253' title='bbox 1540 3251 1624 3316; x_wconf 85' lang='lat' dir='ltr'><strong>ad</strong></span> <span class='ocrx_word' id='word_1_254' title='bbox 1673 3250 1940 3319; x_wconf 83' lang='lat' dir='ltr'><strong>Saturni</strong></span> <span class='ocrx_word' id='word_1_255' title='bbox 1983 3256 2266 3332; x_wconf 89' lang='lat' dir='ltr'><strong>stellam,</strong></span> <span class='ocrx_word' id='word_1_256' title='bbox 2317 3255 2471 3320; x_wconf 89' lang='lat' dir='ltr'><strong>inde</strong></span> <span class='ocrx_word' id='word_1_257' title='bbox 2513 3255 2599 3320; x_wconf 89' lang='lat' dir='ltr'><strong>ad</strong></span> 
     </span>
     <span class='ocr_line' id='line_1_33' title="bbox 529 3339 2601 3434; baseline 0.004 -30"><span class='ocrx_word' id='word_1_258' title='bbox 529 3339 783 3405; x_wconf 85' lang='lat' dir='ltr'><strong>caelum</strong></span> <span class='ocrx_word' id='word_1_259' title='bbox 832 3341 1074 3427; x_wconf 89' lang='lat' dir='ltr'><strong>ipsum,</strong></span> <span class='ocrx_word' id='word_1_260' title='bbox 1130 3343 1304 3428; x_wconf 88' lang='lat' dir='ltr'><strong>quod</strong></span> <span class='ocrx_word' id='word_1_261' title='bbox 1356 3356 1713 3412; x_wconf 87' lang='lat' dir='ltr'><strong>extremum</strong></span> <span class='ocrx_word' id='word_1_262' title='bbox 1765 3359 1959 3434; x_wconf 90' lang='lat' dir='ltr'><strong>atque</strong></span> <span class='ocrx_word' id='word_1_263' title='bbox 2004 3351 2324 3415; x_wconf 90' lang='lat' dir='ltr'><strong>ultumum</strong></span> <span class='ocrx_word' id='word_1_264' title='bbox 2373 3349 2601 3414; x_wconf 86' lang='lat' dir='ltr'><strong>mundi</strong></span> 
     </span>
     <span class='ocr_line' id='line_1_34' title="bbox 531 3437 2692 3530; baseline 0.004 -31"><span class='ocrx_word' id='word_1_265' title='bbox 531 3444 649 3500; x_wconf 85' lang='lat' dir='ltr'><strong>est.</strong></span> <span class='ocrx_word' id='word_1_266' title='bbox 738 3456 905 3520; x_wconf 90' lang='lat' dir='ltr'><strong>quae</strong></span> <span class='ocrx_word' id='word_1_267' title='bbox 940 3447 1155 3522; x_wconf 85' lang='lat' dir='ltr'><strong>potest</strong></span> <span class='ocrx_word' id='word_1_268' title='bbox 1186 3437 1385 3524; x_wconf 86' lang='lat' dir='ltr'><strong>igitur</strong></span> <span class='ocrx_word' id='word_1_269' title='bbox 1418 3441 1714 3528; x_wconf 85' lang='lat' dir='ltr'><strong>contagio</strong></span> <span class='ocrx_word' id='word_1_270' title='bbox 1751 3463 1832 3507; x_wconf 83' lang='lat' dir='ltr'><strong>ex</strong></span> <span class='ocrx_word' id='word_1_271' title='bbox 1876 3442 2124 3508; x_wconf 88' lang='lat' dir='ltr'><strong>infinito</strong></span> <span class='ocrx_word' id='word_1_272' title='bbox 2157 3465 2364 3530; x_wconf 88' lang='lat' dir='ltr'><strong>paene</strong></span> <span class='ocrx_word' id='word_1_273' title='bbox 2397 3443 2596 3507; x_wconf 87' lang='lat' dir='ltr'><strong>inter-</strong></span> <span class='ocrx_word' id='word_1_274' title='bbox 2639 3461 2692 3502; x_wconf 80' lang='lat'><strong>92</strong></span> 
     </span>
     <span class='ocr_line' id='line_1_35' title="bbox 532 3527 2706 3622; baseline 0.006 -29"><span class='ocrx_word' id='word_1_275' title='bbox 532 3527 707 3594; x_wconf 78' lang='lat' dir='ltr'><strong>vallo</strong></span> <span class='ocrx_word' id='word_1_276' title='bbox 760 3529 1079 3615; x_wconf 89' lang='lat' dir='ltr'><strong>pertinere</strong></span> <span class='ocrx_word' id='word_1_277' title='bbox 1135 3531 1218 3596; x_wconf 87' lang='lat' dir='ltr'><strong>ad</strong></span> <span class='ocrx_word' id='word_1_278' title='bbox 1270 3533 1490 3598; x_wconf 85' lang='lat' dir='ltr'><strong>lunam</strong></span> <span class='ocrx_word' id='word_1_279' title='bbox 1536 3537 1639 3601; x_wconf 86' lang='lat' dir='ltr'><strong>vel</strong></span> <span class='ocrx_word' id='word_1_280' title='bbox 1695 3535 1910 3622; x_wconf 88' lang='lat' dir='ltr'><strong>potius</strong></span> <span class='ocrx_word' id='word_1_281' title='bbox 1956 3535 2038 3600; x_wconf 87' lang='lat' dir='ltr'><strong>ad</strong></span> <span class='ocrx_word' id='word_1_282' title='bbox 2082 3537 2358 3602; x_wconf 74' lang='lat' dir='ltr'><strong>terram?</strong></span> <span class='ocrx_word' id='word_1_283' title='bbox 2408 3535 2602 3620; x_wconf 78' lang='lat' dir='ltr'><strong>quid?</strong></span> <span class='ocrx_word' id='word_1_284' title='bbox 2633 3551 2706 3606; x_wconf 87' lang='grc'><strong>44</strong></span> 
     </span>
     <span class='ocr_line' id='line_1_36' title="bbox 528 3623 2599 3710; baseline 0.004 -22"><span class='ocrx_word' id='word_1_285' title='bbox 528 3645 683 3688; x_wconf 87' lang='lat' dir='ltr'><strong>cum</strong></span> <span class='ocrx_word' id='word_1_286' title='bbox 720 3623 941 3689; x_wconf 89' lang='lat' dir='ltr'><strong>dicunt</strong></span> <span class='ocrx_word' id='word_1_287' title='bbox 960 3624 1049 3703; x_wconf 89' lang='lat' dir='ltr'><strong>id,</strong></span> <span class='ocrx_word' id='word_1_288' title='bbox 1085 3626 1261 3710; x_wconf 89' lang='lat' dir='ltr'><strong>quod</strong></span> <span class='ocrx_word' id='word_1_289' title='bbox 1287 3627 1364 3692; x_wconf 88' lang='lat' dir='ltr'><strong>iis</strong></span> <span class='ocrx_word' id='word_1_290' title='bbox 1394 3628 1605 3696; x_wconf 87' lang='lat' dir='ltr'><strong>dicere</strong></span> <span class='ocrx_word' id='word_1_291' title='bbox 1630 3652 1896 3697; x_wconf 88' lang='lat' dir='ltr'><strong>necesse</strong></span> <span class='ocrx_word' id='word_1_292' title='bbox 1924 3641 2044 3709; x_wconf 86' lang='lat' dir='ltr'><strong>est,</strong></span> <span class='ocrx_word' id='word_1_293' title='bbox 2080 3630 2288 3695; x_wconf 88' lang='lat' dir='ltr'><strong>omnis</strong></span> <span class='ocrx_word' id='word_1_294' title='bbox 2313 3628 2599 3696; x_wconf 89' lang='lat' dir='ltr'><strong>omnium</strong></span> 
     </span>
     <span class='ocr_line' id='line_1_37' title="bbox 530 3718 2599 3810; baseline 0.004 -29"><span class='ocrx_word' id='word_1_295' title='bbox 530 3728 730 3796; x_wconf 89' lang='lat' dir='ltr'><strong>ortus,</strong></span> <span class='ocrx_word' id='word_1_296' title='bbox 768 3718 1155 3805; x_wconf 88' lang='lat' dir='ltr'><strong>quicumque</strong></span> <span class='ocrx_word' id='word_1_297' title='bbox 1199 3721 1551 3808; x_wconf 86' lang='lat' dir='ltr'><strong>gignantur</strong></span> <span class='ocrx_word' id='word_1_298' title='bbox 1584 3723 1654 3790; x_wconf 91' lang='lat' dir='ltr'><strong>in</strong></span> <span class='ocrx_word' id='word_1_299' title='bbox 1688 3725 1865 3791; x_wconf 89' lang='lat' dir='ltr'><strong>omni</strong></span> <span class='ocrx_word' id='word_1_300' title='bbox 1900 3736 2098 3803; x_wconf 89' lang='lat' dir='ltr'><strong>terra,</strong></span> <span class='ocrx_word' id='word_1_301' title='bbox 2146 3745 2315 3810; x_wconf 87' lang='lat' dir='ltr'><strong>quae</strong></span> <span class='ocrx_word' id='word_1_302' title='bbox 2357 3725 2599 3791; x_wconf 89' lang='lat' dir='ltr'><strong>incola-</strong></span> 
     </span>
     <span class='ocr_line' id='line_1_38' title="bbox 532 3813 2598 3905; baseline 0.005 -31"><span class='ocrx_word' id='word_1_303' title='bbox 532 3822 659 3888; x_wconf 89' lang='lat' dir='ltr'><strong>tur,</strong></span> <span class='ocrx_word' id='word_1_304' title='bbox 696 3813 955 3878; x_wconf 91' lang='lat' dir='ltr'><strong>eosdem</strong></span> <span class='ocrx_word' id='word_1_305' title='bbox 991 3836 1131 3881; x_wconf 91' lang='lat' dir='ltr'><strong>esse</strong></span> <span class='ocrx_word' id='word_1_306' title='bbox 1145 3864 1165 3893; x_wconf 96' lang='lat'><strong>,</strong></span> <span class='ocrx_word' id='word_1_307' title='bbox 1209 3817 1565 3902; x_wconf 87' lang='lat' dir='ltr'><strong>eademque</strong></span> <span class='ocrx_word' id='word_1_308' title='bbox 1609 3820 1940 3898; x_wconf 88' lang='lat' dir='ltr'><strong>omnibus,</strong></span> <span class='ocrx_word' id='word_1_309' title='bbox 1993 3821 2105 3905; x_wconf 92' lang='lat' dir='ltr'><strong>qui</strong></span> <span class='ocrx_word' id='word_1_310' title='bbox 2151 3820 2380 3886; x_wconf 90' lang='lat' dir='ltr'><strong>eodem</strong></span> <span class='ocrx_word' id='word_1_311' title='bbox 2427 3829 2598 3885; x_wconf 86' lang='lat' dir='ltr'><strong>statu</strong></span> 
     </span>
     <span class='ocr_line' id='line_1_39' title="bbox 534 3905 2597 3993; baseline 0.006 -24"><span class='ocrx_word' id='word_1_312' title='bbox 534 3905 698 3970; x_wconf 88' lang='lat' dir='ltr'><strong>caeli</strong></span> <span class='ocrx_word' id='word_1_313' title='bbox 733 3916 798 3971; x_wconf 89' lang='lat' dir='ltr'><strong>et</strong></span> <span class='ocrx_word' id='word_1_314' title='bbox 832 3908 1161 3974; x_wconf 86' lang='lat' dir='ltr'><strong>stellarum</strong></span> <span class='ocrx_word' id='word_1_315' title='bbox 1194 3911 1331 3976; x_wconf 89' lang='lat' dir='ltr'><strong>nati</strong></span> <span class='ocrx_word' id='word_1_316' title='bbox 1367 3910 1513 3989; x_wconf 91' lang='lat' dir='ltr'><strong>sint,</strong></span> <span class='ocrx_word' id='word_1_317' title='bbox 1550 3914 1840 3980; x_wconf 86' lang='lat' dir='ltr'><strong>accidere</strong></span> <span class='ocrx_word' id='word_1_318' title='bbox 1875 3937 2140 3981; x_wconf 88' lang='lat' dir='ltr'><strong>necesse</strong></span> <span class='ocrx_word' id='word_1_319' title='bbox 2177 3937 2350 3993; x_wconf 87' lang='lat' dir='ltr'><strong>esse,</strong></span> <span class='ocrx_word' id='word_1_320' title='bbox 2383 3937 2597 3982; x_wconf 86' lang='lat' dir='ltr'><strong>nonne</strong></span> 
     </span>
     <span class='ocr_line' id='line_1_40' title="bbox 534 3997 2597 4096; baseline 0.006 -34"><span class='ocrx_word' id='word_1_321' title='bbox 534 3997 675 4064; x_wconf 90' lang='lat' dir='ltr'><strong>eius</strong></span> <span class='ocrx_word' id='word_1_322' title='bbox 708 4002 881 4066; x_wconf 86' lang='lat' dir='ltr'><strong>modi</strong></span> <span class='ocrx_word' id='word_1_323' title='bbox 916 4015 1095 4082; x_wconf 89' lang='lat' dir='ltr'><strong>sunt,</strong></span> <span class='ocrx_word' id='word_1_324' title='bbox 1148 4017 1224 4070; x_wconf 91' lang='lat' dir='ltr'><strong>ut</strong></span> <span class='ocrx_word' id='word_1_325' title='bbox 1254 4029 1337 4072; x_wconf 89' lang='lat' dir='ltr'><strong>ne</strong></span> <span class='ocrx_word' id='word_1_326' title='bbox 1374 4008 1535 4073; x_wconf 87' lang='lat' dir='ltr'><strong>caeli</strong></span> <span class='ocrx_word' id='word_1_327' title='bbox 1579 4008 1843 4092; x_wconf 90' lang='lat' dir='ltr'><strong>quidem</strong></span> <span class='ocrx_word' id='word_1_328' title='bbox 1878 4020 2176 4074; x_wconf 89' lang='lat' dir='ltr'><strong>naturam</strong></span> <span class='ocrx_word' id='word_1_329' title='bbox 2222 4008 2597 4096; x_wconf 86' lang='lat' dir='ltr'><strong>interpretes</strong></span> 
     </span>
     <span class='ocr_line' id='line_1_41' title="bbox 534 4093 2598 4189; baseline 0.007 -32"><span class='ocrx_word' id='word_1_330' title='bbox 534 4093 693 4159; x_wconf 84' lang='lat' dir='ltr'><strong>istos</strong></span> <span class='ocrx_word' id='word_1_331' title='bbox 730 4097 889 4162; x_wconf 90' lang='lat' dir='ltr'><strong>caeli</strong></span> <span class='ocrx_word' id='word_1_332' title='bbox 920 4120 1111 4167; x_wconf 88' lang='lat' dir='ltr'><strong>nosse</strong></span> <span class='ocrx_word' id='word_1_333' title='bbox 1150 4101 1498 4188; x_wconf 79' lang='lat' dir='ltr'><strong>adpareat?</strong></span> <span class='ocrx_word' id='word_1_334' title='bbox 1534 4125 1684 4170; x_wconf 87' lang='lat' dir='ltr'><strong>cum</strong></span> <span class='ocrx_word' id='word_1_335' title='bbox 1707 4103 1890 4169; x_wconf 89' lang='lat' dir='ltr'><strong>-enim</strong></span> <span class='ocrx_word' id='word_1_336' title='bbox 1926 4103 2020 4168; x_wconf 90' lang='lat' dir='ltr'><strong>illi</strong></span> <span class='ocrx_word' id='word_1_337' title='bbox 2053 4105 2270 4184; x_wconf 89' lang='lat' dir='ltr'><strong>orbes,</strong></span> <span class='ocrx_word' id='word_1_338' title='bbox 2306 4104 2418 4189; x_wconf 88' lang='lat' dir='ltr'><strong>qui</strong></span> <span class='ocrx_word' id='word_1_339' title='bbox 2453 4127 2598 4171; x_wconf 85' lang='lat' dir='ltr'><strong>cae-</strong></span> 
     </span>
    </p>
   </div>
  </div>
 </body>
</html>
