3292 4559
735 240 862 308 176
1141 274 1149 281 ·
1353 255 1430 311 M.
1467 252 1741 313 TULLII
1774 250 2183 308 CICERONIS

627 388 698 443 46
863 373 996 442 Sed
1031 396 1274 453 vereor,
1309 374 1498 441 Laeli
1531 396 1775 459 vosque
1810 374 2101 440 homines
2142 370 2622 439 amicissimi
2654 393 2748 437 ae
2776 393 2915 456 pru·

637 462 690 501 ⁷⁰
731 468 1114 547 dentissimi,
1167 492 1280 547 ne,
1335 471 1388 535 si
1441 470 1681 535 diutius
1730 471 1797 535 in
1848 470 1971 535 hoe
2020 491 2279 555 genere
2330 490 2637 534 verser
2650 507 2675 543 ,
2740 464 2913 549 quasi

729 562 1176 651 praecipientis
1229 564 1561 631 cuiusdam
1605 576 1671 630 et
1714 564 1999 630 docentis
2044 574 2115 629 et
2156 584 2309 627 non
2362 560 2791 627 vobiscum
2835 558 2905 622 si-

727 656 866 723 mul
917 656 1376 722 considerantis
1429 680 1570 723 esse
1621 658 1913 723 videatur
1966 656 2181 721 oratio
2240 678 2421 721 mea
2436 680 2465 732 3
2544 676 2780 739 quam
2830 652 2903 715 ob
2969 730 2971 741 ἶ

729 773 867 817 rem
910 750 1233 837 ingrediar
1273 752 1344 815 in
1385 774 1494 828 ea,
1537 772 1707 836 quae
1751 764 1904 817 nota
1936 762 2093 815 sunt
2128 751 2495 815 omnibus
2510 798 2539 828 ,
2600 746 2891 833 quaesita

729 866 794 931 p.
820 844 993 931 177.]
1032 856 1249 910 autem
1266 868 1307 910 a
1321 846 1508 911 nobis
1533 845 1663 911 iam
1682 846 1825 911 diu:
1863 845 1955 911 sie
1972 845 2153 911 enim
2178 845 2549 922 deeemO,
2598 844 2711 909 sie
2732 842 2745 925 Ι
2766 863 2887 905 sen-
2969 890 2973 903 .

729 940 849 1016 tio,
895 937 988 1005 sio
1031 939 1298 1003 adfirmo
1309 985 1328 1016 ,
1369 940 1616 1005 nullam
1660 940 1947 1005 omnium
1988 962 2219 1005 rerum
2256 940 2757 1024 publicarum
2790 946 2877 999 aut

731 1033 1182 1099 oomtitutione
1217 1043 1331 1097 aut
1363 1034 1773 1120 discriptione
1809 1045 1921 1100 aut
1954 1033 2325 1119 disciplina
2378 1030 2871 1098 conferendam

732 1146 873 1191 esse
925 1148 1073 1191 eum
1125 1148 1232 1202 ea,
1285 1147 1480 1209 quam
1531 1138 1747 1214 patres
1796 1127 1999 1192 nostri
2050 1126 2259 1191 nobis
2316 1138 2723 1213 acceptam
2766 1124 2863 1188 iam

729 1218 878 1284 inde
913 1242 955 1284 a
986 1218 1334 1283 maioribus
1366 1220 1790 1304 reliquerunt3
1842 1242 2041 1305 quam
2054 1266 2073 1296 ,
2114 1219 2177 1284 si
2214 1221 2508 1307 placet,
2564 1218 2861 1305 quoniam

729 1332 836 1388 ea,
889 1332 1056 1395 quae
1107 1312 1424 1377 tenebatis
1475 1313 1632 1399 ipsi,
1685 1314 1877 1380 etiam
1924 1334 2007 1378 ex
2063 1335 2175 1378 me
2226 1314 2501 1379 audire
2550 1310 2858 1383 voluistis,

729 1405 920 1469 simul
955 1416 1020 1471 et
1053 1405 1260 1489 qualis
1297 1406 1378 1473 sit
1413 1418 1478 1473 et
1503 1408 1809 1493 optimam
1838 1429 1977 1473 esse
2007 1408 2391 1473 ostendam
2426 1408 2857 1494 expositaque

725 1520 792 1585 p.
831 1495 1006 1584 178.]
1055 1499 1141 1564 ad
1185 1502 1553 1587 exemplum
1595 1512 1816 1566 nostra
1858 1522 1931 1566 re
1972 1500 2257 1586 publiea
2298 1499 2857 1585 accommogdabo

725 1590 812 1656 ad
845 1614 1006 1675 eam,
1042 1592 1100 1658 si
1131 1606 1376 1679 potero,
1413 1616 1668 1659 omnem
1692 1594 1870 1659 illam
1896 1594 2303 1671 orationem,
2348 1618 2559 1679 quae
2590 1607 2701 1662 est
2724 1593 2853 1657 mihi
2931 1626 2932 1633 ι

725 1684 1024 1751 habenda
1075 1686 1158 1753 de
1211 1688 1454 1773 optimo
1508 1686 1779 1752 civitatis
1832 1697 2026 1773 statu.
2118 1688 2326 1771 quod
2393 1690 2463 1753 si
2528 1703 2760 1756 tenere
2804 1700 2852 1750 et

722 1782 1029 1866 >consequi
1073 1793 1370 1869 potuere,
1415 1782 1735 1847 cumulate
1770 1802 2005 1845 munus
2040 1780 2172 1847 hoc
2187 1829 2210 1858 ,
2260 1783 2392 1847 cui
2436 1808 2565 1851 me
2602 1783 2847 1849 Laelius

721 1875 1114 1959 praeposuit,
1150 1888 1224 1941 ut
1258 1876 1472 1961 opinio
1505 1896 1650 1939 mea
1682 1874 1827 1950 fert,
1864 1874 2193 1961 effecero?

619 1958 692 2011 4⁷
855 1968 1028 2033 Tum
1061 1968 1355 2035 Laelius:
1411 1976 1622 2033 ‘tuum
1658 1988 1811 2032 vero
1821 1967 1860 2044 ,⁹
1904 1966 2123 2051 inquit
2170 1975 2191 2004 ‘
2208 1968 2511 2056 Scipio,
2566 1994 2649 2038 ae
2684 1982 2845 2035 tuum

630 2030 682 2069 Π
723 2060 984 2144 quidem
1017 2063 1208 2127 unius
1219 2086 1237 2140 3
1274 2064 1416 2148 quis
1453 2062 1626 2127 enim
1662 2071 1725 2127 te
1758 2061 1973 2146 potius
2008 2072 2129 2126 aut
2166 2063 2261 2128 de
2290 2067 2661 2131 maiorum
2688 2065 2844 2129 dixe-

722 2154 806 2219 rit
847 2155 1184 2231 institutis,
1231 2176 1380 2221 eum
1425 2156 1513 2220 sis
1557 2155 1921 2220 clarissimis
1954 2155 2101 2242 ipse
2136 2159 2552 2225 maioribus
2567 2209 2588 2238 ,
2637 2169 2745 2225 aut
2776 2156 2840 2219 de

720 2268 787 2332 p.
825 2246 1004 2334 155.]
1041 2249 1282 2334 optim0
1319 2258 1490 2315 statu
1526 2249 1820 2326 civitatis,
1868 2270 2069 2332 quem
2108 2248 2121 2335 Ι
2162 2251 2225 2315 si
2266 2253 2697 2332 habeamus,
2739 2250 2837 2317 etsi

719 2362 804 2404 ne
837 2362 1010 2405 nune
1043 2341 1324 2425 quidem,
1361 2352 1514 2405 tuno
1549 2364 1703 2407 vero
1738 2342 1881 2426 quis
1916 2352 1982 2406 te
2017 2344 2240 2427 possit
2281 2369 2449 2413 esse
2480 2343 2838 2413 florentior?

721 2442 834 2495 aut
883 2433 965 2496 de
1007 2435 1286 2499 consiliis
1331 2434 1397 2498 in
1442 2445 1771 2517 posterum
1814 2435 2288 2520 providendis,
2353 2463 2529 2509 eum
2576 2454 2657 2507 tu
2700 2440 2833 2505 duo·

720 2524 844 2588 bus
878 2523 1068 2591 huius
1103 2527 1282 2592 urbis
1317 2528 1665 2592 terroribus
1702 2529 2045 2613 depulsis
2024 2553 2097 2595 ιιι
2136 2555 2360 2601 omne
2400 2548 2684 2623 tempus
2707 2554 2830 2621 pro-

715 2620 1042 2702 spexeris?

1056 2940 1315 3007 LIBRI
1356 2940 1632 3005 PRIMI
1672 2938 1801 3003 DE
1839 2940 1961 3007 RE
2008 2944 2490 3015 PUBLICA

945 3058 1575 3125 FRAGMENTA
1633 3057 2163 3128 INCERTAE
2236 3064 2615 3137 SEDIS.

846 3223 904 3288 1.
975 3226 1299 3291 Praeterea
1359 3238 1446 3290 est
1507 3228 1803 3309 quaedam
1856 3229 2127 3311 publica
2180 3238 2391 3301 etiam
2450 3242 2826 3305 eruditorum

713 3321 980 3395 reiecti&
1030 3323 1224 3385 utitur
1273 3321 1389 3383 illa
1443 3329 1500 3381 et
1549 3318 1643 3381 M
1706 3320 1973 3395 Tullius,
2032 3336 2221 3390 extra
2281 3352 2553 3397 omnem
2607 3334 2825 3419 inqem'i
2911 3391 2920 3400 .

713 3414 911 3477 aleam
951 3417 1223 3498 positus,
1278 3424 1363 3485 et,
1420 3412 1587 3495 quod
1633 3412 1950 3486 miremur,
1994 3438 2125 3498 per
2162 3422 2573 3490 advocatum
2630 3428 2827 3513 defen·
2915 3439 2920 3508 ’ἦ

713 3508 912 3569 ditur:
2915 3526 2920 3605 4

1854 3626 1975 3669 neo
2011 3606 2439 3683 doctissimis
2452 3642 2472 3683 ε

968 3696 1265 3762 Manium
1298 3694 1596 3761 Persium
1629 3692 1790 3759 haee
1824 3694 2044 3781 legere
2078 3703 2273 3782 nolo,
2322 3709 2615 3779 Iunium
2658 3712 2823 3780 con.

1988 3813 2159 3875 gum
2196 3800 2387 3867 volo·

710 3925 877 4004 quod
906 3925 964 3985 εἰ
995 3923 1106 3985 hoc
1136 3922 1446 3997 Luciliu-s,
1494 3920 1604 4004 qui
1623 3923 1867 4003 primus
1904 3928 2193 3995 condidit
2230 3938 2380 4002 stili
2417 3962 2688 4020 nasum,
2737 3946 2827 4008 di-

710 4014 960 4074 cendum
993 4014 1114 4075 sibi
1133 4017 1400 4094 putavit,
1435 4014 1492 4075 si
1531 4010 1731 4075 Cicero
1766 4020 2203 4099 mutuandum,
2248 4038 2658 4113 praesertim
2695 4060 2825 4101 cum
