3292 4559
1098 243 1206 299 DE
1243 240 1570 300 OFFIOIIS
1605 242 1714 300 111.
1753 243 1991 308 14—20.
2494 233 2577 311 83

516 390 646 452 que
665 387 670 392 ·
687 367 756 432 id
799 366 1170 442 honestum,
1214 365 1393 450 quod
1423 366 1491 430 in
1525 376 1809 438 nostram
1844 366 2346 452 intellegentiam
2382 370 2573 448 cadit,

516 462 831 528 tuendum
879 461 1516 545 conservandumque
1560 461 1748 528 nobis
1793 471 1891 532 cst
1934 481 2129 544 quam
2163 462 2352 540 illud,
2398 466 2573 550 quod

517 556 771 642 proprie
808 555 1037 620 dicitur
1071 577 1348 638 vereque
1385 565 1482 622 est
1516 555 1875 631 honestum,
1914 555 2305 642 sapientibus
2318 582 2337 634 ;
2394 559 2576 626 aliter

511 651 688 716 enim
737 649 939 718 teneri
989 672 1120 716 non
1172 661 1408 736 potest,
1463 651 1518 715 si
1569 672 1736 735 quae
1788 651 1872 715 ad
1916 651 2217 718 virtutem
2263 663 2361 718 est
2403 653 2575 720 facta

517 744 900 830 progressio.
987 745 1102 810 sed
1147 743 1308 813 haec
1349 745 1610 828 quidem
1659 745 1739 810 de
1782 745 1890 820 iis,
1937 745 2051 828 qui
2094 747 2580 817 conservatione

512 837 876 905 officiorum
909 837 1354 904 existimantur
1388 839 1560 902 boni.
1650 838 1763 922 qui
1799 849 2015 907 autem
2048 839 2267 904 omnia
2301 841 2577 906 metiun-
2610 861 2661 902 ιε

401 961 414 971 ·
517 945 621 998 tur
665 934 1110 1000 emolumentis
1154 945 1220 998 et
1255 934 1608 998 commodis
1641 953 1851 1016 neque
1888 956 1967 999 ea
2002 935 2225 1000 volunt
2260 955 2575 1021 praepon-

511 1027 725 1094 derari
768 1027 1132 1104 honestate,
1175 1027 1222 1092 ii
1257 1028 1464 1094 solent
1497 1027 1566 1092 in
1601 1026 2013 1093 deliberando
2049 1026 2391 1094 honestum
2426 1049 2575 1096 cum

512 1143 623 1197 eo,
671 1122 845 1205 quod
887 1121 1042 1186 utile
1087 1132 1346 1206 putant,
1393 1141 1796 1207 comparare:
1842 1121 1995 1186 boni
2030 1121 2151 1188 viri
2184 1143 2313 1190 non
2349 1123 2571 1190 solent.

514 1215 731 1298 itaque
777 1215 1069 1280 existimo
1103 1215 1519 1294 Panaetium,
1569 1237 1719 1281 cum
1764 1215 1995 1282 dixerit
2040 1216 2327 1282 homines
2372 1218 2573 1284 solere

513 1311 582 1375 in
616 1310 740 1376 hac
775 1311 1246 1396 comparatione
1280 1311 1605 1388 dubitare,
1643 1310 1769 1376 hoc
1800 1311 2015 1397 ipsum
2050 1311 2350 1390 sensisse,
2398 1311 2575 1396 quod

511 1404 747 1470 dixerit
783 1405 1043 1472 ‘solere'
1079 1405 1292 1482 mod0,
1341 1415 1472 1473 non
1507 1405 1701 1472 etiam
1740 1407 2120 1492 ‘oportere3’
2175 1407 2409 1474 etenim
2446 1429 2575 1473 non

515 1500 706 1564 modo
751 1499 950 1586 pluris
995 1512 1222 1586 putare
1265 1501 1440 1584 quod
1486 1501 1641 1570 utile
1690 1500 1985 1568 videatur
2018 1523 2215 1585 quam
2250 1501 2423 1584 quod
2459 1501 2573 1566 ho-

513 1604 768 1660 nestum
785 1594 913 1670 'sit,
961 1594 1076 1660 sed
1119 1595 1316 1664 etiam
1360 1594 1520 1662 haec
1555 1594 1724 1662 inter
1759 1617 1828 1660 se
1866 1617 2237 1680 comparare
2274 1606 2339 1660 et
2371 1594 2440 1662 in
2474 1594 2573 1660 his

514 1688 895 1754 addubitare
949 1689 1388 1773 turpissimum
1441 1699 1558 1755 est.
1647 1689 1806 1772 quid
1857 1709 2017 1773 ergo
2068 1699 2166 1754 est
2218 1689 2393 1772 quod
2444 1710 2575 1754 non

515 1803 865 1865 numquam
919 1781 1380 1850 dubitationem
1433 1782 1685 1848 adferre
1748 1783 1953 1848 soleat
2014 1781 2575 1849 considerandum·-

515 1896 641 1958 que
676 1875 1007 1940 videatur?
1093 1875 1306 1952 cred0,
1344 1876 1400 1940 si
1434 1875 1695 1959 quando
1732 1875 2047 1943 dubitatio
2084 1875 2344 1954 accidit,
2382 1877 2571 1960 quale

513 1969 596 2034 sit
636 1968 704 2033 id
716 1981 736 2046 ,
783 1968 864 2034 de
906 1989 1038 2052 quo
1079 1969 1544 2047 consideretur3
1597 1992 1795 2056 saepe
1843 1969 2015 2035 enim
2049 1979 2337 2057 tempore
2372 1969 2443 2036 fit
2478 1981 2575 2048 ut,
2610 1989 2659 2030 ιθ
2733 2003 2737 2008 -

511 2063 688 2148 quod
724 2073 908 2149 turpe
942 2063 1320 2148 plerumque
1354 2062 1580 2129 haberi
1613 2063 1836 2142 soleat,
1873 2065 2239 2156 inveniatur-
2268 2085 2399 2130 non
2434 2087 2573 2132 esse

514 2169 719 2244 turpe.
809 2155 1088 2242 exempli
1140 2179 1335 2222 causa
1387 2169 1665 2243 ponatur
1717 2157 1960 2241 aliquid
2004 2157 2180 2242 quod
2222 2168 2440 2245 pateat
2482 2158 2577 2224 la.-

513 2253 670 2317 tius:
741 2251 918 2335 quod
978 2261 1190 2337 potest
1238 2251 1446 2318 maius
1499 2272 1638 2336 esse
1693 2253 1901 2321 scelus
1953 2274 2151 2337 quam
2201 2275 2333 2321 non
2382 2253 2577 2322 modo

514 2346 858 2424 hominem,
896 2345 1012 2412 sed
1047 2345 1242 2413 etiam
1278 2346 1658 2412 familiarem
1694 2347 2019 2414 hominem
2056 2347 2385 2414 occidere?
2420 2371 2586 2417 num

511 2440 708 2526 igitur
743 2463 812 2508 se
849 2440 1146 2506 astrinxit
1180 2442 1439 2519 scelere,
1477 2441 1532 2507 si
1565 2441 1681 2525 qui
1717 2452 2063 2528 tyrannum
2090 2442 2322 2508 occidit
2348 2462 2575 2525 quam-

511 2535 610 2600 vis
662 2535 1082 2602 familiarem?
1169 2537 1408 2624 populo
1458 2536 1725 2620 quidem
1778 2537 2073 2604 Romano
2124 2559 2255 2604 non
2303 2536 2573 2614 videtur,

505 2631 624 2713 qui
657 2653 740 2696 ex
773 2629 1073 2710 omnibus
1109 2630 1452 2716 praeclaris
1489 2631 1677 2698 factis
1712 2631 1873 2697 illud
1906 2633 2405 2718 pulcherrimum
2441 2631 2576 2700 exi·-

508 2725 744 2790 stimat.
833 2725 988 2791 vicit
1043 2747 1200 2810 ergo
1245 2726 1490 2790 utilitas
1531 2725 1969 2793 honestatem?
2020 2727 2217 2792 immo
2261 2747 2415 2792 vero
2460 2725 2577 2793 ho·
2620 2723 2627 2730 ’

509 2828 726 2882 nestas
761 2817 1128 2884 utilitatem=
1183 2819 1553 2884 honestatem
1587 2821 1825 2884 utilitas
1860 2830 2081 2884 secuta
2116 2831 2233 2886 est.

527 2963 534 2970 .
641 2911 904 2996 Itaque,
957 2922 1030 2976 ut
1079 2911 1218 2978 sine
1270 2913 1402 2978 ullo
1455 2933 1671 2980 errore
1724 2912 2073 2980 diiudicare
2118 2913 2467 2998 possimus,
2522 2913 2577 2984 si

509 3005 770 3091 quando
817 3027 966 3070 cum
1009 3005 1148 3082 illo,
1195 3005 1373 3090 quod
1406 3005 1753 3072 honestum
1785 3006 2243 3092 intellegimus,
2288 3029 2577 3094 pugnare

509 3101 582 3166 id
637 3097 990 3177 videbitur,
1043 3099 1216 3183 quod
1263 3100 1663 3186 appellamus
1707 3099 1892 3178 utile,
1938 3101 2217 3169 formula
2258 3102 2577 3186 quaedam

513 3195 964 3263 constituenda
995 3204 1122 3271 est,
1169 3215 1364 3278 quam
1399 3194 1454 3260 si
1489 3215 1832 3280 sequemur
1864 3195 1933 3262 in
1968 3197 2441 3282 comparatione
2476 3219 2579 3264 re-

509 3311 656 3362 rum
669 3335 690 3366 ,
735 3290 818 3354 ab
867 3288 1097 3354 officio'
1121 3310 1478 3373 numquam
1519 3290 1915 3360 recedemus.
2004 3290 2125 3356 erit
2168 3302 2383 3360 autem
2417 3290 2576 3358 haec
2610 3309 2663 3350 πο

512 3489 724 3554 tanea,
746 3499 958 3562 quam
995 3477 1256 3562 quidem
1290 3477 1390 3544 his
1425 3477 1604 3544 libris
1632 3490 1971 3564 propterea
1998 3478 2344 3562 sequimur,
2380 3476 2579 3562 quod,

509 3593 905 3658 quamquam
953 3583 1018 3639 et
1053 3595 1094 3639 a
1137 3571 1460 3638 veteribus
1496 3572 1907 3641 Academicis
1952 3582 2018 3638 et
2060 3595 2100 3638 a
2132 3570 2577 3657 Peripateticis

511 3667 758 3744 vestris,
795 3667 908 3751 qui
941 3666 1266 3750 quondam
1299 3666 1474 3736 idem
1501 3676 1685 3733 erant
1706 3666 1819 3750 qui
1838 3665 2235 3742 Academici,
2269 3687 2437 3749 quae
2462 3663 2581 3730 ho·-
2678 3688 2683 3695 ¹

512 3771 696 3826 nesta
731 3773 910 3838 sunt,
948 3771 1423 3848 anteponuntur
1455 3761 1556 3839 iis,
1590 3782 1759 3845 quae
1796 3760 2095 3829 videntur
2127 3760 2327 3838 utilia,
2363 3771 2583 3829 tamen.

510 3854 906 3938 'splendidius
925 3856 1086 3924 haec
1103 3856 1188 3922 ab
1207 3856 1299 3922 eis
1329 3855 1742 3934 disserentur,
1772 3856 2029 3940 quibus,
2058 3853 2365 3939 quicquid
2382 3853 2581 3920 hone·-

509 3958 686 4012 stum
711 3959 828 4026 est,
855 3949 1027 4016 idem
1057 3951 1212 4019 utile
1241 3950 1496 4018 videtur
1523 3972 1644 4022 nec
1672 3951 1829 4020 utile
1858 3950 2223 4036 quicquam,
2258 3949 2432 4034 quod
2450 3969 2582 4016 non

512 4042 882 4121 honestum,
919 4065 1114 4132 quam
1151 4047 1235 4112 ab
1272 4047 1377 4124 iis,
1424 4045 1659 4134 quibus
1697 4057 1761 4114 et
1795 4044 2415 4195 honestum'aesaliquid
2446 4065 2589 4112 non.

2192 4147 2219 4177 0
