3292 4559
640 635 707 688 19

645 2223 699 2264 35

744 231 882 299 188·
1354 239 1431 297 Μ.
1470 237 1744 295 TULLII
1777 235 2182 295 CICERONIS

742 379 905 434 trem
931 364 1269 441 habemus,
1307 363 1679 448 ignoramus
1713 360 2001 446 patrem.'
2087 361 2208 424 ‘ita
2238 361 2376 436 est‚’
2413 360 2626 446 inquit
2659 369 2677 399 ‘
2691 364 2802 430 sed

742 473 1102 569 temporum
1164 458 1420 525 illorum
1480 464 1731 520 tantum
1791 454 1927 520 fere
1982 476 2214 540 regum
2262 453 2604 520 inlustrata
2657 469 2804 522 sunt

742 555 1021 619 nomina.

646 672 803 746 34.p
828 645 1005 734 173]
1044 646 1176 714 Sed
1192 647 1315 712 hoc
1332 646 1475 711 loco
1503 645 1798 752 primum·
1809 643 2061 708 videtur
2090 643 2348 708 insitiva
2365 643 2654 726 quadam
2677 644 2688 729 Ι
2713 646 2812 710 di-

646 707 1010 851 34sciplina
1052 741 1297 807 doctior
1341 741 1517 808 facta
1557 761 1698 804 esse
1746 738 1999 802 civitas.
2046 737 2302 802 influxit
2335 737 2509 805 enim
2543 761 2680 804 non
2717 750 2813 804 te-

741 837 893 908 111110
922 836 1188 920 quidam
1222 857 1258 900 e
1283 833 1561 902 Graecia.
1592 831 1889 901 rivulus
1871 855 1942 896 111
1973 831 2142 899 hanc
2169 831 2417 908 urbem,
2456 832 2576 897 sed
2601 833 2812 898 abun-

743 930 1155 997 dantissimus
1190 929 1397 996 amnis
1432 928 1686 995 illarum
1715 925 2194 1012 disciplinarum
2219 935 2286 990 et
2301 926 2558 990 artium.
2607 925 2812 992 fuisse

742 1025 913 1092 enim
951 1025 1271 1109 quendam
1305 1023 1523 1088 ferunt
1552 1020 1984 1086 Demaratum
2020 1015 2427 1087 Corinthium
2461 1031 2528 1086 et
2559 1019 2810 1086 honore

742 1130 807 1187 et
851 1118 1225 1184 auctoritate
1272 1127 1337 1182 et
1380 1115 1655 1184 fortunis
1700 1113 1890 1179 facile
1927 1113 2198 1178 civitatis
2236 1137 2390 1178 suae
2423 1113 2810 1200 principem,

740 1213 852 1297 qui
906 1234 1054 1278 cum
1107 1208 1589 1276 Corinthiorum
1642 1219 1988 1294 tyrannum
2043 1203 2399 1292 Cypselum
2450 1207 2625 1274 ferre
2679 1231 2812 1273 non

740 1329 804 1392 p.
845 1303 1022 1390 174.]
1077 1304 1419 1390 potuisset,
1468 1303 1714 1390 fugisse
1758 1323 1908 1368 011111
1954 1303 2209 1386 maglna
2251 1302 2530 1386 pecunia
2573 1302 2812 1368 dicitur

740 1421 818 1466 ac
862 1422 931 1464 se
978 1399 1321 1464 contulisse
1355 1397 1742 1482 Tarquinios
1785 1395 1857 1462 in
1890 1395 2120 1460 urbem
2153 1393 2457 1462 Etruriae
2489 1397 2814 1462 florentis-

742 1493 997 1570 simam·;
1034 1514 1309 1576 cumque
1344 1491 1596 1556 audiret
1630 1489 2128 1556 dominationem
2159 1486 2426 1575 Cypseli
2465 1491 2818 1555 confirma-

740 1598 892 1662 tam,
928 1587 1097 1672 fugit
1130 1586 1403 1672 patriam
1436 1585 1535 1650 vir
1566 1585 1731 1650 liber
1765 1607 1841 1648 ac
1875 1583 2058 1648 fortis
2095 1593 2160 1648 et
2193 1584 2473 1664 adscitus
2511 1595 2612 1650 est
2649 1585 2816 1648 civis

742 1704 782 1746 a
833 1679 1407 1765 Tarquiniensibus
1470 1689 1666 1762 atque
1725 1677 1796 1742 in
1849 1700 1928 1742 ea
1981 1678 2236 1743 civitate
2291 1677 2694 1744 domicilium
2747 1689 2819 1744 et

743 1775 928 1840 sedes
982 1773 1357 1840 conlocavit.
1446 1772 1562 1838 ubi
1613 1793 1763 1838 cum
1817 1771 1897 1835 de
1952 1781 2156 1836 matre
2207 1769 2484 1836 familias
2530 1769 2818 1856 Tarqui-

740 1869 948 1934 niensi
978 1869 1123 1944 „duo
1164 1868 1329 1932 filios
1376 1863 1867 1952 procreavisset,
1923 1865 2220 1930 omnibus
2273 1887 2384 1930 eos
2431 1865 2684 1930 artibus
2729 1866 2819 1930 ad

744 1960 1147 2028 Graecorum
1180 1962 1583 2046 disciplinam
1620 1961 1853 2024 erudiit
1889 1958 1924 1993 *
1963 1958 1998 1993 *
2035 1959 2071 1993 ¹⁸*

1256 2055 1738 2142 [Desiderantur
1759 2056 2038 2138 payinae
2075 2051 2278 2139 duaa]

638 2151 709 2204 20
741 2174 805 2236 p.
842 2151 1020 2238 219.]
1060 2153 1097 2188 *
1132 2151 1167 2186 *
1203 2151 1240 2186 *
1272 2149 1493 2234 {facile
1528 2149 1595 2213 in
1632 2147 1954 2213 civitatem
1989 2159 2284 2234 receptus
2315 2158 2506 2228 esset,
2546 2163 2820 2234 propter

742 2245 1205 2310 humanitatem
1258 2255 1450 2327 atque
1508 2243 1866 2308 doctrinam
1909 2242 2100 2308 Anco
2143 2242 2284 2350 regi
2327 2240 2662 2306 familiaris
2711 2255 2815 2307 est

742 2340 983 2415 factus,
1047 2359 1251 2421 usque
1314 2359 1390 2402 00
1446 2348 1516 2402 ut
1570 2337 1980 2402 consiliorum
2031 2335 2316 2403 omnium
2366 2337 2690 2432 particeps
2743 2351 2812 2402 et

740 2432 949 2496 socius
1018 2453 1223 2516 paene
1294 2430 1476 2516 regni
1541 2442 1894 2540 putaretur.
2001 2442 2138 2497 erat
2198 2430 2266 2495 in
2329 2453 2406 2496 eo
2473 2442 2814 2516 praeterea

742 2549 991 2590 summa
1026 2527 1309 2602 comitas,
1346 2548 1598 2590 summa
1632 2525 1703 2590 in
1737 2525 1942 2590 omnis
1979 2526 2136 2592 civis
2171 2526 2344 2611 opis,
2392 2526 2642 2603 auxilii,
2693 2527 2809 2592 de—

740 2618 1075 2696 fensionis,
1135 2618 1453 2705 largiendi
1518 2620 1712 2684 etiam
1777 2619 2158 2705 benignitas.
2263 2621 2483 2704 itaque
2547 2632 2810 2684 mortuo

736 2713 989 2778 Marcio
1036 2715 1281 2779 cunctis
1326 2715 1549 2801 populi
1584 2713 1912 2799 suffragiis
1947 2737 2064 2780 rex
2100 2725 2197 2780 est
2232 2725 2482 2778 creatus
2518 2713 2601 2778 L.
2638 2714 2811 2780 Tar-

667 2828 673 2833 ·
738 2831 803 2893 p.
856 2807 1037 2896 22Ο.]
1114 2808 1399 2892 quinius:
1468 2809 1561 2874 sic
1596 2808 1768 2874 enim
1824 2805 1835 2893 Ι
1891 2831 2084 2872 suum·
2114 2829 2348 2873 nomen
2403 2831 2488 2872 ex
2543 2807 2806 2874 Graeco

645 3395 697 3436 36

738 2903 995 2968 nomine
1039 2904 1402 2980 inflexerat,
1449 2915 1523 2967 ut
1566 2903 1635 2968 in
1682 2903 1857 2968 omni
1891 2925 2127 2988 genere
2163 2902 2354 2968 huius
2388 2903 2611 2988 populi
2646 2924 2810 2966 con-

741 2996 1145 3062 suetudinem
1179 2997 1501 3076 videretur
1536 2996 1842 3062 imitatus.
1929 2996 2114 3080 isque
2159 3007 2232 3060 ut
2265 2997 2348 3062 de
2381 3019 2498 3060 suo
2534 2997 2810 3082 imperio

738 3089 950 3172 legem
994 3091 1167 3166 tulit,
1214 3091 1525 3176 principio
1571 3089 1922 3175 duplicavit
1955 3091 2136 3154 illum
2171 3089 2509 3176 pristinum
2543 3102 2812 3176 patrum

738 3203 1078 3246 numerum
1123 3195 1186 3248 et
1228 3186 1523 3269 antiquos
1568 3194 1784 3269 patres
1829 3183 2144 3248 maiorum
2192 3184 2480 3268 gentium
2517 3185 2810 3269 appella-

740 3275 852 3354 vit,
889 3297 1049 3359 quos
1085 3278 1329 3362 priores
1365 3278 1749 3344 sententiam
1782 3278 2074 3362 rogabat,
2110 3301 2151 3340 a
2185 3300 2254 3342 se
2290 3277 2568 3342 adscitos
2593 3277 2808 3342 mino-

738 3392 904 3435 rum.
994 3371 1224 3438 deinde
1272 3373 1627 3456 equitatum
1675 3371 1758 3436 ad
1793 3371 1965 3436 hunc
2001 3393 2246 3436 morem
2280 3372 2610 3436 constituit
2621 3418 2641 3448 ,
2687 3373 2806 3456 qui

638 3547 647 3554 μ
740 3489 802 3552 p.
842 3462 979 3552 37.]
1026 3467 1248 3550 usique
1284 3467 1495 3532 adhuc
1530 3477 1628 3532 est
1662 3477 1972 3542 retentus;
2017 3488 2138 3530 nec
2172 3467 2379 3551 potuit
2414 3465 2802 3533 Titiensium

740 3572 804 3651 et
838 3561 1349 3628 Rhamnensium
1385 3573 1448 3627 et
1482 3561 1813 3627 Lucerum
1848 3571 2127 3637 mutare,
2173 3582 2322 3626 cum
2357 3571 2644 3646 cuperet,
2683 3581 2802 3624 no-

738 3655 941 3733 mina,
988 3655 1161 3739 quod
1194 3666 1415 3722 auctor
1450 3656 1512 3722 ei
1546 3678 1798 3720 summa
1834 3677 2042 3741 augur
2075 3655 2280 3741 gloria
2313 3655 2514 3720 Attus
2550 3653 2804 3720 Navius

736 3773 863 3816 non
920 3762 1074 3816 erat.
1164 3762 1354 3834 atque
1408 3751 1601 3816 etiam
1646 3747 2013 3816 Corinthios
2061 3749 2247 3815 video
2291 3749 2568 3835 publicis
2616 3748 2806 3834 equis

738 3847 1151 3933 adsignandis
1214 3861 1279 3912 et
1348 3845 1591 3910 alendis
1659 3846 1960 3912 orborum
2021 3857 2086 3910 et
2146 3845 2484 3910 viduarum
2545 3844 2806 3910 tributis

737 3940 936 4005 fuisse
971 3940 1295 4024 quondam
1331 3940 1672 4026 diligentis.
1755 3940 1870 4006 sed
1903 3951 2118 4006 tamen
2151 3938 2478 4026 prioribus,
2508 3939 2810 4024 equitum

737 4055 801 4117 p.
840 4031 973 4118 38.]
1012 4035 1299 4118 partibus
1336 4035 1635 4100 secundis
1672 4035 1904 4102 additis
1929 4111 1936 4116 ,
1963 4047 2056 4102 00
2092 4054 2274 4102 10000
2308 4033 2464 4100 fecit
2499 4032 2510 4118 Ι
2551 4033 2806 4120 equites
