3292 4559
881 318 990 376 DE
1023 317 1354 375 DEORUM
1385 315 1716 375 NATURA
1746 305 1854 372 111.
1884 317 2133 378 47—53.
2414 307 2539 374 107

477 467 677 510 causa
707 443 1061 530 periculum
1097 441 1302 508 adiret
1327 440 1606 528 optimus
1631 441 1923 526 quisque,
1956 441 2242 507 virorum
2274 441 2540 510 fortium
2582 477 2587 480 ·

478 538 848 620 memoriam
880 538 1121 602 honore
1157 536 1423 602 deorum
1457 534 1890 600 inmortalium
1926 547 2381 603 consecratam.
2452 535 2539 604 ob

479 655 622 699 eam
673 633 843 699 enim
892 632 1103 720 ipsam
1154 653 1414 697 causam
1467 625 1869 696 Erechtheus
1914 630 2189 698 Athenis
2240 630 2541 719 filiaeque

478 727 613 792 eius
645 727 716 792 in
745 749 1016 792 numero
1064 727 1331 791 deorum
1367 735 1548 802 sunt,
1598 725 1879 809 itemque
1912 727 1947 807 τ
1982 725 2408 793 Leonaticum
2443 739 2540 794 est

477 821 817 888 delubrum
851 819 1152 898 Athenis,
1185 819 1362 904 quod
1393 818 1754 885 Leocorion
1788 819 2169 886 nominatur.
2248 822 2542 888 Alaban-

476 916 706 982 denses
737 914 1024 1000 quidem
1075 915 1356 980 sanctius
1407 913 1827 980 Alabandum
1878 916 2125 992 colunt,
2177 939 2219 981 a
2258 938 2391 1000 quo
2442 927 2543 983 est

476 1010 636 1074 urbs
685 1010 799 1074 illa
851 1009 1136 1086 condita,
1195 1029 1392 1092 quam
1441 1029 1830 1093 quemquam
1882 1007 2192 1074 nobilium
2244 1010 2540 1086 deorum;

477 1105 654 1192 apud
687 1127 852 1190 quos
885 1126 1015 1170 non
1049 1104 1361 1170 inurbane
1392 1102 1812 1181 Stratonicus,
1847 1114 1923 1169 ut
1954 1105 2176 1182 multa,
2213 1126 2360 1170 cum
2396 1103 2542 1188 qui-

479 1202 630 1266 dam
667 1201 729 1266 ei
763 1200 1070 1266 molestus
1086 1199 1504 1266 Alabandum
1532 1199 1729 1264 deum
1756 1221 1894 1265 esse
1922 1197 2345 1277 confirmaret,
2371 1200 2541 1264 Her-

475 1295 688 1361 culem
723 1305 1008 1382 negaret,
1045 1293 1261 1382 ‘ergo'
1295 1294 1504 1378 inquit
1539 1292 1725 1358 ‘mihi
1758 1293 2176 1373 Alabandus,
2220 1292 2337 1360 tibi
2371 1295 2542 1359 Her-

475 1391 652 1456 cules
706 1390 786 1454 sit
837 1389 1098 1456 iratusl'
1168 1388 1281 1454 illa
1330 1399 1575 1468 autem,
1627 1388 1868 1467 Balbe,
1930 1411 2097 1474 quae
2148 1401 2222 1456 tu
2272 1412 2312 1454 a
2362 1389 2539 1456 caelo
2574 1385 2651 1442 20

475 1484 792 1570 astrisque
829 1485 1131 1562 ducebas,
1168 1506 1364 1569 quam
1397 1485 1590 1570 longe
1627 1494 1887 1570 serpant
1903 1507 2035 1550 non
2060 1484 2280 1552 vides?
2317 1483 2541 1552 Solem
2581 1460 2635 1500 ⁵¹

475 1580 671 1646 deum
689 1602 830 1670 esse
849 1580 1256 1664 Lunamque,
1293 1600 1570 1664 quorum
1599 1579 1873 1644 alterum
1888 1579 2261 1665 Apollinem
2281 1577 2538 1656 Graeci,

475 1675 742 1742 alteram
791 1675 1075 1740 Dianam
1125 1685 1384 1760 putant:
1439 1673 1614 1758 quod
1668 1673 1724 1738 si
1774 1672 1970 1740 Luna
2023 1675 2146 1740 dea
2197 1686 2323 1753 est,
2386 1695 2540 1760 ergo

445 1769 670 1836 ¹etiam
732 1768 1002 1834 Lucifer
1071 1780 1450 1851 ceteraeque
1519 1777 1802 1832 errantes
1876 1789 2216 1833 numerum
2277 1769 2543 1835 deorum

475 1861 894 1938 obtinebunt,
945 1862 1145 1947 igitur
1195 1861 1390 1926 etiam
1441 1859 1813 1925 inerrantes.
1902 1881 2018 1925 cur
2068 1873 2286 1926 autem
2329 1862 2543 1944 Arqui

478 1955 728 2042 species
761 1975 894 2018 non
926 1954 996 2020 in
1031 1954 1298 2020 deorum
1331 1974 1600 2019 numero
1633 1954 2021 2037 reponatur?
2064 1964 2163 2018 est
2195 1955 2368 2020 enim
2400 1955 2545 2040 pul-

476 2051 660 2126 cher,
715 2059 783 2116 et
817 2047 900 2112 ob
935 2071 1082 2114 eam
1116 2070 1376 2114 causam
1389 2094 1410 2125 ,
1462 2047 1616 2133 quia
1650 2045 1933 2132 speciem
1970 2047 2169 2114 habet
2202 2048 2544 2114 admirabi-

473 2147 605 2212 lem
619 2191 638 2222 ,
686 2142 1094 2209 Thaumante
1141 2142 1374 2208 dicitur
1403 2143 1533 2209 Iri-s
1580 2164 1723 2208 esse
1762 2152 1947 2220 nata3
2002 2143 2183 2208 cuius
2229 2143 2285 2209 si
2328 2143 2543 2209 divina
2645 2221 2653 2229 Χ

473 2251 712 2307 natura
747 2247 874 2316 est,
927 2237 1084 2324 quid
1115 2237 1317 2304 facies
1351 2237 1673 2304 nubibus?
1722 2237 1939 2303 Arcus
1976 2237 2148 2304 enim
2178 2237 2317 2324 ipse
2352 2261 2391 2304 e
2422 2261 2545 2304 nu-

473 2333 671 2402 bibus
698 2332 976 2398 efficitur
999 2333 1281 2418 quodam
1314 2335 1506 2399 modo
1533 2331 1851 2410 coloratis,
1886 2353 2161 2418 quarum
2194 2356 2325 2400 una
2350 2334 2543 2400 etiam

479 2428 844 2496 Centauros
885 2427 1212 2514 peperisse
1248 2427 1498 2494 dicitur.
1586 2427 1761 2512 quod
1794 2426 1852 2491 si
1890 2426 2083 2493 nubis
2124 2427 2443 2494 rettuleris
2476 2428 2545 2494 in

484 2526 641 2590 deos
654 2571 675 2602 ,
725 2520 1102 2588 referendae
1146 2534 1316 2589 certe
1368 2531 1557 2588 erunt
1605 2531 2049 2607 tempestates,
2103 2544 2269 2607 quae
2319 2523 2544 2610 populi

483 2616 764 2685 Romani
804 2616 1034 2683 ritibus
1078 2628 1484 2684 consecratae
1528 2627 1699 2682 sunt.
1796 2637 1952 2701 ergo
2001 2615 2268 2696 imbres,
2318 2617 2543 2694 nimbi,

477 2712 825 2798 procellae,
889 2711 1178 2778 turbines
1239 2711 1344 2777 dei
1407 2710 1676 2797 putandi
1686 2735 1706 2788 3
1777 2709 1980 2776 nostri
2030 2710 2294 2794 quidem
2346 2711 2541 2775 duces

477 2828 657 2870 mare
689 2805 1119 2890 ingredientes
1153 2806 1461 2870 inmolare
1496 2804 1774 2870 hostiam
1798 2803 2100 2870 fluctibus
2137 2815 2543 2870 consuerunt.

478 2900 612 2963 iam
647 2897 701 2962 si
745 2909 842 2962 est
877 2896 1078 2964 Ceres
1114 2921 1154 2963 a
1186 2897 1500 2985 gerendo,
1535 2899 1628 2963 ita
1662 2897 1833 2964 enim
1868 2898 2157 2976 dicebas,
2199 2909 2369 2964 terra
2402 2899 2543 2986 ipsa
2583 2929 2638 2970 52

483 2993 608 3058 dea
650 3001 748 3056 est
790 3001 854 3055 et
897 2992 987 3056 ita
1027 2992 1331 3057 habetur:
1385 3012 1552 3076 quae
1596 3001 1694 3056 est
1750 2992 1919 3058 enim
1964 2993 2090 3058 alia
2130 2993 2392 3060 Tellus?
2444 2995 2542 3060 sin

483 3098 684 3162 terra,
737 3107 912 3150 mare
949 3085 1172 3164 etiam,
1225 3107 1420 3172 quem
1453 3087 1829 3172 Neptunum
1866 3109 2008 3153 esse
2043 3087 2330 3154 dicebas:
2386 3111 2541 3176 ergo

483 3192 548 3246 et
581 3179 850 3246 flumina
883 3191 946 3246 et
979 3178 1218 3259 fontes3
1253 3181 1472 3265 itaque
1508 3193 1571 3245 et
1604 3180 1831 3246 Fontis
1869 3180 2207 3248 delubrum
2232 3183 2425 3249 Maso
2462 3207 2542 3250 ex

483 3273 750 3341 Corsica
795 3273 1116 3341 dedicavit
1162 3285 1225 3340 et
1266 3275 1336 3339 in
1379 3297 1699 3362 augurum
1742 3275 2109 3362 precatione
2143 3277 2543 3353 Tiberinum,

485 3368 869 3479 Spinonem,
904 3369 1282 3446 Almonem,
1317 3369 1676 3447 Nodinum,
1720 3371 1848 3436 alia
1879 3371 2388 3457 propinquorum
2421 3369 2543 3434 flu·-

482 3463 730 3528 minum
779 3463 1041 3530 nomina
1091 3463 1401 3530 videmus.
1506 3487 1663 3552 ergo
1713 3465 1837 3531 hoc
1889 3475 2003 3531 aut
2052 3465 2120 3530 in
2180 3464 2543 3529 inmensum

483 3569 697 3646 serpet
731 3569 844 3624 aut
883 3559 1044 3626 nihil
1088 3559 1319 3626 horum
1352 3560 1735 3647 recipiemus
1778 3582 1901 3626 nec
1942 3559 2055 3624 illa
2096 3557 2346 3624 infinita
2378 3556 2543 3622 ratio

483 3653 950 3742 superstitionis
1008 3654 1408 3740 probabitur.
1519 3653 1680 3719 nihil
1740 3675 1897 3740 ergo
1967 3652 2197 3718 horum
2263 3650 2542 3737 proban-

487 3747 642 3814 dum
677 3759 798 3814 est.

613 3841 928 3908 Dicamus
979 3842 1204 3930 igitur,
1257 3843 1494 3919 Balbe,
1556 3853 1809 3930 oportet
1861 3851 2081 3909 contra
2131 3841 2274 3906 illos
2326 3839 2541 3917 etiam,
2574 3846 2646 3900 21

489 3935 602 4019 qui
645 3959 754 4002 eos
798 3938 952 4005 deos
999 3959 1081 4004 ex
1125 3937 1458 4004 hominum
1501 3959 1739 4023 genere
1780 3937 1851 4003 in
1902 3937 2151 4002 caelum
2200 3934 2541 4000 translatos
2584 3920 2641 3959 ⁵³

487 4050 618 4096 non
660 4053 760 4102 re.
813 4032 930 4098 sed
974 4032 1272 4119 opinione
1319 4054 1457 4098 esse
1502 4031 1753 4110 dicunt,
1805 4052 1967 4117 quos
2012 4040 2287 4118 auguste
2320 4049 2541 4096 omnes

486 4133 836 4208 sancteque
870 4148 1270 4194 veneramur.
1359 4125 1673 4214 principio
1707 4125 1902 4194 Ioves
1932 4135 2069 4209 tres
2103 4136 2443 4194 numerant
2475 4123 2543 4202 ii,
