3292 4559
1091 264 1196 321 DE
1235 265 1566 325 osmcns
1599 270 1646 323 1.
1679 269 1947 337 ‚15-21.
2502 258 2545 321 7

506 391 661 457 enim
697 390 1013 455 trahimur
1045 401 1108 456 et
1143 390 1436 461 ducimur
1475 393 1557 457 ad
1593 392 1975 477 cognitionis
2010 402 2077 457 et
2112 391 2411 459 scientiae
2438 416 2553 460 cu-

506 486 841 571 piditatem,
873 485 946 549 in
974 506 1099 570 qua
1131 487 1438 553 excellere
1457 487 1797 573 pulchrum
1816 498 2137 573 putamus,
2164 487 2295 553 labi
2312 500 2549 567 autem,
2584 560 2589 565 ,

505 602 726 655 errare,
772 578 1051 657 nescire,
1099 579 1307 666 decipi
1353 591 1418 647 et
1454 582 1699 646 malum
1744 593 1807 646 et
1853 592 2040 667 turpe
2084 581 2395 647 ducimus.
2482 584 2551 647 in

506 674 612 737 hoc
641 694 878 757 genere
905 682 974 737 et
1005 674 1280 738 naturali
1315 686 1380 741 et
1415 674 1683 740 honesto
1720 675 1850 739 duo
1886 675 2043 741 vitia
2078 676 2338 741 vitanda
2374 686 2548 741 sunt:
2578 708 2583 716 ·

505 790 708 846 unum,
741 790 827 833 ne
861 768 1194 854 incognita
1227 792 1344 855 pro
1383 770 1653 855 cognitis
1687 770 2039 837 habeamus
2074 771 2280 855 iisque
2315 782 2550 835 temere

505 862 925 927 adsentiamur
935 886 956 941 3
1010 862 1184 945 quod
1237 864 1464 928 vitium
1519 864 1805 949 effugere
1849 865 1961 948 qui
2005 865 2177 929 volet
2208 900 2298 913 —-·-
2330 886 2549 929 omnes

505 966 698 1023 autem
733 956 902 1022 velle
942 956 1180 1021 debent
1211 994 1301 1005 ——
1337 958 1665 1023 adhibebit
1701 960 1783 1023 ad
1820 958 2313 1023 considerandas
2349 980 2451 1023 res
2488 969 2553 1022 et

505 1062 734 1135 tempus
771 1062 838 1116 et
873 1050 1306 1137 diligentiam3
1361 1053 1630 1118 alterum
1668 1064 1764 1118 est
1798 1052 2045 1129 vitium,
2080 1052 2257 1136 quod
2292 1051 2551 1135 quidam

509 1144 678 1208 nimis
725 1167 1044 1231 magnum
1099 1145 1383 1211 studium
1433 1148 1829 1231 multamque
1872 1168 2133 1232 operam
2179 1146 2247 1210 in
2291 1168 2393 1211 res
2439 1146 2553 1209 ob-

505 1261 701 1303 scuras
737 1252 940 1323 atque
977 1239 1258 1305 difficilis
1295 1241 1636 1307 conferunt
1672 1243 2058 1326 easdemque
2093 1262 2223 1306 non
2260 1262 2554 1307 necessa-

505 1333 631 1397 rias.
719 1334 960 1417 quibus
1011 1335 1180 1399 vitiis
1229 1335 1556 1401 declinatis
1601 1337 1778 1421 quod
1820 1338 1887 1401 in
1930 1338 2122 1402 rebus
2169 1336 2453 1401 honestis
2490 1348 2554 1400 et

507 1427 848 1511 cognitione
895 1428 1112 1513 dignis
1157 1451 1390 1514 operae
1437 1453 1758 1516 curaeque
1793 1441 2095 1517 ponetur,
2138 1430 2207 1495 id
2241 1430 2379 1495 iure
2414 1431 2553 1493 lau—

508 1518 768 1598 dabitur,
834 1535 910 1587 ut
963 1522 1034 1586 in
1093 1524 1440 1609 astrologia·
1473 1522 1568 1589 Ὀ.
1626 1524 1989 1611 Sulpicium
2040 1525 2433 1601 audivimus,
2482 1524 2553 1587 in

504 1616 835 1697 geometria
887 1615 1045 1681 Sex.
1092 1616 1477 1703 Pompeium
1523 1619 1646 1703 ipsi
1703 1614 2149 1703 cognovimus,
2202 1619 2436 1682 multos
2484 1618 2552 1681 in

504 1708 848 1788 dialecticis,
894 1711 1094 1795 pluris
1129 1712 1200 1776 in
1233 1713 1372 1779 iure
1409 1714 1610 1791 civili3
1650 1735 1815 1798 quae
1852 1735 2073 1778 omnes
2111 1723 2277 1777 artes
2313 1714 2381 1775 in
2416 1713 2552 1778 ver-i

505 1801 981 1891 investigatione
1026 1818 1391 1884 versantur,
1445 1807 1626 1871 cuius
1674 1807 1885 1871 studio
1934 1830 1973 1870 a
2016 1806 2208 1871 rebus
2254 1805 2550 1890 gerendis

507 1898 718 1975 abduci
762 1911 997 1965 contra
1033 1900 1318 1967 officium
1356 1914 1484 1967 est:
1572 1902 1825 1966 virtutis
1863 1901 2033 1965 enim
2066 1902 2207 1965 laus
2244 1900 2449 1965 omnis
2483 1900 2550 1963 in

509 1993 732 2059 actione
767 1995 1086 2072 consistit,
1124 2020 1163 2060 a
1198 2018 1327 2081 qua
1361 2006 1576 2060 tamen
1605 1996 1678 2060 fit
1710 1995 2095 2060 intermissio
2124 2017 2312 2079 saepe
2339 1994 2553 2057 multi-

509 2108 618 2169 que
653 2090 892 2155 dantur
925 2090 1010 2153 ad
1047 2090 1260 2155 studia
1293 2090 1568 2167 reditus3
1624 2102 1763 2154 tum
1800 2089 2063 2175 agitatio
2098 2088 2347 2163 mentis,
2386 2104 2551 2171 quae

510 2202 834 2266 numquam
893 2183 1282 2266 adquiescit,
1335 2196 1550 2270 potest
1601 2205 1719 2249 nos
1772 2184 1834 2247 in
1882 2184 2105 2247 studiis
2154 2180 2553 2267 cogitationis

513 2274 684 2339 etiam
733 2278 872 2343 sine
929 2298 1127 2363 opera
1171 2288 1392 2343 nostra
1437 2280 1779 2343 continere.
1868 2278 2073 2342 omnis
2120 2287 2337 2341 autem
2382 2276 2555 2361 cogi-

516 2368 656 2431 tatio
695 2384 1036 2455 motusque
1082 2372 1280 2437 animi
1316 2384 1428 2438 aut
1461 2374 1528 2437 in
1565 2372 1846 2437 consiliis
1884 2370 2210 2459 capiendis
2248 2370 2327 2435 de
2362 2370 2554 2434 rebus

514 2459 767 2530 honestis
829 2477 903 2531 et
963 2466 1432 2551 pertinentibus
1485 2468 1570 2532 ad
1623 2468 1789 2533 bene
1841 2466 2153 2549 beateque
2206 2464 2553 2529 vivendum

517 2566 614 2618 aut
643 2556 706 2622 in
737 2560 968 2625 studiis
1005 2560 1309 2625 scientiae
1347 2561 1857 2646 cognitionisque
1894 2559 2269 2625 versabitur.
2359 2580 2435 2623 ac
2473 2558 2553 2622 de

516 2649 696 2730 primo
729 2655 998 2738 quidem
1033 2654 1232 2719 officii
1265 2654 1442 2719 fonte
1479 2655 1778 2719 diximus.

630 2744 731 2812 De
762 2748 974 2813 tribus
1011 2758 1226 2813 autem
1261 2750 1524 2832 reliquis
1559 2748 1867 2813 latissime
1900 2758 2078 2831 patet
2104 2768 2181 2811 ea
2206 2746 2388 2819 rati0,
2425 2766 2555 2828 qua

519 2840 759 2907 societas
802 2844 1138 2907 hominum
1185 2844 1352 2909 inter
1385 2845 1558 2929 ipsos
1596 2855 1664 2909 et
1697 2841 1867 2907 vitae
1904 2842 2089 2924 quasi
2134 2838 2555 2905 communitas

519 2934 873 3014 continetur,
911 2937 1091 3002 cuius
1127 2948 1344 3023 partes
1381 2938 1548 3002 duae
1587 2946 1765 3002 sunt:
1800 2936 2061 3011 iustitia,
2098 2936 2165 2999 in
2202 2955 2331 3017 qua
2358 2933 2557 2996 virtu-

519 3025 587 3089 tis
620 3040 711 3094 est
745 3030 1046 3117 splendor
1073 3032 1411 3109 maximus,
1450 3054 1529 3097 ex
1557 3053 1686 3116 qua
1712 3030 1832 3095 viri
1858 3029 2010 3095 boni
2036 3030 2463 3104 nominantur,
2494 3037 2558 3091 et

520 3117 650 3185 huic
685 3125 1022 3202 coniuncta
1055 3125 1497 3203 beneficentia,
1534 3148 1729 3210 quam
1766 3123 2035 3190 eandem
2070 3124 2172 3189 vel
2200 3122 2559 3209 benignita·—

519 3224 635 3279 tem
658 3219 759 3283 vel
782 3218 1230 3285 liberalitatem
1267 3220 1574 3307 appellari
1607 3220 1775 3287 licet.
1836 3218 1949 3284 sed
1975 3218 2253 3283 iustitiae
2280 3217 2559 3302 primum

520 3328 732 3379 munus
765 3325 891 3390 est,
937 3325 1010 3379 ut
1055 3337 1138 3379 ne
1185 3316 1290 3379 cui
1335 3316 1478 3399 quis
1523 3324 1752 3381 noceat
1785 3313 1907 3377 nisi
1942 3312 2276 3377 lacessitus
2308 3309 2557 3383 iniuria,

525 3400 754 3485 deinde,
788 3420 860 3474 ut
895 3408 1342 3474 communibus
1385 3430 1502 3495 pro
1540 3406 1986 3475 communibus
2020 3415 2258 3478 utatur,
2293 3402 2559 3488 privatis

520 3508 586 3561 ut
619 3501 760 3568 suis.
822 3514 972 3569 sunt
1011 3514 1226 3569 autem
1263 3504 1514 3590 privata
1546 3504 1727 3569 nulla
1758 3510 2020 3575 natura,
2057 3497 2171 3562 sed
2206 3506 2319 3561 aut
2343 3505 2557 3561 vetere

523 3599 937 3681 occupatione,
975 3607 1051 3663 ut
1086 3599 1197 3681 qui
1233 3598 1558 3681 quondam
1591 3598 1661 3661 in
1687 3617 1898 3660 vacua
1920 3600 2251 3667 venerunt,
2290 3599 2402 3653 aut
2426 3588 2561 3653 vic·

523 3686 688 3765 toria,
723 3703 794 3756 ut
828 3692 940 3776 qui
987 3691 1156 3757 bello
1200 3691 1386 3777 potiti
1433 3700 1612 3769 sunt,
1666 3701 1781 3754 aut
1821 3690 1994 3773 lege,
2044 3685 2364 3771 pactione,
2410 3702 2562 3745 con-

527 3777 771 3863 dicione,
821 3797 1018 3851 sorte:
1075 3808 1154 3851 ex
1211 3807 1339 3869 quo
1391 3786 1464 3850 fit
1513 3796 1588 3849 ut
1631 3806 1789 3869 ager
1830 3782 2112 3867 Arpinas
2148 3776 2560 3863 Arpinatium

525 3870 772 3956 dicatur,
792 3880 1198 3945 Tusculanus
1220 3880 1763 3954 Tusculanorum3
1784 3876 2151 3957 similisque
2170 3882 2266 3938 est
2281 3869 2561 3955 privata-

525 3988 652 4035 rum
677 3975 1146 4058 possessionum
1173 3974 1518 4059 discriptio.
1575 3996 1657 4038 ex
1688 3992 1837 4056 qu0,
1864 3967 2019 4053 quia
2036 3989 2227 4033 suum
2252 3965 2561 4046 cuiusque

525 4060 612 4142 fit,
643 4090 893 4149 eorum,
929 4092 1095 4155 quae
1130 4080 1361 4135 natura
1394 4068 1651 4135 fuerant
1684 4064 2073 4142 communia,
2119 4061 2293 4146 quod
2330 4059 2561 4145 cuique

2586 1078 2638 1117 19

2592 3520 2645 3557 21
