3292 4559
1222 274 1518 335 LAELIU
1521 276 1560 333 S
1598 276 1837 333 72-79.
2432 263 2562 330 285
2624 359 2632 367 .

503 402 660 465 dum
695 400 778 467 sit
812 400 894 466 ab
930 400 1176 465 amicis:
1223 421 1384 485 quas
1430 400 1544 485 qui
1576 399 1866 486 inpedire
1900 401 2063 479 volt,
2099 400 2275 486 quod
2310 400 2561 467 deside-

500 496 670 561 rium
703 518 834 561 non
865 494 1055 560 facile
1089 494 1273 572 ferat,
1307 495 1366 559 is
1403 507 1467 560 et
1502 494 1791 560 infirmus
1828 506 1925 561 est
1958 496 2297 580 mollisque
2330 507 2564 562 natura

501 600 568 655 et
597 590 680 655 ob
710 612 852 655 eam
883 590 1092 675 ipsam
1117 611 1379 657 causam
1405 588 1475 653 in
1503 589 1785 654 amicitia
1816 612 2049 675 parum
2082 590 2310 655 iustus.
2366 600 2561 674 atque
2598 610 2659 651 76

499 686 568 749 in
603 685 774 750 omni
808 707 880 751 re
915 684 1447 751 considerandum
1483 695 1598 763 est,
1637 695 1703 751 et
1736 684 1893 769 quid
1927 686 2212 771 postules
2242 685 2325 749 ab
2354 684 2562 749 amico

501 795 564 844 et
600 778 755 864 quid
788 778 1036 866 patiare
1071 802 1112 843 a
1145 789 1214 843 te
1247 778 1577 864 inpetrari.

631 872 754 937 Est
788 873 982 939 etiam
1016 872 1335 957 quaedam
1371 872 1701 937 calamitas
1735 872 1806 936 in
1840 871 2135 937 amicitiis
2167 872 2561 938 dimittendis
2594 882 2665 936 21

497 990 630 1032 non
663 987 1016 1050 numquam
1059 966 1448 1042 necessaria3
1496 965 1626 1029 iam
1663 965 1834 1031 enim
1868 989 1909 1030 a
1945 966 2331 1051 sapientium
2374 965 2562 1030 fami-

498 1060 884 1126 liaritatibus
921 1061 1004 1124 ad
1049 1060 1329 1145 volgaris
1375 1058 1687 1124 amicitias
1724 1060 1947 1125 oratio*
1971 1070 2190 1124 nostra
2224 1058 2559 1125 delabitur.

502 1164 850 1239 erumpunt
899 1176 1091 1239 saepe
1146 1153 1305 1219 vitia
1358 1153 1711 1218 amicorum
1766 1163 1905 1219 tum
1948 1152 2017 1218 in
2067 1154 2243 1239 ipsos
2296 1152 2559 1230 amicos,

498 1262 638 1315 tum
685 1248 754 1314 in
799 1248 1068 1325 alienos,
1125 1268 1400 1332 quorum
1445 1258 1664 1312 tamen
1709 1248 1793 1312 ad
1839 1247 2079 1313 amicos
2113 1248 2431 1313 redundet
2462 1247 2561 1312 in-

499 1344 727 1409 famia:
773 1343 931 1408 tales
964 1343 1165 1429 igitur
1199 1342 1518 1408 amicitiae
1554 1353 1707 1407 sunt
1739 1342 2115 1408 remissione
2149 1364 2307 1408 usus
2342 1342 2562 1409 eluen-

501 1440 622 1505 dae
651 1450 734 1516 et,
771 1449 845 1504 ut
863 1435 1183 1503 Catonem
1209 1438 1421 1503 dicere
1451 1437 1691 1513 audivi,
1722 1437 2103 1503 dissuendae
2132 1438 2339 1524 magis
2368 1458 2565 1523 quam

501 1532 953 1599 discindendae
966 1578 986 1609 ,
1037 1532 1163 1597 nisi
1208 1532 1530 1616 quaedam
1572 1532 1658 1595 ad
1700 1531 1967 1596 modum
2006 1532 2423 1597 intolerabilis
2464 1531 2564 1596 in-

498 1626 666 1691 iuria
697 1627 1034 1704 exarserit,
1068 1636 1142 1691 ut
1175 1648 1386 1711 neque
1421 1637 1671 1691 rectum
1703 1646 1915 1709 neque
1950 1626 2291 1691 honestum
2328 1625 2409 1689 sit
2442 1647 2562 1691 nec

499 1722 638 1785 fieri
673 1721 874 1805 possit
908 1732 982 1785 ut
1015 1743 1148 1785 non
1183 1720 1399 1786 statim
1435 1720 1733 1785 alienatio
1754 1720 2224 1803 disiunctioque
2258 1718 2564 1784 faciunda

503 1816 603 1878 sit.
693 1815 792 1879 sin
845 1826 1061 1880 autem
1107 1826 1219 1879 aut
1269 1836 1524 1880 morum
1576 1825 1689 1878 aut
1739 1814 2097 1879 studiorum
2150 1813 2563 1879 commutatio
2606 1839 2658 1880 re

501 1908 849 1991 quaedam,
901 1919 976 1972 ut
1024 1908 1164 1973 fieri
1217 1910 1408 1984 solet,
1462 1907 1638 1974 facta
1692 1908 1812 1973 erit
1856 1918 1972 1972 aut
2011 1908 2081 1973 in
2122 1908 2217 1973 rei
2267 1908 2564 1994 publicae

500 2002 790 2088 partibus
838 2002 1148 2067 dissensio
1191 2001 1620 2067 intercesserit
1652 2036 1741 2048 --
1781 2003 2011 2088 loquor
2055 2002 2225 2067 enim
2275 2003 2437 2079 iam,
2490 2013 2564 2067 ut

499 2096 696 2181 paulo
731 2106 878 2162 ante
915 2095 1070 2173 dixi,
1105 2117 1238 2162 non
1275 2096 1355 2161 de
1392 2095 1809 2182 sapientium,
1847 2096 1961 2161 sed
1997 2096 2076 2162 de
2114 2097 2563 2187 communibus

502 2190 795 2255 amicitiis
829 2225 944 2268 -,
994 2190 1355 2255 cavendum
1402 2191 1521 2255 erit
1565 2211 1646 2254 ne
1682 2211 1813 2254 non
1848 2191 2057 2256 solum
2101 2190 2417 2255 amicitiae
2452 2190 2564 2255 de-

499 2284 776 2371 positae,
821 2284 936 2350 sed
970 2285 1164 2351 etiam
1205 2284 1578 2351 inimicitiae
1614 2295 1951 2370 susceptae
1986 2285 2325 2349 videantur
2333 2308 2352 2361 ;
2406 2284 2565 2351 nihil

502 2380 674 2445 enim
722 2392 817 2445 est
859 2380 1110 2467 turpius
1158 2402 1355 2465 quam
1397 2401 1548 2445 cum
1583 2400 1663 2445 eo
1708 2379 1949 2445 bellum
1985 2402 2239 2465 gerere,
2286 2400 2565 2464 quocum

499 2474 898 2540 familiariter
932 2475 1188 2540 vixeris.
1245 2475 1328 2539 ab
1364 2474 1646 2539 amicitia
1684 2472 1769 2556 Q.
1787 2473 2089 2560 Pompeii
2122 2495 2266 2540 meo
2303 2474 2565 2540 nomine

503 2593 572 2635 se
606 2580 987 2648 removerat,
1021 2580 1095 2635 ut
1129 2570 1332 2647 scitis,
1371 2568 1622 2655 Scipio,
1659 2580 1919 2655 propter
1954 2567 2416 2635 dissensionem
2450 2592 2565 2635 au-

501 2678 660 2743 tem,
697 2686 864 2749 quae
901 2678 1036 2732 erat
1079 2665 1148 2731 in
1182 2690 1252 2731 re
1286 2666 1576 2752 publica,
1613 2666 1927 2731 alienatus
1964 2676 2062 2731 est
2095 2688 2135 2729 a
2170 2665 2417 2750 collega
2449 2686 2565 2730 no-

504 2770 634 2823 stro
650 2759 948 2823 Metello:
985 2771 1332 2843 utrumque
1361 2760 1493 2846 egit
1531 2760 1833 2845 graviter,
1864 2759 2239 2825 auctoritate
2268 2768 2333 2824 et
2360 2758 2565 2823 offen·-

506 2853 683 2917 sione
728 2851 924 2915 animi
973 2874 1106 2917 non
1151 2853 1402 2918 acerba.
1493 2874 1693 2935 quam
1727 2852 1812 2917 ob
1856 2875 1993 2917 rem
2035 2854 2315 2939 primum
2332 2852 2565 2917 danda
2606 2876 2661 2917 *es

505 2966 702 3029 opera
737 2953 834 3008 est
866 2966 950 3009 ne
979 2966 1108 3028 qua
1135 2944 1484 3010 amicorum
1512 2945 1783 3010 discidia
1809 2946 1995 3023 fiant3
2032 2947 2133 3010 sin
2167 2947 2295 3012 tale
2324 2946 2561 3030 aliquid

506 3036 819 3112 evenerit,
873 3047 948 3101 ut
983 3037 1335 3105 exstinctae
1379 3039 1592 3123 potius
1637 3038 1955 3105 amicitiae
1991 3061 2186 3124 quam
2222 3062 2565 3127 oppressae

503 3131 864 3196 videantur.
925 3130 1283 3197 cavendum
1317 3155 1471 3199 vero
1506 3156 1588 3199 ne
1624 3134 1818 3199 etiam
1848 3134 1918 3199 in
1952 3136 2168 3221 gravis
2201 3136 2565 3201 inimicitias

505 3234 880 3303 convertant
913 3247 984 3291 se
1010 3225 1347 3305 amicitiae,
1386 3249 1467 3292 ex
1491 3227 1725 3311 quibus
1751 3228 1982 3316 iurgia,
2018 3230 2378 3306 maledicta,
2415 3252 2567 3295 con-

504 3318 804 3385 tumeliae
857 3318 1240 3405 gignuntur3
1302 3343 1470 3406 quae
1532 3332 1751 3389 tamen
1813 3324 1867 3389 si
1930 3324 2292 3389 tolerabiles
2358 3333 2564 3399 erunt,

505 3413 816 3479 ferundae
859 3425 1010 3479 sunt
1053 3426 1119 3479 et
1161 3415 1267 3481 hic
1310 3416 1514 3481 honos
1558 3418 1761 3484 veteri
1804 3417 2122 3483 amicitiae
2166 3414 2564 3493 tribuendus,

505 3518 579 3573 ut
610 3508 668 3572 is
692 3507 761 3572 in
787 3508 978 3594 culpa
1004 3508 1107 3587 sit,
1143 3510 1258 3593 qui
1281 3509 1498 3587 faciat,
1531 3533 1664 3575 non
1690 3512 1767 3589 is,
1803 3511 1916 3595 qui
1941 3511 2221 3596 patiatur
2246 3510 2564 3574 iniuriam.

638 3600 926 3667 Omnino
960 3604 1246 3669 omnium
1279 3604 1512 3670 horum
1554 3606 1855 3672 vitiorum
1894 3615 2088 3689 atque
2130 3604 2568 3669 incommodo-

507 3719 652 3761 rum
686 3719 816 3763 una
851 3698 1062 3763 cautio
1098 3709 1198 3764 est
1232 3710 1424 3785 atque
1459 3721 1592 3764 una
1624 3699 1935 3785 provisi0,
1980 3712 2055 3765 ut
2087 3721 2171 3765 ne
2214 3698 2403 3763 nimis
2440 3698 2567 3763 cito

510 3791 774 3875 diligere
824 3792 1133 3878 incipiant
1183 3816 1351 3860 neve.
1398 3812 1532 3859 non
1575 3794 1827 3879 dignos.
1917 3794 2096 3880 digni
2149 3804 2365 3859 autem
2418 3801 2567 3858 sunt
2609 3814 2665 3856 το

509 3885 808 3964 amicitia,
835 3888 1069 3971 quibus
1099 3889 1170 3953 in
1193 3888 1350 3974 ipsis
1373 3889 1542 3955 inest
1567 3910 1765 3954 causa
1790 3910 1905 3953 cur
1932 3887 2297 3975 diligantur.
2351 3908 2567 3953 rarum

510 3978 744 4065 genusl
801 3992 865 4047 et
907 3984 1171 4066 quidem
1215 3985 1431 4050 omnia
1475 3984 1805 4070 praeclara
1846 4006 2021 4064 rara,
2066 4006 2187 4051 nec
2223 3983 2568 4070 quicquam

511 4073 832 4141 difficilius
877 4096 1072 4159 quam
1115 4080 1392 4165 reperire
1439 4079 1614 4165 quod
1658 4079 1739 4145 sit
1782 4078 1955 4145 omni
1999 4102 2082 4147 ex
2120 4091 2303 4167 parte
2346 4079 2416 4145 in
2452 4100 2568 4145 suo
