3292 4559
1069 263 1176 318 DE
1215 258 1544 349 Orneus
1579 263 1628 318 1.
1668 255 1973 321 112—1182
2466 245 2555 330 35

495 411 696 476 quam
725 387 986 454 minime
1019 385 1320 452 indecore
1355 386 1568 452 facere
1602 385 1943 471 possimne,
1978 406 2099 450 nec
2134 394 2266 450 tam
2302 393 2399 450 est
2426 384 2561 448 eni-

497 484 764 550 tendum
814 492 888 547 ut
938 481 1138 556 bona,
1189 501 1356 563 quae
1411 480 1596 546 nobis
1642 480 1793 545 data
1837 500 1971 544 non
2014 478 2173 556 sint,
2217 498 2562 581 sequamur

495 600 694 663 quam
724 587 798 641 ut
831 575 990 640 vitia
1023 575 1371 660 fugiamus.

625 672 732 736 Ac
776 669 1028 734 duabus
1072 668 1150 734 iis
1196 669 1514 754 personis,
1563 691 1725 752 quas
1771 691 1967 754 supra
2011 666 2175 744 dixi,
2221 665 2411 733 tertia
2444 666 2558 733 ad·
2586 655 2662 768 ἔξ

495 765 810 851 iungitur,
854 785 1050 848 quam
1096 784 1282 828 casus
1327 764 1528 847 aliqui
1561 774 1676 828 aut
1710 774 1962 848 tempus
1997 761 2277 846 inponit,
2330 771 2563 845 quarta

501 861 694 927 etiam
707 907 726 938 ,
782 880 980 942 quam
1031 858 1351 923 nobismet
1400 859 1525 942 ipsi
1567 857 1807 922 iudicio
1851 867 2069 922 nostro
2116 855 2563 922 accommodae

409 946 413 950 ’
498 977 664 1019 mus.
751 975 902 1018 nam
937 974 1166 1038 regna,
1200 952 1500 1036 imperia,
1546 951 1879 1028 nobilitas,
1915 949 2222 1025 honoreS,
2270 947 2565 1024 divitiae,

500 1069 656 1132 opes
692 1067 916 1130 eaque,
962 1067 1128 1129 quae
1163 1057 1315 1110 sunt
1347 1046 1446 1110 his
1484 1045 1829 1122 contraria,
1864 1043 1934 1109 in
1969 1065 2123 1110 casu
2160 1043 2283 1108 sita
2316 1053 2563 1127 tempo-
2622 1097 2626 1101 .

497 1141 678 1206 ribus
727 1139 1199 1225 gubernantur-3
1250 1139 1374 1224 ipsi
1427 1149 1646 1204 autem
1697 1160 1921 1224 gerere
1974 1158 2171 1220 quam
2218 1157 2563 1223 personam

499 1235 770 1300 velimus
783 1281 802 1311 ,
848 1257 889 1298 a
931 1244 1148 1298 nostra
1191 1235 1520 1299 voluntate
1563 1233 2009 1318 proficiscitur.
2094 1233 2313 1316 itaque
2351 1253 2419 1296 se
2456 1229 2565 1296 alii

499 1329 586 1394 ad
635 1327 1133 1413 philosophiam,
1181 1328 1292 1392 alii
1333 1328 1418 1393 ad
1460 1328 1561 1392 ius
1607 1328 1825 1406 civile,
1871 1328 1979 1392 alii
2015 1328 2099 1392 ad
2131 1326 2564 1410 eloquentiam

495 1422 852 1508 adplicant,
896 1422 1314 1508 ipsarumque
1357 1423 1671 1488 virtutum
1712 1423 1783 1488 in
1817 1423 1942 1488 alia
1977 1422 2139 1488 alius
2176 1421 2417 1486 mavolt
2452 1443 2565 1486 ex-

501 1517 750 1582 cellere.
839 1538 1114 1625 quorum
1160 1539 1316 1582 vero
1361 1528 1576 1602 patres
1623 1528 1737 1582 aut
1780 1518 2053 1582 maiores
2099 1516 2317 1598 aliqua
2358 1514 2566 1600 gloria
2592 1539 2669 1579 116

497 1609 968 1695 praestiterunt,
1003 1611 1050 1674 ii
1085 1612 1343 1676 student
1375 1613 1755 1696 plerumque
1792 1609 2070 1676 eodem
2053 1633 2121 1674 ιιι
2154 1615 2391 1694 g’enere
2426 1609 2565 1674 lau-

499 1704 601 1768 dis
654 1705 994 1780 excellere,
1047 1717 1121 1770 ut
1164 1704 1252 1786 Q.
1285 1706 1550 1770 Mucius
1595 1705 1679 1770 Ρ.
1721 1705 1768 1770 f.
1822 1706 1892 1769 in
1935 1706 2074 1770 iure
2120 1703 2321 1777 civili,
2372 1701 2569 1766 Pauli

497 1798 668 1862 filius
724 1798 1136 1863 Africanus
1117 1822 1187 1862 ιιι
1237 1822 1308 1863 re
1363 1800 1638 1863 militari.
1728 1799 1991 1882 quidam
2044 1807 2261 1864 autem
2311 1796 2396 1860 ad
2452 1817 2565 1860 eas

499 1891 754 1968 laudes,
819 1913 982 1976 quas
1037 1914 1076 1956 a
1139 1892 1430 1977 patribus
1493 1904 1909 1978 acceperunt,
1974 1891 2220 1956 addunt
2282 1891 2567 1974 aliquam

497 2007 715 2060 suam,
760 1998 834 2049 ut
867 1984 970 2049 hic
1004 1985 1178 2051 idem
1213 1985 1564 2050 Africanus
1601 1987 1963 2071 eloquentia
1998 1985 2349 2051 cumulavit
2381 1983 2565 2049 belli-

502 2101 648 2144 cam
679 2079 974 2164 gloriam,
1009 2080 1184 2163 quod
1218 2079 1394 2146 idem
1426 2080 1580 2147 fecit
1614 2081 2011 2156 Timotheus,
2050 2077 2336 2145 Cononis
2371 2077 2565 2154 filius,

499 2173 644 2258 qui,
682 2195 831 2239 cum
866 2174 1018 2240 belli
1050 2175 1242 2240 laude
1277 2197 1410 2241 non
1443 2175 1706 2242 inferior
1738 2176 1966 2242 fuisset
2002 2197 2198 2259 quam
2232 2186 2444 2260 pater,
2482 2173 2563 2238 ad

497 2289 646 2334 eam
706 2268 966 2334 laudem
1032 2269 1358 2347 doctrinae
1422 2281 1486 2335 et
1535 2270 1781 2356 ingenii
1831 2271 2103 2357 gloriam
2154 2269 2407 2335 adiecit.
2494 2269 2567 2333 fit

495 2375 720 2428 autem
760 2363 1084 2429 interdum
1130 2374 1200 2428 ut
1232 2387 1366 2430 non
1398 2366 1560 2430 nulli
1594 2366 1830 2432 omissa
1862 2365 2214 2432 imitatione
2250 2365 2566 2430 maiorum

497 2478 694 2522 suum
737 2458 1066 2542 quoddam
1101 2460 1464 2526 institutum
1501 2472 2007 2545 consequantur,
2050 2459 2462 2544 maximeque
2496 2459 2565 2523 in

500 2573 580 2618 eo
613 2552 991 2638 plerumque
1028 2554 1359 2620 elaborant
1391 2555 1460 2632 ii,
1494 2550 1607 2638 qui
1644 2579 1883 2642 magna
1908 2555 2032 2620 sibi
2057 2564 2425 2641 proponunt
2450 2553 2566 2618 ob-

495 2646 703 2711 scuris
738 2646 862 2712 orti
893 2647 1262 2714 maioribus.
1319 2649 1480 2715 haec
1513 2650 1711 2735 igitur
1744 2650 1979 2727 omnia,
2015 2672 2166 2716 cum
2198 2647 2563 2732 quaerimus
2592 2662 2668 2702 11⁷

502 2740 662 2824 quid
696 2741 940 2818 deceat,
978 2744 1296 2828 conplecti
1332 2744 1544 2810 animo
1581 2755 1647 2810 et
1680 2745 2067 2830 cogitatione
2104 2744 2431 2809 debemus.
2496 2743 2566 2806 in

499 2833 721 2918 primis
757 2846 974 2900 autem
1009 2838 1525 2903 constituendum
1559 2849 1658 2903 est
1674 2885 1695 2914 ,
1729 2858 1892 2922 quos
1925 2859 2045 2903 nos
2080 2848 2145 2902 et
2177 2836 2387 2920 qualis
2424 2858 2564 2900 esse

503 2926 774 2992 velimus
837 2938 902 2992 et
951 2928 1020 2991 in
1072 2951 1202 3012 quo
1254 2954 1491 3016 genere
1544 2932 1749 3008 vitae3
1820 2953 1987 3016 quae
2039 2929 2412 2996 deliberatio
2468 2940 2565 2996 est

501 3021 792 3085 omnium
827 3021 1228 3089 difficillima·
1274 3026 1536 3092 ineunte
1571 3026 1743 3091 enim
1778 3023 2240 3102 adulescentia,
2286 3047 2435 3090 cum
2468 3039 2567 3090 est

503 3115 786 3182 maxima
827 3116 1208 3184 inbecillitas
1253 3120 1529 3197 consilii,
1571 3131 1712 3186 tum
1755 3121 1825 3184 id
1866 3119 1990 3186 sibi
2042 3120 2328 3206 quisque
2357 3141 2565 3205 genus

499 3209 730 3276 aetatis
794 3210 1126 3296 degendae
1191 3214 1548 3292 constituit,
1621 3215 1798 3298 quod
1864 3215 2141 3281 maxime
2211 3214 2563 3292 adamavit3

503 3305 722 3387 itaque
766 3314 914 3369 ante
959 3305 1302 3390 inplicatur
1345 3308 1559 3392 aliquo
1605 3320 1779 3374 certo
1822 3331 2058 3394 genere
2104 3329 2425 3390 cursuque
2468 3306 2565 3372 vi-

505 3397 700 3464 vendi
732 3418 929 3480 quam
961 3400 1198 3484 potuit,
1243 3402 1418 3484 quod
1453 3403 1769 3489 optimum
1804 3413 1999 3478 esset,
2036 3401 2339 3466 iudicare.
2412 3423 2562 3466 nam
2589 3429 2667 3468 ns

497 3491 681 3576 quod
715 3493 1066 3560 Herculem
1099 3494 1416 3562 Prodicus
1462 3497 1646 3574 dicit,
1692 3507 1765 3561 ut
1811 3507 1909 3562 est
1950 3495 2125 3581 apud
2159 3494 2563 3580 Xenophon-

505 3599 666 3662 tem,
703 3609 850 3652 cum
885 3587 1164 3674 primum
1194 3592 1603 3676 pubesceret,
1638 3591 1815 3674 quod
1850 3602 2104 3677 tempus
2140 3613 2181 3655 a
2214 3599 2447 3654 natura
2480 3589 2565 3654 ad

508 3681 942 3766 deligendum,
977 3704 1172 3766 quam
1206 3685 1480 3770 quisque
1515 3686 1691 3751 viam
1726 3684 1983 3751 vivendi
2018 3683 2102 3750 sit
2134 3684 2561 3769 ingressurus,

505 3774 730 3839 datum
771 3787 899 3853 est,
943 3778 1150 3844 exisse
1191 3779 1260 3844 in
1293 3780 1701 3846 solitudinem
1736 3790 1927 3863 atque
1961 3779 2056 3844 ibi
2090 3778 2416 3846 sedentem
2452 3775 2563 3842 diu

503 3888 728 3932 secum
777 3871 1177 3957 multumque
1231 3873 1558 3940 dubitasse
1571 3921 1592 3952 ,
1647 3896 1795 3940 cum
1849 3873 2010 3938 duas
2064 3881 2351 3938 cerneret
2401 3871 2560 3946 vias,

509 3983 705 4025 unam
739 3961 1128 4049 VoluptatiS,
1165 3968 1430 4033 alteram
1464 3969 1737 4035 Virtutis
1750 4015 1769 4044 ‚
1805 3979 2017 4034 utram
2048 3965 2300 4052 ingredi
2332 3964 2561 4030 melius

506 4072 700 4137 esset,
734 4060 858 4126 hoe
885 4064 1174 4140 Herculi,
1210 4070 1228 4099 ‘
1241 4063 1415 4129 Iovis
1451 4075 1595 4130 satu
1623 4063 1836 4141 edito,'
1872 4063 2079 4149 potuit
2114 4063 2385 4210 fortagse
2412 4081 2563 4125 con-

2332 4165 2359 4194 0

2956 624 2962 633 ”
2983 589 2986 596 .
2981 525 2986 568 n.
2956 231 2986 506 *rm-*2424
2956 200 2968 213 '
