3292 4559
984 262 1092 315 DE
1124 260 1226 315 RE
1261 260 1604 317 PUBLIOA
1638 262 1715 315 11.
1754 262 1999 317 34—39.
2150 248 2153 251 ’
2374 250 2513 316 ‘189

415 404 919 468 numerumque
937 382 1305 469 duplicavit.
1351 382 1754 471 post[quam]
1779 384 1947 449 bello
1968 383 2224 470 subegit
2245 386 2517 469 Aequo-

419 502 588 545 rum
629 495 932 565 magnam
964 488 1226 563 gentem
1261 489 1327 543 et
1358 479 1643 545 >ferocem
1674 490 1737 543 et
1764 479 1957 544 rebus
1985 480 2208 564 populi
2234 479 2515 545 Romani

421 574 908 639 imminentem.
994 572 1298 655 idemque
1349 571 1630 637 Sabinos
1678 595 1825 638 cum
1873 596 1913 636 a
1956 574 2292 639 moenibus
2336 575 2514 640 urbis

419 668 856 754 reppulisset,
903 667 1194 750 equitatu
1225 664 1418 731 ‘fudit'
1448 666 1751 751 belloque
1785 667 2042 733 devicit.
2128 679 2323 753 atque
2358 687 2515 733 eun-

419 764 590 826 dem
627 762 910 847 primum
942 760 1132 831 ludos
1169 761 1514 839 maximos,
1549 763 1665 846 qui
1700 762 1978 827 Romani
2014 762 2165 825 dicti
2202 774 2383 839 sunt,
2418 762 2517 829 fe·-

421 860 608 921 cisse
676 856 1071 940 accepimus,
1137 854 1492 938 aedemque
1553 855 1626 919 111
1687 853 2008 941 Capitolio
2069 856 2213 919 Iovi
2273 857 2513 942 optimo
2567 872 2575 879 “

421 950 730 1014 maximo
754 950 924 1013 bello
947 946 1193 1014 Sabino
1217 948 1286 1012 in
1309 949 1456 1033 ipsa
1485 970 1709 1035 pugna
1724 948 1977 1014 vovisse
1992 948 2253 1032 facient·
2290 947 2385 1035 [p.
2406 950 2511 1013 31.

425 1044 596 1107 dam
641 1055 1096 1126 mortuumque
1133 1064 1307 1119 esse,
1355 1064 1505 1107 cum
1540 1043 1669 1109 duo
1707 1042 1791 1107 de
1824 1043 2251 1129 quadraginta
2284 1066 2515 1129 regna·-

425 1137 646 1201 visset
681 1136 928 1201 annos!

571 1231 750 1295 Tum
800 1230 1098 1296 Laeliusx
1155 1238 1356 1295 ‘nunc
1407 1230 1484 1295 fit
1533 1230 1696 1294 illud
1752 1228 2022 1295 Catonis
2075 1231 2354 1341 certius,
2390 1252 2511 1297 nec
2546 1214 2615 1269 21

427 1326 750 1411 temporis
794 1325 1004 1389 unius
1025 1345 1150 1390 nec
1194 1324 1470 1389 hominis
1515 1344 1656 1389 esse
1704 1325 2219 1391 constitutionem
2265 1326 2359 1390 rei
2390 1348 2513 1411 pu-

428 1421 678 1486 blicae:
732 1420 1143 1505 perspicuum
1195 1429 1292 1485 est
1347 1418 1516 1485 enim
1569 1430 1813 1503 quanta
1862 1420 1933 1484 in
1984 1420 2271 1505 singulos
2322 1442 2509 1506 reges

431 1538 659 1580 rerum
712 1515 1028 1579 bonarum
1083 1525 1148 1579 et
1201 1514 1454 1579 utilium
1505 1513 1621 1578 fiat
1676 1514 1975 1579 accessio,
2066 1515 2179 1579 sed
2224 1516 2512 1599 sequitur

431 1610 524 1685 is,
581 1608 696 1693 qui
745 1608 904 1673 mihi
956 1608 1212 1674 videtur
1263 1631 1346 1673 ex
1399 1608 1696 1673 omnibus
1748 1608 1815 1672 in
1860 1631 1929 1673 re
1974 1609 2233 1694 publica
2274 1609 2509 1674 vidisse

431 1703 830 1789 plurimum?
922 1702 1131 1781 ‘itast,
1136 1703 1151 1730 '
1199 1702 1411 1786 inquit
1447 1702 1689 1788 Scipio·
1780 1708 1959 1767 ‘uam
1993 1712 2139 1787 post
2172 1724 2324 1768 eum
2360 1702 2511 1782 Ser-

435 1797 590 1861 vius
634 1796 904 1880 Tulfllius
957 1796 1203 1881 primus
1255 1797 1504 1862 iniussu
1555 1798 1781 1883 populi
1838 1797 2207 1883 regnavisse
2263 1796 2362 1884 [Ρ.
2404 1798 2507 1863 32.

436 1890 736 1965 traditur,
775 1910 968 1973 quem
1001 1890 1218 1955 ferunt
1252 1912 1334 1955 ex
1369 1912 1557 1959 serva
1593 1890 2053 1975 Tarquiniensi
2080 1902 2324 1969 natum,
2362 1913 2511 1959 cum

439 1995 615 2049 esset
659 2006 741 2048 ex
781 1984 1064 2067 quodam
1105 1985 1276 2071 regis
1319 1986 1551 2051 cliente
1603 1997 1971 2071 conceptus.
2060 1986 2173 2072 qui
2216 2010 2367 2051 cum
2412 1988 2511 2051 fa-

439 2080 766 2143 mulorum
801 2082 871 2142 in
904 2100 1174 2143 numero
1222 2080 1530 2145 educatus
1567 2080 1652 2145 ad
1687 2078 1909 2166 epulas
1944 2081 2116 2167 regis
2152 2082 2507 2157 adsisteret,

445 2197 580 2239 non
624 2173 812 2238 latuit
864 2173 1140 2238 scintilla
1191 2174 1464 2259 ingenii,
1521 2196 1689 2258 quae
1738 2175 1871 2239 iam
1924 2186 2063 2241 tum
2106 2176 2399 2241 elucebat
2441 2176 2509 2240 in

439 2288 670 2353 puero:
719 2266 810 2331 sic
856 2279 990 2333 erat
1036 2267 1106 2331 in
1148 2269 1324 2332 omni
1370 2270 1474 2333 vel
1521 2268 1737 2334 officio
1782 2270 1886 2335 vel
1929 2292 2241 2335 sermone·
2268 2270 2506 2335 sollers,

439 2363 662 2444 itaque
713 2360 1137 2445 Tarquinius,
1203 2364 1314 2446 qui
1369 2363 1717 2428 admodum
1768 2386 2001 2449 parvos
2054 2375 2191 2429 tum
2244 2364 2509 2429 haberet

440 2454 698 2532 liberos,
718 2456 810 2519 sic
829 2454 1128 2523 Servium
1147 2457 1474 2543 diligebat,
1493 2468 1566 2523 ut
1583 2458 1638 2521 is
1658 2458 2006 2544 eiusfvolgo
2024 2454 2240 2541 halbe-
2260 2456 2505 2545 [p.291.

442 2559 620 2614 retur
659 2548 829 2614 filius
843 2597 860 2625 ,
907 2560 1103 2634 atque
1149 2574 1298 2617 eum
1335 2574 1584 2617 summo
1631 2552 1845 2617 studio
1890 2552 2185 2617 omnibus
2230 2551 2309 2617 iis
2356 2552 2507 2616 arti-

444 2644 588 2719 bus,
624 2665 786 2727 quas
818 2644 960 2729 ipse
995 2644 1328 2721 didicerat,
1375 2646 1459 2709 ad
1496 2646 2062 2729 exquisitissimam
2098 2644 2507 2711 consuetudi-

445 2760 594 2801 nem
648 2734 1048 2802 Graecorum
1101 2739 1353 2803 erudiit.
1456 2740 1572 2803 sed
1623 2760 1775 2803 oum
1818 2740 2209 2823 Tarquinius
2260 2738 2505 2802 insidiis
2548 2756 2602 2797 as

449 2830 619 2893 Anci
651 2829 928 2893 filiorum
959 2831 1280 2895 interisset
1297 2829 1725 2913 '‘Serviusque,
1759 2843 1837 2897 ut
1870 2844 2020 2898 ante
2047 2834 2201 2910 dixi,
2236 2854 2505 2918 regnare

453 2924 760 3008 coepisset
791 2944 926 2989 11011
957 2924 1157 3001 iussu,
1195 2925 1308 2989 sed
1336 2926 1665 2990 voluntate
1695 2937 1887 3009 atque
1914 2948 2223 2992 concessu
2249 2926 2505 3003 civium,

454 3018 650 3103 quod,
699 3038 846 3082 cum
882 3018 1272 3102 Tarquinius
1318 3042 1398 3083 ex
1433 3020 1691 3085 volnere
1728 3019 1939 3105 aelger
1972 3021 2170 3087 fuisse
2228 3019 2318 3107 [p.
2356 3022 2504 3085 292.

455 3126 520 3179 et
565 3113 778 3178 vivere
831 3112 994 3177 falso
1050 3113 1394 3192 diceretur,
1447 3114 1555 3179 ille
1598 3115 1778 3200 regio
1824 3126 2053 3180 ornatu
2096 3115 2197 3180 ius
2242 3115 2507 3183 dixisset

455 3208 910 3291 obaeratosque
927 3280 934 3286 ,
953 3209 1230 3293 pecunia
1283 3230 1400 3273 sua
1454 3209 1882 3288 liberavisset,
1934 3211 2264 3293 multaque
2310 3211 2505 3277 comi-

455 3312 578 3368 tate
621 3325 775 3367 usus
817 3302 997 3367 iussu
1033 3302 1367 3387 Tarquinii
1413 3326 1482 3369 se
1515 3304 1616 3368 ius
1654 3305 1867 3369 dicere
1898 3306 2326 3390 probavisset,
2372 3330 2499 3371 non

458 3395 766 3462 commisit
800 3419 870 3461 se
905 3396 1218 3481 patribus,
1255 3399 1368 3463 sed
1404 3398 1756 3481 Tarquinio
1792 3400 2042 3483 sepulto
2077 3400 2389 3484 populum
2423 3399 2504 3463 de

458 3514 524 3557 se
563 3490 696 3575 ipse
748 3491 1095 3567 consuluit,
1148 3490 1488 3575 iussusque
1540 3514 1809 3577 regnare
1854 3494 2067 3579 legem
2112 3493 2193 3557 de
2236 3494 2504 3577 imperio

457 3607 567 3649 suo
602 3584 910 3649 curiatam
945 3586 1108 3650 tulit.
1173 3598 1238 3651 et
1271 3587 1550 3671 primum
1585 3584 2010 3653 Etruscorum
2042 3588 2307 3653 iniurias
2334 3589 2503 3653 bello

461 3691 551 3744 est
581 3681 770 3756 ultus,
807 3702 889 3743 ex
925 3701 1053 3764 quo
1089 3702 1240 3745 cum
1273 3704 1380 3745 ma
1415 3681 1450 3716 *
1487 3682 1524 3717 *
1559 3680 1596 3717 ⁴¹*

963 3772 1447 3860 [Desiderantur
1470 3779 1748 3862 payinae·
1781 3773 1989 3862 duaa]

582 3870 614 3904 ⁴*
648 3870 682 3904 ⁴⁸*
719 3869 754 3904 *
777 3870 785 3953 Ι
808 3870 937 3935 duo
973 3870 1055 3935 de
1091 3869 1321 3955 viginti
1357 3892 1556 3935 censu
1591 3870 1895 3936 maximo·
1967 3870 2199 3936 deinde
2235 3867 2334 3957 [Ρ.
2354 3871 2497 3935 107.
2534 3859 2605 3913 22
2720 3878 2731 3884 ’

465 3960 735 4043 equitum
763 3985 998 4049 magno
1033 3986 1300 4029 numero
1335 3988 1418 4029 ex
1441 3965 1628 4029 omni
1664 3966 1884 4076 ΡοΡ1111
1921 3988 2170 4031 summa
2205 3978 2499 4050 separato
2544 3932 2595 3971 3⁹

462 4054 762 4139 reliquum
794 4060 1105 4143 populum
1142 4058 1516 4123 distribuit
1496 4083 1565 4124 m
1601 4061 1885 4145 quinque
1930 4059 2149 4126 classis
2187 4061 2499 4126 seniores-
