3292 4559
668 2260 720 2300 10

664 4035 718 4075 :11

764 214 893 281 298
1374 226 1451 279 Μ.
1488 224 1764 282 TULLII
1798 222 2200 283 CICERONIS

762 352 968 417 vium
1022 358 1321 426 escunt,
1376 371 1612 416 oenus
1668 370 1756 415 ne
1809 348 2140 435 amplius
2193 371 2326 414 sex
2375 372 2720 428 menses,
2777 351 2842 417 si

764 456 1072 513 senatus
1118 444 1484 521 creverit,
1538 443 1740 508 idem
1783 443 1976 508 iuris
2023 443 2226 526 quod
2271 443 2420 509 duo
2463 446 2844 511 consules

761 549 1049 616 tenete,
1084 538 1304 623 isque
1338 560 1477 605 ave
1512 538 1835 603 sinistra
1868 537 2124 604 dictus
2157 539 2430 626 populi
2455 539 2843 626 magister

762 643 952 700 esto:
1006 633 1593 717 equitatumque
1645 632 1777 716 qui
1827 642 2052 717 regat
2100 632 2386 698 habeto
2435 634 2614 720 pari
2663 634 2840 702 iure

763 749 929 794 cum
964 750 1081 804 e0,
1116 728 1577 813 quicumque
1610 725 1764 791 erit
1797 726 1987 792 iuris
2025 726 2524 813 disceptator.

892 825 1039 890 Ast
1088 822 1397 909 quando
1447 823 1806 909 consules
1853 823 2326 911 magisterve
2370 822 2651 909 populi
2695 846 2839 889 nec

764 930 1062 996 escunt,
1114 918 1397 1004 reliqui
1447 917 1954 1004 magistratus
2005 940 2096 983 ne
2149 928 2404 983 sunto:
2479 917 2838 1004 auspicia.

763 1024 1061 1099 patrum
1106 1024 1361 1089 sunto,
1406 1012 1700 1096 ollique
1735 1032 1821 1079 ec
1855 1034 1933 1077 se
1968 1011 2382 1097 produnto,
2427 1013 2560 1096 qui
2582 1013 2840 1078 -comi-

764 1106 959 1173 tiatu
992 1128 1257 1172 creare
1292 1106 1651 1172 consules
1687 1106 1837 1172 rite
1871 1106 2186 1193 possiet.

890 1201 1253 1287 Imperia,
1294 1211 1754 1287 potestates,
1800 1200 2269 1286 legationes,
2314 1222 2482 1266 cum
2516 1212 2834 1267 senatus

763 1298 1088 1363 creverit
1151 1297 1585 1381 populusve
1647 1296 2001 1371 iusserit,
2065 1318 2158 1361 ex
2219 1295 2408 1361 urbe
2461 1308 2832 1373 exeunto‚

762 1392 1017 1456 duella
1048 1392 1257 1455 iusta
1290 1390 1493 1456 iuste
1526 1401 1884 1476 gerunto,
1919 1390 2152 1455 sociis
2186 1400 2596 1476 parcunto,
2643 1413 2726 1457 se
2761 1402 2832 1455 et

762 1506 939 1549 suos
976 1484 1451 1560 contineam,
1486 1485 1757 1572 populi
1790 1484 1908 1549 sui
1942 1484 2268 1569 gloriam
2303 1495 2672 1570 augent0,
2709 1484 2832 1549 do-

761 1600 959 1643 mum
990 1600 1158 1643 cum
1192 1578 1421 1643 laude
1456 1578 1852 1643 redeunte.

889 1672 1031 1737 Rei
1064 1695 1245 1738 suae
1282 1692 1466 1759 ergo
1502 1694 1593 1737 ne
1628 1671 1800 1755 quis
1833 1673 2139 1758 legatus
2174 1682 2358 1737 esto.

890 1766 1171 1833 Plebes
1232 1788 1419 1851 quos
1476 1787 1609 1853 pro
1663 1788 1742 1831 se
1795 1778 2062 1831 contra
2112 1766 2261 1831 vim
2314 1764 2592 1832 auxilii
2647 1786 2832 1851 ergo

762 1861 1020 1927 decem
1072 1861 1431 1939 creassit,
1486 1861 1555 1927 ei
1604 1860 1898 1927 tribuni
1951 1860 2117 1926 eius
2161 1870 2414 1937 sunt0,
2467 1860 2830 1945 quodque

760 1955 816 2019 ii
876 1955 1405 2041 prohibessint
1466 1955 1824 2041 quodque
1873 1954 2174 2041 plebem
2224 1955 2647 2039 rogassint,
2709 1978 2829 2019 ra-

762 2060 919 2113 tum
971 2059 1167 2115 esto:
1229 2049 1635 2134 sanctique
1688 2060 1914 2115 sunto
1964 2071 2159 2115 neve
2211 2047 2515 2136 plebem
2567 2049 2828 2115 orbam

762 2144 1116 2210 tribunis-
1147 2144 1672 2229 relinquuntO.

892 2236 1174 2305 Omnes
1245 2239 1748 2325 magistratus
1810 2237 2238 2323 auspicium
2295 2237 2824 2323 iudiciumque

763 2332 1122 2411 habente,
1158 2354 1407 2416 exque
1440 2332 1504 2397 is
1540 2343 1853 2397 senatus
1889 2344 2083 2398 esto:
2121 2332 2285 2397 eius
2322 2332 2638 2399 decreta
2659 2345 2822 2398 rata

764 2436 1006 2491 sunto.
1104 2437 1221 2491 ast
1290 2435 1636 2511 potestas
1707 2449 1844 2512 par
1911 2428 2246 2493 maiorve
2315 2426 2820 2515 prohibessit,

760 2517 1189 2603 perscripta
1224 2529 1603 2583 servante.

887 2611 964 2677 Is
1000 2612 1182 2677 ordo
1218 2611 1411 2677 vitio
1446 2623 1751 2690 vacato,
1787 2614 2073 2681 ceteris
2109 2615 2494 2702 specimen
2531 2626 2718 2680 esto.

893 2704 1205 2774 Creatio
1254 2708 1876 2795 magistratuum,
1929 2709 2221 2777 iudicia
2265 2710 2563 2796 populi,
2614 2709 2818 2774 iussa

760 2803 1001 2868 vetita
1050 2825 1213 2869 cum
1256 2802 1641 2890 suffragio
1687 2804 2245 2881 cosciscentur,
2301 2802 2819 2889 optumatibus

762 2908 970 2973 nota,
1005 2898 1212 2983 plebi
1249 2897 1497 2964 libera
1532 2908 1769 2963 sunto·

890 2991 1035 3055 Ast
1071 2991 1254 3077 quid
1290 2993 1465 3069 erit,
1504 2992 1705 3075 quod
1741 3003 1958 3057 extra
1997 2993 2494 3079 magistratus
2531 2992 2819 3057 coer-ari

763 3106 985 3148 cesus
1048 3086 1175 3163 sit,
1239 3087 1368 3169 qui
1428 3097 1687 3155 coeret
1737 3086 2067 3173 populus
2119 3098 2376 3153 creato
2426 3086 2654 3170 eique
2706 3087 2819 3152 ius

762 3178 1125 3242 coerandi
1160 3179 1355 3245 dato.

894 3267 1084 3337 Cum
1118 3275 1401 3359 populo
1437 3274 1945 3361 patribusque
1981 3275 2258 3361 agendi
2291 3274 2410 3339 ius
2443 3283 2612 3339 esto
2645 3294 2818 3338 eon-

762 3366 941 3444 suli,
992 3368 1368 3453 praetori,
1421 3368 1791 3455 magistro
1845 3369 2111 3455 populi
2164 3370 2664 3454 equitumque
2717 3368 2818 3433 ei-

760 3482 935 3545 que,
996 3482 1217 3545 quem
1277 3473 1533 3549 patres
1595 3462 1932 3549 produnt
1993 3466 2392 3529 consulum
2440 3462 2816 3548 rogando-

760 3577 921 3619 rum
957 3576 1166 3641 erg03
1202 3555 1722 3640 tribunisque,
1755 3577 1946 3646 quos
1983 3557 2130 3622 sibi
2166 3557 2432 3643 plebes
2467 3558 2814 3632 creassit,

760 3648 879 3712 ius
930 3659 1092 3713 esto
1146 3670 1311 3717 cum
1361 3650 1713 3735 patribus
1766 3651 2073 3738 agendi:
2127 3651 2324 3716 idem
2377 3650 2469 3715 ad
2521 3651 2812 3737 plebem

756 3740 961 3825 quod
995 3764 1217 3808 oesus
1252 3742 1403 3809 erit
1435 3743 1772 3811 fei-unte.

890 3834 1105 3917 Quae
1150 3859 1316 3902 cum
1358 3839 1643 3923 populo
1692 3859 2038 3923 quaeque
2081 3839 2156 3905 in
2199 3838 2553 3925 patribus
2589 3860 2814 3925 agen-

763 3938 911 4002 tur,
946 3931 1242 3996 modica
1276 3941 1523 3997 sunto·

892 4019 1279 4103 Senatori,
1324 4026 1453 4110 qui
1496 4047 1635 4091 nec
1679 4026 1955 4106 aderit,
2002 4037 2132 4093 aut
2167 4048 2399 4093 causa
2431 4037 2559 4092 aut
2597 4028 2816 4113 culpa
