<?xml version="1.0" encoding="UTF-8"?>
<!DOCTYPE html PUBLIC "-//W3C//DTD XHTML 1.0 Transitional//EN"
    "http://www.w3.org/TR/xhtml1/DTD/xhtml1-transitional.dtd">
<html xmlns="http://www.w3.org/1999/xhtml" xml:lang="en" lang="en">
 <head>
  <title>
</title>
<meta http-equiv="Content-Type" content="text/html;charset=utf-8" />
  <meta name='ocr-system' content='tesseract 3.04.00' />
  <meta name='ocr-capabilities' content='ocr_page ocr_carea ocr_par ocr_line ocrx_word'/>
</head>
<body>
  <div class='ocr_page' id='page_1' title='image "./mtulliiciceroni03unkngoog_0162.png"; bbox 0 0 3292 4559; ppageno 0'>
   <div class='ocr_carea' id='block_1_1' title="bbox 635 241 2184 334">
    <p class='ocr_par' dir='ltr' id='par_1_1' title="bbox 635 241 2184 334">
     <span class='ocr_line' id='line_1_1' title="bbox 635 241 2184 334; baseline -0.001 -2"><span class='ocrx_word' id='word_1_1' title='bbox 635 241 638 246; x_wconf 67' lang='grc'><strong>’</strong></span> <span class='ocrx_word' id='word_1_2' title='bbox 747 263 874 332; x_wconf 83' lang='lat'><strong>132</strong></span> <span class='ocrx_word' id='word_1_3' title='bbox 1357 275 1438 332; x_wconf 83' lang='lat' dir='ltr'><strong>M.</strong></span> <span class='ocrx_word' id='word_1_4' title='bbox 1474 274 1751 334; x_wconf 67' lang='lat' dir='ltr'><strong>Tuam</strong></span> <span class='ocrx_word' id='word_1_5' title='bbox 1782 270 2184 332; x_wconf 71' lang='lat' dir='ltr'>CICERONIS</span> 
     </span>
    </p>
   </div>
   <div class='ocr_carea' id='block_1_2' title="bbox 631 396 2813 4166">
    <p class='ocr_par' dir='ltr' id='par_1_2' title="bbox 631 396 2813 4166">
     <span class='ocr_line' id='line_1_2' title="bbox 743 396 2807 489; baseline -0.003 -19"><span class='ocrx_word' id='word_1_6' title='bbox 743 425 908 488; x_wconf 88' lang='lat' dir='ltr'><strong>quae</strong></span> <span class='ocrx_word' id='word_1_7' title='bbox 961 401 1248 489; x_wconf 78' lang='lat' dir='ltr'>gessisti,</span> <span class='ocrx_word' id='word_1_8' title='bbox 1310 413 1374 468; x_wconf 92' lang='lat' dir='ltr'><strong>et</strong></span> <span class='ocrx_word' id='word_1_9' title='bbox 1425 423 1532 479; x_wconf 83' lang='lat' dir='ltr'><strong>ea,</strong></span> <span class='ocrx_word' id='word_1_10' title='bbox 1595 422 1761 484; x_wconf 87' lang='lat' dir='ltr'><strong>quae</strong></span> <span class='ocrx_word' id='word_1_11' title='bbox 1813 396 2249 486; x_wconf 82' lang='lat' dir='ltr'><strong>pronuntiavi,</strong></span> <span class='ocrx_word' id='word_1_12' title='bbox 2305 397 2807 465; x_wconf 72' lang='lat' dir='ltr'><strong>accuratissume</strong></span> 
     </span>
     <span class='ocr_line' id='line_1_3' title="bbox 647 490 2809 585; baseline -0.002 -22"><span class='ocrx_word' id='word_1_13' title='bbox 647 515 716 556; x_wconf 61' lang='lat'><strong>23⁷</strong></span> <span class='ocrx_word' id='word_1_14' title='bbox 744 497 1108 585; x_wconf 78' lang='lat' dir='ltr'><strong>scripseris?</strong></span> <span class='ocrx_word' id='word_1_15' title='bbox 1158 497 1354 582; x_wconf 79' lang='lat' dir='ltr'><strong>quid?</strong></span> <span class='ocrx_word' id='word_1_16' title='bbox 1407 495 1693 581; x_wconf 87' lang='lat' dir='ltr'><strong>quaeris,</strong></span> <span class='ocrx_word' id='word_1_17' title='bbox 1732 491 2131 568; x_wconf 85' lang='lat' dir='ltr'><strong>Carneades,</strong></span> <span class='ocrx_word' id='word_1_18' title='bbox 2178 514 2295 557; x_wconf 87' lang='lat' dir='ltr'><strong>cur</strong></span> <span class='ocrx_word' id='word_1_19' title='bbox 2328 490 2490 558; x_wconf 86' lang='lat' dir='ltr'><strong>haec</strong></span> <span class='ocrx_word' id='word_1_20' title='bbox 2521 493 2616 558; x_wconf 82' lang='lat' dir='ltr'><strong>ita</strong></span> <span class='ocrx_word' id='word_1_21' title='bbox 2648 493 2809 558; x_wconf 89' lang='lat' dir='ltr'><strong>fiant</strong></span> 
     </span>
     <span class='ocr_line' id='line_1_4' title="bbox 743 586 2810 677; baseline -0.001 -21"><span class='ocrx_word' id='word_1_22' title='bbox 743 601 855 656; x_wconf 87' lang='lat' dir='ltr'><strong>aut</strong></span> <span class='ocrx_word' id='word_1_23' title='bbox 888 612 1018 675; x_wconf 89' lang='lat' dir='ltr'><strong>qua</strong></span> <span class='ocrx_word' id='word_1_24' title='bbox 1053 601 1188 656; x_wconf 86' lang='lat' dir='ltr'><strong>arte</strong></span> <span class='ocrx_word' id='word_1_25' title='bbox 1220 590 1497 677; x_wconf 82' lang='lat' dir='ltr'><strong>perspici</strong></span> <span class='ocrx_word' id='word_1_26' title='bbox 1530 587 1816 676; x_wconf 77' lang='lat' dir='ltr'><strong>possint?</strong></span> <span class='ocrx_word' id='word_1_27' title='bbox 1858 586 2103 653; x_wconf 86' lang='lat' dir='ltr'><strong>nescire</strong></span> <span class='ocrx_word' id='word_1_28' title='bbox 2138 609 2241 653; x_wconf 89' lang='lat' dir='ltr'><strong>me</strong></span> <span class='ocrx_word' id='word_1_29' title='bbox 2276 586 2512 664; x_wconf 86' lang='lat' dir='ltr'><strong>fateor,</strong></span> <span class='ocrx_word' id='word_1_30' title='bbox 2548 589 2810 654; x_wconf 86' lang='lat' dir='ltr'><strong>evenire</strong></span> 
     </span>
     <span class='ocr_line' id='line_1_5' title="bbox 743 682 2813 774; baseline -0.002 -22"><span class='ocrx_word' id='word_1_31' title='bbox 743 696 959 754; x_wconf 86' lang='lat' dir='ltr'><strong>autem</strong></span> <span class='ocrx_word' id='word_1_32' title='bbox 991 697 1056 752; x_wconf 89' lang='lat' dir='ltr'><strong>te</strong></span> <span class='ocrx_word' id='word_1_33' title='bbox 1089 687 1301 774; x_wconf 90' lang='lat' dir='ltr'><strong>ipsum</strong></span> <span class='ocrx_word' id='word_1_34' title='bbox 1337 686 1480 751; x_wconf 88' lang='lat' dir='ltr'><strong>dico</strong></span> <span class='ocrx_word' id='word_1_35' title='bbox 1514 686 1752 750; x_wconf 84' lang='lat' dir='ltr'><strong>videre.</strong></span> <span class='ocrx_word' id='word_1_36' title='bbox 1842 683 2053 748; x_wconf 87' lang='lat' dir='ltr'><strong>‘casu’</strong></span> <span class='ocrx_word' id='word_1_37' title='bbox 2088 683 2322 767; x_wconf 89' lang='lat' dir='ltr'><strong>inquis.</strong></span> <span class='ocrx_word' id='word_1_38' title='bbox 2402 682 2577 748; x_wconf 87' lang='lat' dir='ltr'><strong>itane</strong></span> <span class='ocrx_word' id='word_1_39' title='bbox 2611 683 2813 750; x_wconf 78' lang='lat' dir='ltr'><strong>vero?</strong></span> 
     </span>
     <span class='ocr_line' id='line_1_6' title="bbox 742 776 2809 867; baseline -0.001 -21"><span class='ocrx_word' id='word_1_40' title='bbox 742 782 1088 865; x_wconf 85' lang='lat' dir='ltr'><strong>quicquam</strong></span> <span class='ocrx_word' id='word_1_41' title='bbox 1134 791 1344 867; x_wconf 87' lang='lat' dir='ltr'><strong>potest</strong></span> <span class='ocrx_word' id='word_1_42' title='bbox 1379 801 1534 846; x_wconf 87' lang='lat' dir='ltr'><strong>casu</strong></span> <span class='ocrx_word' id='word_1_43' title='bbox 1570 801 1711 845; x_wconf 88' lang='lat' dir='ltr'><strong>esse</strong></span> <span class='ocrx_word' id='word_1_44' title='bbox 1745 779 2017 856; x_wconf 85' lang='lat' dir='ltr'><strong>factum,</strong></span> <span class='ocrx_word' id='word_1_45' title='bbox 2055 777 2230 862; x_wconf 88' lang='lat' dir='ltr'><strong>quod</strong></span> <span class='ocrx_word' id='word_1_46' title='bbox 2264 778 2472 842; x_wconf 89' lang='lat' dir='ltr'><strong>omnis</strong></span> <span class='ocrx_word' id='word_1_47' title='bbox 2507 776 2704 844; x_wconf 84' lang='lat' dir='ltr'><strong>habet</strong></span> <span class='ocrx_word' id='word_1_48' title='bbox 2736 778 2809 845; x_wconf 90' lang='lat' dir='ltr'><strong>in</strong></span> 
     </span>
     <span class='ocr_line' id='line_1_7' title="bbox 745 871 2807 958; baseline -0.001 -17"><span class='ocrx_word' id='word_1_49' title='bbox 745 897 812 940; x_wconf 89' lang='lat' dir='ltr'><strong>se</strong></span> <span class='ocrx_word' id='word_1_50' title='bbox 859 895 1158 941; x_wconf 86' lang='lat' dir='ltr'><strong>numeros</strong></span> <span class='ocrx_word' id='word_1_51' title='bbox 1201 874 1524 939; x_wconf 82' lang='lat' dir='ltr'><strong>veritatis?</strong></span> <span class='ocrx_word' id='word_1_52' title='bbox 1576 883 1877 958; x_wconf 87' lang='lat' dir='ltr'><strong>quattuor</strong></span> <span class='ocrx_word' id='word_1_53' title='bbox 1910 871 2023 938; x_wconf 86' lang='lat' dir='ltr'><strong>tali</strong></span> <span class='ocrx_word' id='word_1_54' title='bbox 2064 871 2215 936; x_wconf 88' lang='lat' dir='ltr'><strong>iacti</strong></span> <span class='ocrx_word' id='word_1_55' title='bbox 2258 890 2415 938; x_wconf 83' lang='lat' dir='ltr'><strong>casu</strong></span> <span class='ocrx_word' id='word_1_56' title='bbox 2450 871 2807 938; x_wconf 86' lang='lat' dir='ltr'><strong>Venerium</strong></span> 
     </span>
     <span class='ocr_line' id='line_1_8' title="bbox 745 964 2809 1052; baseline -0.001 -18"><span class='ocrx_word' id='word_1_57' title='bbox 745 968 1060 1034; x_wconf 84' lang='lat' dir='ltr'><strong>efficiunt:</strong></span> <span class='ocrx_word' id='word_1_58' title='bbox 1114 991 1274 1034; x_wconf 88' lang='lat' dir='ltr'><strong>num</strong></span> <span class='ocrx_word' id='word_1_59' title='bbox 1309 968 1500 1034; x_wconf 85' lang='lat' dir='ltr'><strong>etiam</strong></span> <span class='ocrx_word' id='word_1_60' title='bbox 1537 978 1795 1032; x_wconf 90' lang='lat' dir='ltr'><strong>centum</strong></span> <span class='ocrx_word' id='word_1_61' title='bbox 1829 964 2143 1033; x_wconf 84' lang='lat' dir='ltr'><strong>Venerios</strong></span> <span class='ocrx_word' id='word_1_62' title='bbox 2155 1013 2175 1044; x_wconf 91' lang='lat'><strong>,</strong></span> <span class='ocrx_word' id='word_1_63' title='bbox 2210 965 2265 1030; x_wconf 90' lang='lat' dir='ltr'><strong>si</strong></span> <span class='ocrx_word' id='word_1_64' title='bbox 2299 965 2809 1052; x_wconf 81' lang='lat' dir='ltr'><strong>quadringentos</strong></span> 
     </span>
     <span class='ocr_line' id='line_1_9' title="bbox 744 1061 2808 1148; baseline -0 -21"><span class='ocrx_word' id='word_1_65' title='bbox 744 1062 905 1130; x_wconf 85' lang='lat' dir='ltr'><strong>talos</strong></span> <span class='ocrx_word' id='word_1_66' title='bbox 933 1063 1177 1140; x_wconf 90' lang='lat' dir='ltr'><strong>ieceris,</strong></span> <span class='ocrx_word' id='word_1_67' title='bbox 1207 1085 1361 1128; x_wconf 86' lang='lat' dir='ltr'><strong>casu</strong></span> <span class='ocrx_word' id='word_1_68' title='bbox 1385 1062 1636 1128; x_wconf 86' lang='lat' dir='ltr'><strong>futuros</strong></span> <span class='ocrx_word' id='word_1_69' title='bbox 1662 1073 1851 1148; x_wconf 88' lang='lat' dir='ltr'><strong>putas</strong></span> <span class='ocrx_word' id='word_1_70' title='bbox 1864 1061 1895 1124; x_wconf 69' lang='grc' dir='ltr'><em>ἲ</em></span> <span class='ocrx_word' id='word_1_71' title='bbox 1919 1082 2179 1146; x_wconf 87' lang='lat' dir='ltr'><strong>aspersa</strong></span> <span class='ocrx_word' id='word_1_72' title='bbox 2206 1071 2445 1126; x_wconf 88' lang='lat' dir='ltr'><strong>temere</strong></span> <span class='ocrx_word' id='word_1_73' title='bbox 2470 1061 2808 1148; x_wconf 85' lang='lat' dir='ltr'><strong>pigmenta</strong></span> 
     </span>
     <span class='ocr_line' id='line_1_10' title="bbox 740 1155 2811 1244; baseline 0.001 -24"><span class='ocrx_word' id='word_1_74' title='bbox 740 1157 810 1220; x_wconf 91' lang='lat' dir='ltr'><strong>in</strong></span> <span class='ocrx_word' id='word_1_75' title='bbox 845 1157 1064 1222; x_wconf 86' lang='lat' dir='ltr'><strong>tabula</strong></span> <span class='ocrx_word' id='word_1_76' title='bbox 1089 1157 1216 1222; x_wconf 90' lang='lat' dir='ltr'><strong>oris</strong></span> <span class='ocrx_word' id='word_1_77' title='bbox 1241 1157 1612 1221; x_wconf 88' lang='lat' dir='ltr'><strong>liniamenta</strong></span> <span class='ocrx_word' id='word_1_78' title='bbox 1644 1156 1901 1222; x_wconf 86' lang='lat' dir='ltr'><strong>efficere</strong></span> <span class='ocrx_word' id='word_1_79' title='bbox 1927 1165 2221 1242; x_wconf 84' lang='lat' dir='ltr'><strong>possunt:</strong></span> <span class='ocrx_word' id='word_1_80' title='bbox 2256 1177 2415 1220; x_wconf 89' lang='lat' dir='ltr'><strong>num</strong></span> <span class='ocrx_word' id='word_1_81' title='bbox 2450 1155 2645 1222; x_wconf 87' lang='lat' dir='ltr'><strong>etiam</strong></span> <span class='ocrx_word' id='word_1_82' title='bbox 2671 1155 2811 1244; x_wconf 77' lang='lat' dir='ltr'><strong>Ve-</strong></span> 
     </span>
     <span class='ocr_line' id='line_1_11' title="bbox 715 1247 2810 1336; baseline 0 -21"><span class='ocrx_word' id='word_1_83' title='bbox 715 1251 912 1328; x_wconf 70' lang='lat' dir='ltr'><strong>=neris</strong></span> <span class='ocrx_word' id='word_1_84' title='bbox 935 1247 1111 1315; x_wconf 86' lang='lat' dir='ltr'><strong>Coae</strong></span> <span class='ocrx_word' id='word_1_85' title='bbox 1145 1249 1686 1336; x_wconf 85' lang='lat' dir='ltr'><strong>pulchritudinem</strong></span> <span class='ocrx_word' id='word_1_86' title='bbox 1720 1251 1889 1316; x_wconf 86' lang='lat' dir='ltr'><strong>effici</strong></span> <span class='ocrx_word' id='word_1_87' title='bbox 1922 1271 2111 1335; x_wconf 88' lang='lat' dir='ltr'><strong>posse</strong></span> <span class='ocrx_word' id='word_1_88' title='bbox 2140 1250 2504 1335; x_wconf 80' lang='lat' dir='ltr'><strong>aspersione</strong></span> <span class='ocrx_word' id='word_1_89' title='bbox 2539 1249 2810 1316; x_wconf 85' lang='lat' dir='ltr'><strong>fortuita</strong></span> 
     </span>
     <span class='ocr_line' id='line_1_12' title="bbox 739 1344 2813 1432; baseline 0.001 -24"><span class='ocrx_word' id='word_1_90' title='bbox 739 1345 968 1429; x_wconf 80' lang='lat' dir='ltr'><strong>putas?</strong></span> <span class='ocrx_word' id='word_1_91' title='bbox 1003 1367 1111 1408; x_wconf 92' lang='lat' dir='ltr'><strong>sus</strong></span> <span class='ocrx_word' id='word_1_92' title='bbox 1139 1355 1344 1409; x_wconf 87' lang='lat' dir='ltr'><strong>rostro</strong></span> <span class='ocrx_word' id='word_1_93' title='bbox 1374 1345 1427 1409; x_wconf 90' lang='lat' dir='ltr'><strong>si</strong></span> <span class='ocrx_word' id='word_1_94' title='bbox 1453 1344 1634 1409; x_wconf 90' lang='lat' dir='ltr'><strong>humi</strong></span> <span class='ocrx_word' id='word_1_95' title='bbox 1659 1345 1720 1408; x_wconf 82' lang='lat' dir='ltr'>A</span> <span class='ocrx_word' id='word_1_96' title='bbox 1746 1344 2023 1409; x_wconf 83' lang='lat' dir='ltr'><strong>litteram</strong></span> <span class='ocrx_word' id='word_1_97' title='bbox 2046 1344 2436 1429; x_wconf 89' lang='lat' dir='ltr'><strong>inpresserit,</strong></span> <span class='ocrx_word' id='word_1_98' title='bbox 2470 1367 2627 1408; x_wconf 87' lang='lat' dir='ltr'><strong>num</strong></span> <span class='ocrx_word' id='word_1_99' title='bbox 2654 1366 2813 1432; x_wconf 89' lang='lat' dir='ltr'><strong>pro-</strong></span> 
     </span>
     <span class='ocr_line' id='line_1_13' title="bbox 739 1437 2809 1525; baseline 0.001 -24"><span class='ocrx_word' id='word_1_100' title='bbox 739 1449 958 1522; x_wconf 86' lang='lat' dir='ltr'><strong>pterea</strong></span> <span class='ocrx_word' id='word_1_101' title='bbox 993 1439 1302 1523; x_wconf 88' lang='lat' dir='ltr'><strong>suspicari</strong></span> <span class='ocrx_word' id='word_1_102' title='bbox 1335 1439 1572 1524; x_wconf 87' lang='lat' dir='ltr'><strong>poteris</strong></span> <span class='ocrx_word' id='word_1_103' title='bbox 1606 1438 2137 1502; x_wconf 80' lang='lat' dir='ltr'><strong>Andromacham</strong></span> <span class='ocrx_word' id='word_1_104' title='bbox 2160 1437 2358 1502; x_wconf 87' lang='lat' dir='ltr'><strong>Ennii</strong></span> <span class='ocrx_word' id='word_1_105' title='bbox 2384 1438 2468 1502; x_wconf 90' lang='lat' dir='ltr'><strong>ab</strong></span> <span class='ocrx_word' id='word_1_106' title='bbox 2508 1461 2585 1504; x_wconf 85' lang='lat' dir='ltr'><strong>ea</strong></span> <span class='ocrx_word' id='word_1_107' title='bbox 2610 1459 2809 1525; x_wconf 90' lang='lat' dir='ltr'><strong>posse</strong></span> 
     </span>
     <span class='ocr_line' id='line_1_14' title="bbox 743 1529 2810 1618; baseline 0.001 -22"><span class='ocrx_word' id='word_1_108' title='bbox 743 1531 1054 1596; x_wconf 83' lang='lat' dir='ltr'><strong>describi?</strong></span> <span class='ocrx_word' id='word_1_109' title='bbox 1095 1533 1382 1618; x_wconf 83' lang='lat' dir='ltr'><strong>fingebat</strong></span> <span class='ocrx_word' id='word_1_110' title='bbox 1410 1530 1779 1599; x_wconf 86' lang='lat' dir='ltr'><strong>Carneades</strong></span> <span class='ocrx_word' id='word_1_111' title='bbox 1803 1532 1872 1597; x_wconf 91' lang='lat' dir='ltr'><strong>in</strong></span> <span class='ocrx_word' id='word_1_112' title='bbox 1900 1529 2214 1598; x_wconf 87' lang='lat' dir='ltr'><strong>Chiorum</strong></span> <span class='ocrx_word' id='word_1_113' title='bbox 2249 1531 2607 1618; x_wconf 84' lang='lat' dir='ltr'><strong>lapicidinis</strong></span> <span class='ocrx_word' id='word_1_114' title='bbox 2644 1555 2810 1598; x_wconf 83' lang='lat' dir='ltr'><strong>saxo</strong></span> 
     </span>
     <span class='ocr_line' id='line_1_15' title="bbox 743 1625 2811 1712; baseline 0.001 -22"><span class='ocrx_word' id='word_1_115' title='bbox 743 1625 986 1691; x_wconf 86' lang='lat' dir='ltr'><strong>diffisso</strong></span> <span class='ocrx_word' id='word_1_116' title='bbox 1023 1637 1213 1712; x_wconf 88' lang='lat' dir='ltr'><strong>caput</strong></span> <span class='ocrx_word' id='word_1_117' title='bbox 1249 1628 1565 1694; x_wconf 77' lang='lat' dir='ltr'><strong>exstitisse</strong></span> <span class='ocrx_word' id='word_1_118' title='bbox 1581 1625 1869 1694; x_wconf 81' lang='lat' dir='ltr'><strong>Panisci:</strong></span> <span class='ocrx_word' id='word_1_119' title='bbox 1906 1626 2097 1692; x_wconf 89' lang='lat' dir='ltr'><strong>credo</strong></span> <span class='ocrx_word' id='word_1_120' title='bbox 2132 1626 2417 1711; x_wconf 83' lang='lat' dir='ltr'><strong>aliquam</strong></span> <span class='ocrx_word' id='word_1_121' title='bbox 2450 1648 2580 1692; x_wconf 91' lang='lat' dir='ltr'><strong>non</strong></span> <span class='ocrx_word' id='word_1_122' title='bbox 2617 1626 2811 1693; x_wconf 88' lang='lat' dir='ltr'><strong>dissi-</strong></span> 
     </span>
     <span class='ocr_line' id='line_1_16' title="bbox 739 1721 2809 1808; baseline 0.002 -24"><span class='ocrx_word' id='word_1_123' title='bbox 739 1721 958 1785; x_wconf 89' lang='lat' dir='ltr'><strong>milem</strong></span> <span class='ocrx_word' id='word_1_124' title='bbox 1003 1722 1310 1808; x_wconf 86' lang='lat' dir='ltr'><strong>figuram,</strong></span> <span class='ocrx_word' id='word_1_125' title='bbox 1357 1722 1471 1788; x_wconf 89' lang='lat' dir='ltr'><strong>sed</strong></span> <span class='ocrx_word' id='word_1_126' title='bbox 1515 1733 1685 1789; x_wconf 90' lang='lat' dir='ltr'><strong>certe</strong></span> <span class='ocrx_word' id='word_1_127' title='bbox 1727 1743 1857 1786; x_wconf 90' lang='lat' dir='ltr'><strong>non</strong></span> <span class='ocrx_word' id='word_1_128' title='bbox 1900 1721 2125 1797; x_wconf 85' lang='lat' dir='ltr'><strong>talem,</strong></span> <span class='ocrx_word' id='word_1_129' title='bbox 2178 1733 2253 1786; x_wconf 89' lang='lat' dir='ltr'><strong>ut</strong></span> <span class='ocrx_word' id='word_1_130' title='bbox 2298 1743 2442 1786; x_wconf 89' lang='lat' dir='ltr'><strong>eam</strong></span> <span class='ocrx_word' id='word_1_131' title='bbox 2486 1721 2725 1786; x_wconf 85' lang='lat' dir='ltr'><strong>factam</strong></span> <span class='ocrx_word' id='word_1_132' title='bbox 2758 1745 2809 1788; x_wconf 83' lang='lat' dir='ltr'><strong>a</strong></span> 
     </span>
     <span class='ocr_line' id='line_1_17' title="bbox 745 1813 2809 1902; baseline 0 -22"><span class='ocrx_word' id='word_1_133' title='bbox 745 1813 958 1902; x_wconf 87' lang='lat' dir='ltr'><strong>Scopa</strong></span> <span class='ocrx_word' id='word_1_134' title='bbox 995 1815 1256 1882; x_wconf 87' lang='lat' dir='ltr'><strong>diceres.</strong></span> <span class='ocrx_word' id='word_1_135' title='bbox 1347 1817 1438 1882; x_wconf 90' lang='lat' dir='ltr'><strong>sic</strong></span> <span class='ocrx_word' id='word_1_136' title='bbox 1473 1817 1642 1882; x_wconf 85' lang='lat' dir='ltr'><strong>enim</strong></span> <span class='ocrx_word' id='word_1_137' title='bbox 1680 1839 1749 1882; x_wconf 90' lang='lat' dir='ltr'><strong>se</strong></span> <span class='ocrx_word' id='word_1_138' title='bbox 1784 1816 2073 1902; x_wconf 86' lang='lat' dir='ltr'><strong>profecto</strong></span> <span class='ocrx_word' id='word_1_139' title='bbox 2108 1837 2211 1880; x_wconf 86' lang='lat' dir='ltr'><strong>res</strong></span> <span class='ocrx_word' id='word_1_140' title='bbox 2246 1813 2470 1891; x_wconf 88' lang='lat' dir='ltr'><strong>habet,</strong></span> <span class='ocrx_word' id='word_1_141' title='bbox 2505 1825 2581 1880; x_wconf 90' lang='lat' dir='ltr'><strong>ut</strong></span> <span class='ocrx_word' id='word_1_142' title='bbox 2614 1839 2809 1880; x_wconf 89' lang='lat' dir='ltr'><strong>num-</strong></span> 
     </span>
     <span class='ocr_line' id='line_1_18' title="bbox 743 1910 2173 1996; baseline 0.001 -23"><span class='ocrx_word' id='word_1_143' title='bbox 743 1931 938 1993; x_wconf 87' lang='lat' dir='ltr'><strong>quam</strong></span> <span class='ocrx_word' id='word_1_144' title='bbox 972 1911 1256 1996; x_wconf 85' lang='lat' dir='ltr'><strong>perfecte</strong></span> <span class='ocrx_word' id='word_1_145' title='bbox 1282 1912 1616 1977; x_wconf 86' lang='lat' dir='ltr'><strong>veritatem</strong></span> <span class='ocrx_word' id='word_1_146' title='bbox 1650 1933 1839 1977; x_wconf 85' lang='lat' dir='ltr'><strong>casus</strong></span> <span class='ocrx_word' id='word_1_147' title='bbox 1872 1910 2173 1975; x_wconf 87' lang='lat' dir='ltr'><strong>imitetur.</strong></span> 
     </span>
     <span class='ocr_line' id='line_1_19' title="bbox 635 1999 2807 2090; baseline 0 -21"><span class='ocrx_word' id='word_1_148' title='bbox 635 1999 708 2054; x_wconf 81' lang='lat'><strong>14</strong></span> <span class='ocrx_word' id='word_1_149' title='bbox 871 2005 994 2069; x_wconf 87' lang='lat' dir='ltr'><strong>‘At</strong></span> <span class='ocrx_word' id='word_1_150' title='bbox 1034 2028 1164 2071; x_wconf 91' lang='lat' dir='ltr'><strong>non</strong></span> <span class='ocrx_word' id='word_1_151' title='bbox 1215 2026 1570 2089; x_wconf 85' lang='lat' dir='ltr'><strong>numquam</strong></span> <span class='ocrx_word' id='word_1_152' title='bbox 1615 2029 1713 2083; x_wconf 89' lang='lat' dir='ltr'><strong>ea,</strong></span> <span class='ocrx_word' id='word_1_153' title='bbox 1767 2027 1932 2090; x_wconf 88' lang='lat' dir='ltr'><strong>quae</strong></span> <span class='ocrx_word' id='word_1_154' title='bbox 1976 2026 2129 2090; x_wconf 87' lang='lat' dir='ltr'><strong>prae</strong></span> <span class='ocrx_word' id='word_1_155' title='bbox 2138 2003 2309 2070; x_wconf 83' lang='lat' dir='ltr'><strong>dicta</strong></span> <span class='ocrx_word' id='word_1_156' title='bbox 2354 2014 2533 2082; x_wconf 88' lang='lat' dir='ltr'><strong>sunt,</strong></span> <span class='ocrx_word' id='word_1_157' title='bbox 2586 2004 2807 2070; x_wconf 81' lang='lat' dir='ltr'><strong>minus</strong></span> 
     </span>
     <span class='ocr_line' id='line_1_20' title="bbox 643 2072 2809 2184; baseline 0 -21"><span class='ocrx_word' id='word_1_158' title='bbox 643 2072 696 2111; x_wconf 68' lang='lat'><strong>²⁴</strong></span> <span class='ocrx_word' id='word_1_159' title='bbox 741 2098 1083 2164; x_wconf 88' lang='lat' dir='ltr'><strong>eveniunt.&#39;</strong></span> <span class='ocrx_word' id='word_1_160' title='bbox 1174 2111 1342 2184; x_wconf 79' lang='lat' dir='ltr'><strong>quae</strong></span> <span class='ocrx_word' id='word_1_161' title='bbox 1387 2101 1647 2165; x_wconf 86' lang='lat' dir='ltr'><strong>tandem</strong></span> <span class='ocrx_word' id='word_1_162' title='bbox 1694 2099 1763 2164; x_wconf 84' lang='lat' dir='ltr'><strong>id</strong></span> <span class='ocrx_word' id='word_1_163' title='bbox 1807 2122 1909 2163; x_wconf 86' lang='lat' dir='ltr'><strong>ars</strong></span> <span class='ocrx_word' id='word_1_164' title='bbox 1955 2121 2085 2164; x_wconf 89' lang='lat' dir='ltr'><strong>non</strong></span> <span class='ocrx_word' id='word_1_165' title='bbox 2123 2099 2355 2163; x_wconf 81' lang='lat' dir='ltr'><strong>habet?</strong></span> <span class='ocrx_word' id='word_1_166' title='bbox 2399 2121 2621 2164; x_wconf 86' lang='lat' dir='ltr'><strong>earum</strong></span> <span class='ocrx_word' id='word_1_167' title='bbox 2656 2098 2809 2164; x_wconf 88' lang='lat' dir='ltr'><strong>dico</strong></span> 
     </span>
     <span class='ocr_line' id='line_1_21' title="bbox 741 2192 2805 2278; baseline 0.001 -22"><span class='ocrx_word' id='word_1_168' title='bbox 741 2193 1000 2269; x_wconf 84' lang='lat' dir='ltr'><strong>artium,</strong></span> <span class='ocrx_word' id='word_1_169' title='bbox 1047 2213 1214 2275; x_wconf 87' lang='lat' dir='ltr'><strong>quae</strong></span> <span class='ocrx_word' id='word_1_170' title='bbox 1261 2194 1627 2258; x_wconf 88' lang='lat' dir='ltr'><strong>coniectura</strong></span> <span class='ocrx_word' id='word_1_171' title='bbox 1670 2192 2073 2257; x_wconf 89' lang='lat' dir='ltr'><strong>continentur</strong></span> <span class='ocrx_word' id='word_1_172' title='bbox 2116 2204 2181 2258; x_wconf 90' lang='lat' dir='ltr'><strong>et</strong></span> <span class='ocrx_word' id='word_1_173' title='bbox 2224 2202 2373 2257; x_wconf 89' lang='lat' dir='ltr'><strong>sunt</strong></span> <span class='ocrx_word' id='word_1_174' title='bbox 2402 2192 2805 2278; x_wconf 72' lang='lat' dir='ltr'><strong>opinabiles.</strong></span> 
     </span>
     <span class='ocr_line' id='line_1_22' title="bbox 740 2286 2805 2372; baseline 0.002 -23"><span class='ocrx_word' id='word_1_175' title='bbox 740 2308 820 2350; x_wconf 90' lang='lat' dir='ltr'><strong>an</strong></span> <span class='ocrx_word' id='word_1_176' title='bbox 874 2286 1192 2350; x_wconf 87' lang='lat' dir='ltr'><strong>medicina</strong></span> <span class='ocrx_word' id='word_1_177' title='bbox 1235 2309 1338 2352; x_wconf 87' lang='lat' dir='ltr'><strong>ars</strong></span> <span class='ocrx_word' id='word_1_178' title='bbox 1379 2309 1510 2353; x_wconf 88' lang='lat' dir='ltr'><strong>non</strong></span> <span class='ocrx_word' id='word_1_179' title='bbox 1563 2286 1849 2372; x_wconf 85' lang='lat' dir='ltr'><strong>putanda</strong></span> <span class='ocrx_word' id='word_1_180' title='bbox 1894 2287 2027 2352; x_wconf 81' lang='lat' dir='ltr'><strong>est?</strong></span> <span class='ocrx_word' id='word_1_181' title='bbox 2081 2307 2275 2371; x_wconf 87' lang='lat' dir='ltr'><strong>quam</strong></span> <span class='ocrx_word' id='word_1_182' title='bbox 2326 2298 2543 2354; x_wconf 82' lang='lat' dir='ltr'><strong>tamen</strong></span> <span class='ocrx_word' id='word_1_183' title='bbox 2594 2287 2805 2354; x_wconf 88' lang='lat' dir='ltr'><strong>multa</strong></span> 
     </span>
     <span class='ocr_line' id='line_1_23' title="bbox 735 2379 2809 2466; baseline 0.003 -24"><span class='ocrx_word' id='word_1_184' title='bbox 735 2379 986 2443; x_wconf 86' lang='lat' dir='ltr'><strong>fallunt.</strong></span> <span class='ocrx_word' id='word_1_185' title='bbox 1076 2379 1269 2463; x_wconf 79' lang='lat' dir='ltr'><strong>quid?</strong></span> <span class='ocrx_word' id='word_1_186' title='bbox 1320 2382 1782 2466; x_wconf 83' lang='lat' dir='ltr'><strong>gubernatores</strong></span> <span class='ocrx_word' id='word_1_187' title='bbox 1816 2400 2029 2446; x_wconf 86' lang='lat' dir='ltr'><strong>nonne</strong></span> <span class='ocrx_word' id='word_1_188' title='bbox 2074 2381 2421 2446; x_wconf 82' lang='lat' dir='ltr'><strong>falluntur?</strong></span> <span class='ocrx_word' id='word_1_189' title='bbox 2474 2405 2559 2446; x_wconf 87' lang='lat' dir='ltr'><strong>an</strong></span> <span class='ocrx_word' id='word_1_190' title='bbox 2593 2381 2809 2448; x_wconf 89' lang='lat' dir='ltr'><strong>Achi-</strong></span> 
     </span>
     <span class='ocr_line' id='line_1_24' title="bbox 735 2473 2803 2562; baseline 0.002 -25"><span class='ocrx_word' id='word_1_191' title='bbox 735 2494 964 2539; x_wconf 86' lang='lat' dir='ltr'><strong>vorum</strong></span> <span class='ocrx_word' id='word_1_192' title='bbox 1001 2473 1314 2539; x_wconf 87' lang='lat' dir='ltr'><strong>exercitus</strong></span> <span class='ocrx_word' id='word_1_193' title='bbox 1351 2485 1416 2540; x_wconf 92' lang='lat' dir='ltr'><strong>et</strong></span> <span class='ocrx_word' id='word_1_194' title='bbox 1461 2485 1557 2540; x_wconf 92' lang='lat' dir='ltr'><strong>tot</strong></span> <span class='ocrx_word' id='word_1_195' title='bbox 1592 2474 1860 2540; x_wconf 81' lang='lat' dir='ltr'><strong>navium</strong></span> <span class='ocrx_word' id='word_1_196' title='bbox 1901 2486 2182 2542; x_wconf 89' lang='lat' dir='ltr'><strong>rectores</strong></span> <span class='ocrx_word' id='word_1_197' title='bbox 2214 2497 2345 2541; x_wconf 85' lang='lat' dir='ltr'><strong>non</strong></span> <span class='ocrx_word' id='word_1_198' title='bbox 2380 2475 2471 2540; x_wconf 87' lang='lat' dir='ltr'><strong>ita</strong></span> <span class='ocrx_word' id='word_1_199' title='bbox 2522 2475 2803 2562; x_wconf 88' lang='lat' dir='ltr'><strong>profecti</strong></span> 
     </span>
     <span class='ocr_line' id='line_1_25' title="bbox 737 2565 2807 2656; baseline 0.003 -26"><span class='ocrx_word' id='word_1_200' title='bbox 737 2577 887 2630; x_wconf 88' lang='lat' dir='ltr'><strong>sunt</strong></span> <span class='ocrx_word' id='word_1_201' title='bbox 921 2565 1003 2631; x_wconf 87' lang='lat' dir='ltr'><strong>ab</strong></span> <span class='ocrx_word' id='word_1_202' title='bbox 1038 2567 1188 2644; x_wconf 90' lang='lat' dir='ltr'><strong>Ilio,</strong></span> <span class='ocrx_word' id='word_1_203' title='bbox 1223 2578 1300 2633; x_wconf 91' lang='lat' dir='ltr'><strong>ut</strong></span> <span class='ocrx_word' id='word_1_204' title='bbox 1345 2567 1765 2653; x_wconf 86' lang='lat' dir='ltr'><strong>‘profectione</strong></span> <span class='ocrx_word' id='word_1_205' title='bbox 1808 2569 1957 2634; x_wconf 87' lang='lat' dir='ltr'><strong>laeti</strong></span> <span class='ocrx_word' id='word_1_206' title='bbox 2005 2570 2278 2656; x_wconf 88' lang='lat' dir='ltr'><strong>piscium</strong></span> <span class='ocrx_word' id='word_1_207' title='bbox 2319 2569 2650 2636; x_wconf 85' lang='lat' dir='ltr'><strong>lasciviam</strong></span> <span class='ocrx_word' id='word_1_208' title='bbox 2696 2571 2807 2636; x_wconf 88' lang='lat' dir='ltr'><strong>in-</strong></span> 
     </span>
     <span class='ocr_line' id='line_1_26' title="bbox 734 2660 2804 2751; baseline 0.002 -26"><span class='ocrx_word' id='word_1_209' title='bbox 734 2660 1104 2740; x_wconf 78' lang='lat' dir='ltr'><strong>tuerentur‚’</strong></span> <span class='ocrx_word' id='word_1_210' title='bbox 1152 2672 1226 2727; x_wconf 92' lang='lat' dir='ltr'><strong>ut</strong></span> <span class='ocrx_word' id='word_1_211' title='bbox 1269 2663 1359 2726; x_wconf 88' lang='lat' dir='ltr'><strong>ait</strong></span> <span class='ocrx_word' id='word_1_212' title='bbox 1391 2661 1748 2739; x_wconf 86' lang='lat' dir='ltr'><strong>Pacuvius,</strong></span> <span class='ocrx_word' id='word_1_213' title='bbox 1796 2669 1945 2730; x_wconf 89' lang='lat' dir='ltr'><strong>‘nec</strong></span> <span class='ocrx_word' id='word_1_214' title='bbox 1989 2663 2217 2731; x_wconf 90' lang='lat' dir='ltr'><strong>tuendi</strong></span> <span class='ocrx_word' id='word_1_215' title='bbox 2262 2664 2519 2731; x_wconf 81' lang='lat' dir='ltr'><strong>satietas</strong></span> <span class='ocrx_word' id='word_1_216' title='bbox 2564 2685 2804 2751; x_wconf 86' lang='lat' dir='ltr'><strong>capere</strong></span> 
     </span>
     <span class='ocr_line' id='line_1_27' title="bbox 733 2755 1020 2840; baseline 0 -20"><span class='ocrx_word' id='word_1_217' title='bbox 733 2766 951 2840; x_wconf 88' lang='lat' dir='ltr'><strong>posset</strong></span> <span class='ocrx_word' id='word_1_218' title='bbox 960 2755 1020 2820; x_wconf 55' lang='grc' dir='ltr'><strong>Ρ)</strong></span> 
     </span>
     <span class='ocr_line' id='line_1_28' title="bbox 906 2852 2797 2940; baseline 0.002 -24"><span class='ocrx_word' id='word_1_219' title='bbox 906 2852 1170 2928; x_wconf 88' lang='lat' dir='ltr'><strong>interea,</strong></span> <span class='ocrx_word' id='word_1_220' title='bbox 1203 2874 1403 2940; x_wconf 89' lang='lat' dir='ltr'><strong>prope</strong></span> <span class='ocrx_word' id='word_1_221' title='bbox 1437 2853 1568 2916; x_wconf 84' lang='lat' dir='ltr'><strong>iam</strong></span> <span class='ocrx_word' id='word_1_222' title='bbox 1605 2852 1935 2919; x_wconf 87' lang='lat' dir='ltr'><strong>occidente</strong></span> <span class='ocrx_word' id='word_1_223' title='bbox 1970 2853 2103 2919; x_wconf 87' lang='lat' dir='ltr'><strong>sole</strong></span> <span class='ocrx_word' id='word_1_224' title='bbox 2117 2900 2135 2932; x_wconf 92' lang='lat'><strong>,</strong></span> <span class='ocrx_word' id='word_1_225' title='bbox 2180 2853 2559 2920; x_wconf 80' lang='lat' dir='ltr'><strong>inhorrescit</strong></span> <span class='ocrx_word' id='word_1_226' title='bbox 2592 2877 2797 2932; x_wconf 87' lang='lat' dir='ltr'><strong>mare,</strong></span> 
     </span>
     <span class='ocr_line' id='line_1_29' title="bbox 907 2944 2807 3032; baseline 0.002 -22"><span class='ocrx_word' id='word_1_227' title='bbox 907 2944 1208 3011; x_wconf 87' lang='lat' dir='ltr'><strong>tenebrae</strong></span> <span class='ocrx_word' id='word_1_228' title='bbox 1253 2945 1786 3032; x_wconf 87' lang='lat' dir='ltr'><strong>conduplicantur</strong></span> <span class='ocrx_word' id='word_1_229' title='bbox 1837 2947 2173 3030; x_wconf 88' lang='lat' dir='ltr'><strong>noctisque</strong></span> <span class='ocrx_word' id='word_1_230' title='bbox 2226 2958 2291 3014; x_wconf 94' lang='lat' dir='ltr'><strong>et</strong></span> <span class='ocrx_word' id='word_1_231' title='bbox 2339 2946 2633 3013; x_wconf 83' lang='lat' dir='ltr'><strong>nimbum</strong></span> <span class='ocrx_word' id='word_1_232' title='bbox 2677 2948 2807 3014; x_wconf 88' lang='lat' dir='ltr'><strong>ob-</strong></span> 
     </span>
     <span class='ocr_line' id='line_1_30' title="bbox 1593 3041 2085 3128; baseline 0.002 -23"><span class='ocrx_word' id='word_1_233' title='bbox 1593 3053 1811 3106; x_wconf 85' lang='lat' dir='ltr'><strong>caecat</strong></span> <span class='ocrx_word' id='word_1_234' title='bbox 1846 3041 2085 3128; x_wconf 86' lang='lat' dir='ltr'><strong>nigror.</strong></span> 
     </span>
     <span class='ocr_line' id='line_1_31' title="bbox 730 3130 2799 3222; baseline 0.004 -29"><span class='ocrx_word' id='word_1_235' title='bbox 730 3151 888 3194; x_wconf 88' lang='lat' dir='ltr'><strong>num</strong></span> <span class='ocrx_word' id='word_1_236' title='bbox 933 3130 1131 3216; x_wconf 89' lang='lat' dir='ltr'><strong>igitur</strong></span> <span class='ocrx_word' id='word_1_237' title='bbox 1172 3143 1269 3200; x_wconf 90' lang='lat' dir='ltr'><strong>tot</strong></span> <span class='ocrx_word' id='word_1_238' title='bbox 1309 3133 1807 3201; x_wconf 87' lang='lat' dir='ltr'><strong>clarissimorum</strong></span> <span class='ocrx_word' id='word_1_239' title='bbox 1853 3136 2089 3200; x_wconf 90' lang='lat' dir='ltr'><strong>ducum</strong></span> <span class='ocrx_word' id='word_1_240' title='bbox 2131 3155 2489 3222; x_wconf 88' lang='lat' dir='ltr'><strong>regumque</strong></span> <span class='ocrx_word' id='word_1_241' title='bbox 2530 3135 2799 3202; x_wconf 76' lang='lat' dir='ltr'><strong>naufra-</strong></span> 
     </span>
     <span class='ocr_line' id='line_1_32' title="bbox 731 3222 2801 3318; baseline 0.004 -30"><span class='ocrx_word' id='word_1_242' title='bbox 731 3222 910 3310; x_wconf 85' lang='lat' dir='ltr'><strong>gium</strong></span> <span class='ocrx_word' id='word_1_243' title='bbox 959 3227 1216 3293; x_wconf 86' lang='lat' dir='ltr'><strong>sustulit</strong></span> <span class='ocrx_word' id='word_1_244' title='bbox 1260 3239 1462 3294; x_wconf 86' lang='lat' dir='ltr'><strong>artem</strong></span> <span class='ocrx_word' id='word_1_245' title='bbox 1505 3229 1947 3316; x_wconf 82' lang='lat' dir='ltr'><strong>gubernandi?</strong></span> <span class='ocrx_word' id='word_1_246' title='bbox 2000 3241 2113 3296; x_wconf 85' lang='lat' dir='ltr'><strong>aut</strong></span> <span class='ocrx_word' id='word_1_247' title='bbox 2144 3253 2303 3296; x_wconf 88' lang='lat' dir='ltr'><strong>num</strong></span> <span class='ocrx_word' id='word_1_248' title='bbox 2334 3229 2801 3318; x_wconf 82' lang='lat' dir='ltr'><strong>imperatorum</strong></span> 
     </span>
     <span class='ocr_line' id='line_1_33' title="bbox 731 3319 2801 3414; baseline 0.004 -29"><span class='ocrx_word' id='word_1_249' title='bbox 731 3319 994 3386; x_wconf 88' lang='lat' dir='ltr'><strong>scientia</strong></span> <span class='ocrx_word' id='word_1_250' title='bbox 1042 3320 1200 3387; x_wconf 90' lang='lat' dir='ltr'><strong>nihil</strong></span> <span class='ocrx_word' id='word_1_251' title='bbox 1251 3335 1376 3400; x_wconf 88' lang='lat' dir='ltr'><strong>est,</strong></span> <span class='ocrx_word' id='word_1_252' title='bbox 1431 3325 1585 3408; x_wconf 88' lang='lat' dir='ltr'><strong>quia</strong></span> <span class='ocrx_word' id='word_1_253' title='bbox 1636 3348 1925 3392; x_wconf 88' lang='lat' dir='ltr'><strong>summus</strong></span> <span class='ocrx_word' id='word_1_254' title='bbox 1976 3327 2321 3414; x_wconf 87' lang='lat' dir='ltr'><strong>imperator</strong></span> <span class='ocrx_word' id='word_1_255' title='bbox 2364 3325 2573 3412; x_wconf 85' lang='lat' dir='ltr'><strong>nuper</strong></span> <span class='ocrx_word' id='word_1_256' title='bbox 2622 3325 2801 3412; x_wconf 83' lang='lat' dir='ltr'><strong>fugit</strong></span> 
     </span>
     <span class='ocr_line' id='line_1_34' title="bbox 729 3415 2805 3508; baseline 0.004 -30"><span class='ocrx_word' id='word_1_257' title='bbox 729 3415 962 3481; x_wconf 86' lang='lat' dir='ltr'><strong>amisso</strong></span> <span class='ocrx_word' id='word_1_258' title='bbox 999 3417 1318 3484; x_wconf 85' lang='lat' dir='ltr'><strong>exercitu?</strong></span> <span class='ocrx_word' id='word_1_259' title='bbox 1369 3429 1482 3482; x_wconf 89' lang='lat' dir='ltr'><strong>aut</strong></span> <span class='ocrx_word' id='word_1_260' title='bbox 1495 3499 1502 3504; x_wconf 28' lang='lat'>¹</span> <span class='ocrx_word' id='word_1_261' title='bbox 1517 3441 1675 3484; x_wconf 90' lang='lat' dir='ltr'><strong>num</strong></span> <span class='ocrx_word' id='word_1_262' title='bbox 1720 3431 2057 3508; x_wconf 86' lang='lat' dir='ltr'><strong>propterea</strong></span> <span class='ocrx_word' id='word_1_263' title='bbox 2098 3422 2276 3487; x_wconf 90' lang='lat' dir='ltr'><strong>nulla</strong></span> <span class='ocrx_word' id='word_1_264' title='bbox 2312 3432 2410 3486; x_wconf 86' lang='lat' dir='ltr'><strong>est</strong></span> <span class='ocrx_word' id='word_1_265' title='bbox 2442 3422 2537 3486; x_wconf 87' lang='lat' dir='ltr'><strong>rei</strong></span> <span class='ocrx_word' id='word_1_266' title='bbox 2578 3421 2805 3508; x_wconf 86' lang='lat' dir='ltr'><strong>publi-</strong></span> 
     </span>
     <span class='ocr_line' id='line_1_35' title="bbox 730 3511 2805 3602; baseline 0.004 -29"><span class='ocrx_word' id='word_1_267' title='bbox 730 3530 843 3574; x_wconf 85' lang='lat' dir='ltr'><strong>cae</strong></span> <span class='ocrx_word' id='word_1_268' title='bbox 877 3511 1196 3596; x_wconf 85' lang='lat' dir='ltr'><strong>gerendae</strong></span> <span class='ocrx_word' id='word_1_269' title='bbox 1231 3511 1392 3578; x_wconf 90' lang='lat' dir='ltr'><strong>ratio</strong></span> <span class='ocrx_word' id='word_1_270' title='bbox 1421 3523 1614 3598; x_wconf 86' lang='lat' dir='ltr'><strong>atque</strong></span> <span class='ocrx_word' id='word_1_271' title='bbox 1647 3514 2009 3602; x_wconf 86' lang='lat' dir='ltr'><strong>prudentia,</strong></span> <span class='ocrx_word' id='word_1_272' title='bbox 2045 3515 2197 3601; x_wconf 88' lang='lat' dir='ltr'><strong>quia</strong></span> <span class='ocrx_word' id='word_1_273' title='bbox 2224 3517 2429 3582; x_wconf 87' lang='lat' dir='ltr'><strong>multa</strong></span> <span class='ocrx_word' id='word_1_274' title='bbox 2448 3513 2572 3583; x_wconf 89' lang='lat' dir='ltr'><strong>Cn.</strong></span> <span class='ocrx_word' id='word_1_275' title='bbox 2592 3516 2805 3584; x_wconf 85' lang='lat' dir='ltr'><strong>Pom-</strong></span> 
     </span>
     <span class='ocr_line' id='line_1_36' title="bbox 726 3603 2807 3697; baseline 0.005 -30"><span class='ocrx_word' id='word_1_276' title='bbox 726 3603 967 3688; x_wconf 88' lang='lat' dir='ltr'><strong>peium,</strong></span> <span class='ocrx_word' id='word_1_277' title='bbox 1003 3605 1321 3689; x_wconf 86' lang='lat' dir='ltr'><strong>quaedam</strong></span> <span class='ocrx_word' id='word_1_278' title='bbox 1355 3607 1454 3672; x_wconf 89' lang='lat' dir='ltr'><strong>M.</strong></span> <span class='ocrx_word' id='word_1_279' title='bbox 1495 3605 1841 3687; x_wconf 84' lang='lat' dir='ltr'><strong>Catonem,</strong></span> <span class='ocrx_word' id='word_1_280' title='bbox 1875 3632 2005 3675; x_wconf 89' lang='lat' dir='ltr'><strong>non</strong></span> <span class='ocrx_word' id='word_1_281' title='bbox 2039 3612 2217 3676; x_wconf 87' lang='lat' dir='ltr'><strong>nulla</strong></span> <span class='ocrx_word' id='word_1_282' title='bbox 2250 3611 2446 3676; x_wconf 87' lang='lat' dir='ltr'><strong>etiam</strong></span> <span class='ocrx_word' id='word_1_283' title='bbox 2478 3621 2543 3677; x_wconf 88' lang='lat' dir='ltr'><strong>te</strong></span> <span class='ocrx_word' id='word_1_284' title='bbox 2577 3611 2807 3697; x_wconf 86' lang='lat' dir='ltr'><strong>ipsum</strong></span> 
     </span>
     <span class='ocr_line' id='line_1_37' title="bbox 729 3696 2810 3790; baseline 0.006 -30"><span class='ocrx_word' id='word_1_285' title='bbox 729 3696 1129 3764; x_wconf 85' lang='lat' dir='ltr'><strong>fefellerunt?</strong></span> <span class='ocrx_word' id='word_1_286' title='bbox 1181 3699 1403 3766; x_wconf 88' lang='lat' dir='ltr'><strong>similis</strong></span> <span class='ocrx_word' id='word_1_287' title='bbox 1455 3714 1555 3768; x_wconf 89' lang='lat' dir='ltr'><strong>est</strong></span> <span class='ocrx_word' id='word_1_288' title='bbox 1605 3703 2019 3790; x_wconf 89' lang='lat' dir='ltr'><strong>haruspicum</strong></span> <span class='ocrx_word' id='word_1_289' title='bbox 2070 3703 2401 3790; x_wconf 87' lang='lat' dir='ltr'><strong>responsio</strong></span> <span class='ocrx_word' id='word_1_290' title='bbox 2456 3705 2810 3787; x_wconf 83' lang='lat' dir='ltr'><strong>omnisque</strong></span> 
     </span>
     <span class='ocr_line' id='line_1_38' title="bbox 726 3791 2806 3882; baseline 0.005 -27"><span class='ocrx_word' id='word_1_291' title='bbox 726 3791 1065 3876; x_wconf 89' lang='lat' dir='ltr'><strong>opinabilis</strong></span> <span class='ocrx_word' id='word_1_292' title='bbox 1111 3791 1445 3873; x_wconf 87' lang='lat' dir='ltr'><strong>divinatio;</strong></span> <span class='ocrx_word' id='word_1_293' title='bbox 1492 3797 1854 3863; x_wconf 85' lang='lat' dir='ltr'><strong>coniectura</strong></span> <span class='ocrx_word' id='word_1_294' title='bbox 1890 3797 2061 3864; x_wconf 88' lang='lat' dir='ltr'><strong>enim</strong></span> <span class='ocrx_word' id='word_1_295' title='bbox 2095 3799 2345 3876; x_wconf 79' lang='lat' dir='ltr'><strong>nititur,</strong></span> <span class='ocrx_word' id='word_1_296' title='bbox 2389 3799 2559 3864; x_wconf 84' lang='lat' dir='ltr'><strong>ultra</strong></span> <span class='ocrx_word' id='word_1_297' title='bbox 2594 3793 2806 3882; x_wconf 70' lang='lat' dir='ltr'><strong>quam</strong></span> 
     </span>
     <span class='ocr_line' id='line_1_39' title="bbox 631 3885 2808 3976; baseline 0.005 -28"><span class='ocrx_word' id='word_1_298' title='bbox 631 3901 684 3942; x_wconf 71' lang='lat'><strong>25</strong></span> <span class='ocrx_word' id='word_1_299' title='bbox 725 3885 1028 3972; x_wconf 86' lang='lat' dir='ltr'><strong>progredi</strong></span> <span class='ocrx_word' id='word_1_300' title='bbox 1069 3907 1200 3953; x_wconf 86' lang='lat' dir='ltr'><strong>non</strong></span> <span class='ocrx_word' id='word_1_301' title='bbox 1243 3899 1473 3974; x_wconf 87' lang='lat' dir='ltr'><strong>potest.</strong></span> <span class='ocrx_word' id='word_1_302' title='bbox 1563 3912 1642 3955; x_wconf 90' lang='lat' dir='ltr'><strong>ea</strong></span> <span class='ocrx_word' id='word_1_303' title='bbox 1686 3889 1849 3957; x_wconf 82' lang='lat' dir='ltr'><strong>fallit</strong></span> <span class='ocrx_word' id='word_1_304' title='bbox 1900 3891 2171 3959; x_wconf 84' lang='lat' dir='ltr'><strong>fortasse</strong></span> <span class='ocrx_word' id='word_1_305' title='bbox 2222 3913 2355 3958; x_wconf 88' lang='lat' dir='ltr'><strong>non</strong></span> <span class='ocrx_word' id='word_1_306' title='bbox 2408 3913 2808 3976; x_wconf 83' lang='lat' dir='ltr'><strong>numquam,</strong></span> 
     </span>
     <span class='ocr_line' id='line_1_40' title="bbox 729 3976 2807 4072; baseline 0.006 -33"><span class='ocrx_word' id='word_1_307' title='bbox 729 3976 842 4040; x_wconf 85' lang='lat' dir='ltr'><strong>sed</strong></span> <span class='ocrx_word' id='word_1_308' title='bbox 885 3989 1103 4044; x_wconf 87' lang='lat' dir='ltr'><strong>tamen</strong></span> <span class='ocrx_word' id='word_1_309' title='bbox 1147 3981 1230 4046; x_wconf 85' lang='lat' dir='ltr'><strong>ad</strong></span> <span class='ocrx_word' id='word_1_310' title='bbox 1275 3983 1608 4048; x_wconf 82' lang='lat' dir='ltr'><strong>veritatem</strong></span> <span class='ocrx_word' id='word_1_311' title='bbox 1653 3984 2025 4070; x_wconf 85' lang='lat' dir='ltr'><strong>saepissime</strong></span> <span class='ocrx_word' id='word_1_312' title='bbox 2069 3986 2287 4072; x_wconf 85' lang='lat' dir='ltr'><strong>dirigit</strong></span> <span class='ocrx_word' id='word_1_313' title='bbox 2293 4010 2314 4064; x_wconf 81' lang='lat'><em>3</em></span> <span class='ocrx_word' id='word_1_314' title='bbox 2361 3997 2461 4052; x_wconf 88' lang='lat' dir='ltr'><strong>est</strong></span> <span class='ocrx_word' id='word_1_315' title='bbox 2494 3985 2667 4052; x_wconf 89' lang='lat' dir='ltr'><strong>enim</strong></span> <span class='ocrx_word' id='word_1_316' title='bbox 2702 3988 2807 4052; x_wconf 83' lang='lat' dir='ltr'><strong>ab</strong></span> 
     </span>
     <span class='ocr_line' id='line_1_41' title="bbox 725 4071 2813 4166; baseline 0.005 -31"><span class='ocrx_word' id='word_1_317' title='bbox 725 4071 900 4136; x_wconf 85' lang='lat' dir='ltr'><strong>omni</strong></span> <span class='ocrx_word' id='word_1_318' title='bbox 956 4073 1330 4142; x_wconf 84' lang='lat' dir='ltr'><strong>aeternitate</strong></span> <span class='ocrx_word' id='word_1_319' title='bbox 1382 4076 1684 4163; x_wconf 84' lang='lat' dir='ltr'><strong>repetita,</strong></span> <span class='ocrx_word' id='word_1_320' title='bbox 1745 4078 1814 4143; x_wconf 89' lang='lat' dir='ltr'><strong>in</strong></span> <span class='ocrx_word' id='word_1_321' title='bbox 1868 4099 2000 4164; x_wconf 82' lang='lat' dir='ltr'><strong>qua</strong></span> <span class='ocrx_word' id='word_1_322' title='bbox 2042 4101 2193 4146; x_wconf 88' lang='lat' dir='ltr'><strong>cum</strong></span> <span class='ocrx_word' id='word_1_323' title='bbox 2233 4103 2440 4166; x_wconf 88' lang='lat' dir='ltr'><strong>paene</strong></span> <span class='ocrx_word' id='word_1_324' title='bbox 2492 4079 2813 4146; x_wconf 86' lang='lat' dir='ltr'><strong>innume—</strong></span> 
     </span>
    </p>
   </div>
   <div class='ocr_carea' id='block_1_3' title="bbox 2990 2393 2993 3168">
    <p class='ocr_par' dir='ltr' id='par_1_3' title="bbox 2990 2393 2993 3168">
     <span class='ocr_line' id='line_1_42' title="bbox 2990 2393 2993 3168; baseline 0 0"><span class='ocrx_word' id='word_1_325' title='bbox 2990 2393 2993 3168; x_wconf 95' lang='lat' dir='ltr'><strong> </strong></span> 
     </span>
    </p>
   </div>
  </div>
 </body>
</html>
