3292 4559
1126 250 1233 305 DE
1267 250 1604 309 LEGIBUS
1639 252 1690 307 Ι.
1723 252 1964 309 33-39.
2448 240 2596 305 261²-

486 368 853 439 hominum
884 368 1053 439 inter
1086 370 1261 459 ipsos
1297 374 1556 441 vivendi
1590 377 1812 461 par'em
1849 389 1906 441 et
1941 397 2347 445 communem
2379 377 2581 443 ratio-

486 492 648 536 nem
663 516 684 547 ,
724 466 969 533 deinde
1004 468 1211 533 omnis
1244 468 1412 535 inter
1444 492 1515 536 se
1550 471 1827 537 naturali
1862 472 2146 556 quadam
2177 472 2578 559 indulgentia

487 574 559 629 et
622 562 1120 640 benevolentia,
1184 572 1323 628 tum
1384 564 1579 630 etiam
1638 565 1946 632 societate
2008 566 2165 631 iuris
2229 567 2578 633 contineri?

484 676 671 741 quae
728 674 889 721 cum
940 678 1093 722 vera
1138 679 1279 724 esse
1322 668 1525 736 recte,
1577 669 1654 723 ut
1695 660 1998 737 arbitror,
2051 660 2574 739 concesserimus,

490 750 611 834 qui
646 750 793 815 iam
830 748 980 815 licet
1012 749 1199 815 nobis
1235 774 1275 816 a
1308 760 1539 817 natura
1571 752 1753 839 leges
1787 763 1854 819 et
1883 752 2029 819 iura
2063 753 2438 839 seiungere?
2479 755 2572 819 M.

491 844 710 911 Recte
761 842 956 921 dicis,
1002 854 1068 911 et
1109 866 1213 911 res
1258 866 1328 912 se
1364 846 1456 911 sic
1489 845 1707 913 habet.
1794 869 2020 915 verum
2053 848 2577 935 philosophorum
2641 846 2646 851 ’
2677 848 2684 855 ’

490 959 707 1014 more,
744 958 883 1003 non
918 946 1207 1003 veterum
1233 938 1495 1023 quidem
1520 940 1797 1019 illorum,
1833 941 1950 1009 sed
1975 963 2218 1019 eorum,
2254 941 2366 1025 qui
2389 941 2579 1024 quasi

488 1030 809 1097 officinas
844 1031 1281 1098 instruxerunt
1315 1033 1687 1119 sapientiae,
1723 1054 1890 1118 quae
1923 1034 2070 1101 fuse
2102 1033 2256 1099 olim
2291 1034 2582 1120 disputa-

492 1126 749 1190 bantur
796 1144 873 1189 ac
915 1125 1145 1204 libere,
1190 1150 1269 1193 ea
1310 1150 1485 1195 nunc
1518 1128 1903 1194 articulatim
1939 1129 2214 1195 dissecta
2249 1129 2588 1205 dicunt-un·

492 1240 621 1286 nec
670 1220 855 1285 enim
900 1219 1053 1286 satis
1096 1221 1237 1287 fieri
1280 1234 1542 1289 censent
1585 1223 1738 1289 huic
1779 1225 1920 1290 loco
1930 1270 1950 1302 ,
1996 1224 2110 1308 qui
2153 1246 2326 1290 nunc
2371 1234 2468 1289 est
2509 1224 2582 1289 in

402 1344 414 1359 ‘
490 1314 837 1391 manibus,
872 1314 999 1381 nisi
1034 1317 1377 1401 separatim
1413 1318 1537 1383 hoc
1568 1318 1806 1404 ipsum,
1841 1330 2073 1385 natura
2106 1341 2248 1385 esse
2281 1319 2412 1395 ine,
2449 1318 2582 1383 dis-

489 1410 823 1496 putarint.
885 1412 1019 1475 Ate.
1064 1411 1203 1477 Aut
1238 1412 1478 1478 scilicet
1512 1423 1626 1479 tua
1660 1412 1920 1479 libertas
1957 1412 2308 1479 disserendi
2343 1411 2584 1478 amissa

488 1515 625 1583 est,
674 1513 805 1568 aut
849 1514 919 1568 tu
962 1504 1018 1569 is
1064 1526 1163 1583 es,
1206 1505 1322 1589 qui
1362 1506 1433 1571 in
1466 1506 1851 1593 disputando
1885 1527 2017 1571 non
2052 1518 2235 1574 tuum
2267 1506 2580 1573 iudicium

492 1620 808 1683 sequare,
845 1598 961 1664 sed
995 1600 1361 1667 auctoritati
1386 1602 1658 1667 aliorum
1685 1624 1936 1687 pareas.
1986 1602 2080 1667 M.
2124 1600 2276 1667 Non
2303 1622 2574 1686 semper,

492 1692 681 1769 Tite,
724 1692 848 1758 sed
878 1691 1002 1757 iter
1034 1693 1225 1759 huius
1262 1696 1571 1761 sermonis
1606 1696 1784 1780 quod
1819 1696 1901 1761 sit
1934 1694 2148 1762 videet
2201 1694 2286 1760 ad
2318 1716 2422 1759 res
2453 1716 2582 1779 pu·-

494 1787 709 1853 blicas
756 1786 1107 1853 firmandas
1153 1798 1218 1855 et
1262 1790 1346 1854 ad
1380 1790 1796 1856 stabiliendos
1829 1790 1970 1856 iure
2005 1799 2072 1855 et
2105 1788 2425 1856 sanandos
2459 1809 2581 1873 po-

495 1881 695 1967 pulos
744 1881 955 1945 omnis
1000 1892 1221 1948 nostra
1251 1884 1466 1969 pergit
1499 1884 1724 1951 oratio.
1813 1882 2114 1968 quocirca
2147 1903 2372 1949 vereor
2405 1902 2582 1945 com·-

496 1974 801 2048 mittere,
868 1983 944 2038 ut
1004 1994 1134 2039 non
1193 1974 1359 2042 bene
1418 1976 1680 2062 provisa
1741 1986 1806 2043 et
1857 1976 2197 2062 diligenter
2249 1974 2580 2060 explorata

497 2064 831 2154 principia
862 2077 1214 2153 ponantur,
1262 2092 1383 2136 nec
1416 2081 1633 2137 tamen
1669 2079 1742 2135 ut
1777 2070 2073 2136 omnibus
2107 2069 2459 2155 probentur
2490 2102 2582 2114 --

498 2186 662 2227 nam
706 2160 781 2225 id
823 2160 959 2226 fieri
1005 2184 1136 2227 non
1169 2173 1379 2249 potest
1411 2200 1527 2241 -,
1574 2164 1690 2229 sed
1730 2174 1805 2229 ut
1839 2164 1960 2240 eis,
2007 2163 2120 2247 qui
2153 2162 2370 2229 omnia
2403 2171 2579 2227 recta

502 2267 708 2341 atque
766 2254 1037 2321 honesta
1084 2278 1203 2343 per
1254 2280 1325 2324 se
1378 2257 1738 2345 expetenda
1782 2258 2104 2323 duxerunt
2145 2268 2210 2325 et
2265 2267 2377 2322 aut
2416 2254 2576 2319 nihil

501 2349 779 2415 omnino
820 2348 889 2415 in
935 2350 1119 2417 bonis
1162 2353 1663 2430 numerandum,
1706 2352 1833 2418 nisi
1875 2352 2049 2436 quod
2093 2374 2209 2438 per
2251 2374 2323 2417 se
2363 2350 2581 2436 ipsum

503 2443 839 2510 laudabile
894 2455 1091 2522 esset,
1156 2456 1269 2512 aut
1322 2457 1493 2515 certe
1544 2448 1794 2513 nullum
1845 2446 2218 2513 habendum
2267 2466 2580 2531 magnum

506 2539 791 2615 bonum,
836 2538 962 2603 nisi
1004 2540 1179 2623 qnod
1214 2564 1365 2609 vere
1398 2542 1650 2608 laudari
1683 2564 1804 2607 sua
1835 2551 2062 2627 sponte
2097 2549 2344 2627 posset:
2377 2574 2468 2585 --
2500 2537 2580 2603 iis

506 2631 837 2708 omnibus,
874 2631 1009 2695 sive
1035 2632 1105 2696 in
1120 2634 1477 2701 Academia
1502 2646 1720 2702 vetere
1747 2656 1896 2701 cum
1925 2633 2312 2720 Speusippo,
2349 2631 2580 2697 Xeno·-

510 2735 724 2799 crate,
768 2724 1119 2790 Polemone
1165 2739 1563 2803 manserunt,
1610 2728 1750 2793 sive
1794 2728 2213 2795 Aristotelem
2257 2735 2323 2790 et
2365 2724 2580 2788 Theo-

510 2818 879 2903 phrastum,
916 2838 1066 2881 cum
1097 2818 1223 2883 illis
1260 2818 1670 2905 congruentis
1704 2842 1796 2895 re,
1841 2840 2078 2904 genere
2115 2816 2387 2882 docendi
2419 2838 2582 2899 pau-

508 2913 657 2976 lum
702 2908 1083 2989 differentis,
1128 2912 1334 2977 secuti
1378 2921 1557 2989 sunt,
1604 2912 1770 2989 sive,
1815 2924 1888 2977 ut
1925 2910 2172 2977 Zenoni
2216 2908 2427 2974 visum
2461 2918 2579 2987 est,

514 3005 717 3071 rebus
752 3005 1323 3073 non'commutatis
1347 3005 1826 3071 inmutaverunt
1851 3005 2188 3081 vocabula,
2225 3003 2360 3070 sive
2387 3002 2580 3069 etiam

515 3098 847 3165 Aristonis
876 3098 1201 3165 difficilem
1228 3111 1425 3186 atque
1454 3100 1745 3178 arduam,
1772 3100 1932 3165 sed
1913 3122 2042 3165 lam
2071 3111 2286 3165 tamen
2309 3098 2580 3163 fractam

512 3205 587 3260 et
632 3193 993 3261 convictam
1036 3204 1279 3261 sectam
1322 3194 1527 3261 secuti
1570 3206 1750 3272 sunt,
1796 3206 1870 3259 ut
1912 3194 2253 3261 virtutibus
2296 3193 2580 3280 exceptis

510 3298 723 3371 atque
772 3288 943 3353 vitiis
994 3299 1209 3356 cetera
1257 3288 1327 3355 in
1378 3311 1630 3355 summa
1683 3290 2068 3375 aequalitate
2111 3297 2448 3375 ponerent,
2502 3287 2582 3349 iis

517 3380 825 3446 omnibus
874 3381 1067 3459 haec,
1128 3403 1297 3466 quae
1350 3382 1513 3460 dixi,
1573 3384 1944 3470 probentur.
2039 3383 2166 3448 sibi
2215 3391 2431 3448 autem
2482 3379 2580 3443 in·-

516 3472 852 3559 dulgentis
895 3486 962 3542 et
1004 3476 1257 3562 corpori
1301 3476 1716 3545 deservientis
1761 3488 1956 3561 atque
1992 3476 2232 3551 omnia,
2281 3496 2448 3559 quae
2483 3494 2584 3537 se-

514 3578 807 3652 quantur
848 3568 919 3635 in
951 3570 1085 3637 vita
1117 3591 1413 3658 quaeque
1446 3572 1734 3657 fugiant,
1780 3570 2216 3657 voluptatibus
2251 3579 2316 3635 et
2350 3566 2583 3633 dolori-

524 3663 650 3728 bus
684 3663 1116 3748 ponderantis,
1153 3666 1349 3733 etiam
1382 3667 1439 3733 si
1471 3688 1627 3731 vera
1661 3666 1884 3731 dicunt
1907 3702 1994 3713 ---
2019 3662 2178 3729 nihil
2213 3662 2384 3729 enim
2419 3681 2582 3746 opus

522 3768 627 3823 est
660 3756 785 3825 h‘oc
815 3759 957 3825 loco
990 3759 1211 3826 litibus
1248 3796 1363 3838 -,
1406 3760 1475 3825 in
1506 3760 1778 3825 hortulis
1813 3758 1945 3825 suis
1979 3758 2314 3825 iubeamus
2351 3756 2581 3829 dicere,

530 3862 725 3935 atque
758 3852 953 3920 etiam
986 3854 1071 3921 ab
1104 3854 1279 3920 omni
1314 3854 1616 3921 societate
1651 3854 1746 3919 rei
1773 3853 2090 3940 publicae,
2125 3851 2308 3919 cuius
2331 3858 2583 3936 partem

528 3968 651 4011 nec
694 3959 927 4013 norunt
968 3948 1166 4015 ullam
1200 3971 1409 4035 neque
1444 3970 1755 4033 umquam
1787 3970 1978 4015 nosse
2011 3947 2378 4021 voluerunt,
2423 3964 2584 4029 pau·-

530 4040 727 4127 lisper
770 4043 1091 4111 facessant
1134 4066 1453 4130 rogemus.
1541 4043 2068 4131 perturbatricem
2105 4051 2322 4111 autem
2354 4040 2586 4105 harum

2619 770 2672 812 86

2619 1619 2670 1660 8¹1

2622 3402 2675 3443 39
