3292 4559
1221 192 1565 299 TIMAEUS
1595 240 1835 327 12—14.
1904 194 1909 199 ’
2023 266 2031 272 ⁷
2420 229 2559 296 ,143
2632 276 2643 289 .

484 366 668 453 perit
702 362 1208 441 conversionem,
1249 382 1443 448 quam
1477 362 1769 429 habebat
1794 360 1863 428 in
1896 385 1966 430 se
2000 360 2139 449 ipse
2174 362 2461 433 eiusdem
2494 379 2559 433 et

481 461 724 527 ‘similis
771 460 1057 525 innatam
1092 468 1157 523 et
1189 459 1477 523 insitam:
1532 458 1711 542 quod
1744 468 1883 522 tum
1919 458 2197 537 eveniet,
2245 475 2393 527 cum
2427 461 2557 540 illa,

482 578 668 640 quae
713 576 794 619 ex
836 552 1002 639 igni,
1049 552 1292 629 anima,
1337 571 1536 637 aqua,
1582 562 1753 617 terra
1796 551 2165 618 turbulenta
2200 564 2264 619 et
2296 556 2558 621 rationis

485 648 788 735 expertia
821 646 1189 723 insederint,
1225 645 1470 711 ratione
1507 644 1824 732 depulerit
1859 655 1924 710 et
1958 646 2041 711 ad
2066 647 2339 731 primam
2360 660 2557 735 atque

486 744 806 829 optimam
861 740 1287 806 adfectionem
1338 740 1535 805 animi
1585 742 1967 827 pervenerit.
2056 756 2222 825 quae
2278 759 2427 809 eum
2468 747 2559 811 ita
2593 758 2661 813 13

487 834 902 925 designasset
937 848 1235 919 seseque,
1272 834 1328 899 si
1363 833 1520 919 quid
1553 845 1779 921 postea
1810 834 2058 899 fraudis
2094 847 2207 901 aut
2238 836 2377 903 vitii
2408 852 2560 905 'eve-

487 933 728 1007 nisset‚
765 940 948 996 extra
991 944 1244 994 omnem
1289 930 1544 1014 culpam
1581 942 1971 1012 causamque
2006 930 2361 1015 posuisset,
2400 931 2557 998 alios

487 1020 564 1091 in
600 1036 856 1102 terram,
893 1023 1050 1089 alios
1085 1022 1154 1088 in
1186 1016 1436 1099 lunam,
1474 1023 1630 1087 alios
1666 1022 1735 1087 in
1770 1022 2047 1108 reliquas
2081 1023 2305 1090 mundi
2338 1025 2557 1113 partis,

488 1144 668 1207 quae
705 1129 853 1185 sunt
887 1118 1238 1207 spatiorum
1274 1117 1576 1203 temporis
1613 1117 1799 1203 signa
1828 1128 1900 1183 et
1931 1129 2120 1185 notae
2157 1121 2557 1201 constitutae,

494 1236 814 1302 spargens
867 1212 1052 1297 quasi
1103 1211 1386 1288 serebat3
1439 1222 1586 1297 post
1631 1222 1849 1276 autem
1894 1234 2035 1277 eam
2080 1213 2394 1279 sationem
2436 1214 2556 1293 dis,

493 1322 572 1375 ut
605 1311 698 1373 ita
728 1308 968 1384 dicam,
1013 1306 1370 1371 iunioribus
1405 1306 1695 1392 permisit
1728 1318 1802 1371 ut
1836 1322 2103 1393 corpora
2135 1309 2431 1375 mortalia
2462 1310 2557 1377 ef-

491 1406 816 1490 fingerent
858 1411 1301 1486 quantumque
1337 1411 1507 1466 esset
1539 1400 1856 1484 reliquum
1886 1426 1973 1467 ex
2006 1402 2287 1469 humano
2322 1406 2555 1484 enimc,

489 1498 675 1583 qued
727 1496 992 1562 deberet
1043 1496 1346 1561 accedere
1359 1544 1377 1573 ,
1429 1494 1498 1559 id
1548 1514 1739 1561 omne
1780 1508 1851 1561 ‘et
1892 1516 2059 1579 quae
2102 1500 2557 1584 consequentia

491 1603 712 1659 essent
761 1590 1148 1677 perpolirent
1204 1600 1267 1656 et
1321 1590 1755 1667 absolverent,
1814 1588 2043 1656 deinde
2096 1603 2168 1656 ut
2219 1594 2369 1657 huic
2419 1596 2557 1659 ani·-

493 1687 700 1752 manti
755 1686 1074 1771 principes
1131 1708 1198 1750 se
1251 1684 1576 1769 ducesque
1621 1683 2003 1771 praeberent
2048 1683 2373 1770 vitamque
2418 1688 2555 1754 eius

497 1796 698 1865 quam
723 1778 1145 1867 pulcherrime
1173 1790 1466 1866 regerent
1493 1791 1560 1845 et
1591 1780 2043 1866 gubernarent,
2082 1793 2397 1865 quatenus
2423 1796 2557 1848 non

497 1876 638 1963 ipse
664 1875 828 1939 bene
859 1874 1066 1939 factus
1097 1888 1214 1939 sua
1241 1875 1430 1960 culpa
1461 1873 1583 1939 sibi
1611 1872 1855 1957 aliquid
1881 1871 2173 1940 miseriae
2200 1888 2553 1959 quaereret.

629 1963 851 2053 Atque
902 1968 958 2033 is
1002 1964 1261 2051 quidem
1276 2014 1295 2044 ,
1349 1967 1464 2052 qui
1508 1978 1741 2033 cuncta
1782 1964 2149 2054 conposuit,
2194 1981 2557 2037 constanter

498 2064 568 2129 in
603 2086 721 2128 suo
753 2060 1060 2127 manebat
1093 2072 1282 2137 statu,
1319 2058 1430 2145 qui
1465 2072 1683 2127 autem
1716 2074 1899 2127 erant
1934 2060 2017 2127 ab
2053 2084 2129 2128 eo
2158 2063 2371 2141 creati,
2402 2088 2557 2131 cum

499 2157 782 2243 parentis
825 2156 1115 2221 ordinem
1159 2156 1639 2241 cognovissent,
1692 2156 1863 2221 hunc
1900 2157 2349 2241 sequebantur.
2436 2159 2558 2225 ita-

499 2274 628 2336 que
671 2264 820 2316 cum
865 2249 1265 2335 accepissent
1305 2250 1642 2317 inmortale
1678 2251 2064 2337 principium
2098 2252 2383 2319 mortalis
2420 2254 2557 2318 ani-

500 2346 763 2423 mantis,
805 2345 1134 2409 imitantes
1179 2343 1536 2430 genitorem
1571 2355 1636 2411 et
1671 2344 2039 2411 effectorem
2075 2347 2177 2412 sui
2209 2348 2555 2434 particulas

495 2439 664 2529 ignis
700 2444 766 2503 et
799 2450 1004 2505 terrae
1039 2448 1103 2503 et
1139 2456 1347 2522 aquae
1384 2448 1448 2503 et
1479 2440 1735 2504 animae
1768 2463 1810 2504 a
1842 2440 2106 2517 mundo,
2144 2459 2306 2525 quas
2328 2460 2555 2507 rursus

497 2533 865 2610 redderent,
933 2532 1399 2598 mutuabantur
1470 2554 1707 2618 easque
1776 2534 1945 2601 inter
2018 2558 2087 2601 se
2144 2536 2555 2622 copulabant,

499 2628 672 2693 haud
706 2628 910 2693 isdem
944 2627 1172 2693 vinclis
1187 2674 1206 2704 ,
1249 2628 1487 2711 quibus
1521 2627 1645 2713 ipsi
1682 2640 1863 2694 erant
1899 2628 2229 2716 conligati,
2266 2631 2380 2695 sed
2415 2632 2557 2696 tali-

499 2724 646 2799 bus,
691 2744 860 2806 quae
898 2724 1074 2788 cerni
1109 2744 1240 2786 non
1273 2733 1536 2807 possent
1567 2733 1828 2808 propter
1862 2723 2273 2809 parvitatem,
2319 2724 2555 2790 crebris

499 2815 682 2898 quasi
717 2815 1000 2880 cuneolis
1035 2813 1464 2897 inliquefactis
1504 2836 1709 2880 unum
1747 2813 2113 2881 efficiebant
2149 2839 2231 2880 ex
2258 2814 2554 2882 omnibus

501 2930 728 2995 corpus
772 2920 964 2993 atque
999 2909 1067 2973 in
1102 2930 1178 2973 eo
1213 2898 1518 2973 influente
1555 2919 1749 2993 atque
1788 2905 2089 2975 effluente
2124 2910 2318 2975 animi
2358 2904 2556 2978 divini

503 3003 776 3069 ambitus
820 3002 1198 3089 inligabant.
1287 3002 1503 3088 itaque
1547 3003 1693 3069 illi
1676 3028 1744 3067 m
1778 3004 2069 3091 flumen
2051 3004 2311 3070 inmersi
2344 3027 2555 3090 neque

503 3097 804 3163 tenebant
861 3110 1071 3181 neque
1132 3098 1542 3175 tenebantur,
1607 3095 1721 3163 se'd
1775 3098 1852 3163 vi
1912 3119 2150 3185 magna
2200 3112 2338 3165 tum
2390 3092 2556 3167 fere-

503 3193 683 3269 bant,
748 3202 888 3257 tum
945 3192 1341 3257 ferebantur.
1445 3192 1538 3258 ita
1600 3202 1811 3259 totum
1881 3193 2117 3259 animal
2175 3193 2555 3261 movebatur

503 3286 658 3351 illud
707 3286 996 3371 quidem,
1051 3286 1164 3351 sed
1215 3285 1611 3353 inmoderate
1664 3298 1732 3352 et·
1774 3286 2073 3365 fortuitO,
2126 3299 2201 3353 ut
2252 3310 2367 3355 sex
2417 3310 2556 3353 mo—

503 3380 669 3445 tibus
713 3380 1082 3457 veheret-un
1135 3401 1286 3445 nam
1331 3391 1395 3446 et
1416 3406 1420 3411 ·
1439 3392 1586 3447 ante
1631 3392 1697 3446 et
1740 3402 1908 3467 pone
1956 3394 2020 3447 et
2070 3381 2156 3447 ad
2198 3382 2448 3447 laevam
2492 3394 2557 3447 et

504 3475 585 3541 ad
617 3473 905 3541 dextram
935 3485 1006 3541 et
1038 3488 1296 3539 sursum
1327 3486 1392 3541 et
1417 3475 1739 3553 deorsum,
1776 3476 1969 3541 modo
1998 3476 2147 3553 huc,
2183 3476 2375 3541 modo
2398 3473 2555 3541 illuc

1303 3570 1340 3605 ιιι
1724 3570 1760 3607 a.
2266 3588 2271 3592 .

1513 3620 1548 3654 ⁴*

628 3662 762 3730 Sed
798 3664 852 3729 si
886 3664 954 3729 in
990 3661 1324 3749 splendore
1361 3662 1677 3743 consedit,
1723 3676 1862 3730 tum
1910 3664 2013 3730 vel
2049 3662 2273 3730 eadem
2309 3664 2555 3753 species
2589 3684 2660 3739 14

509 3757 605 3823 vel
661 3758 985 3824 interdum
1043 3758 1357 3825 inmutata
1409 3757 1727 3838 redditur,
1802 3780 1949 3825 cum
2001 3760 2168 3846 ignis
2223 3754 2553 3825 oculorum

511 3872 648 3915 cum
689 3874 765 3917 eo
807 3853 988 3939 igne,
1032 3853 1145 3937 qui
1189 3864 1285 3921 est
1321 3854 1404 3919 ob
1441 3876 1512 3919 os
1549 3854 1823 3930 offusus,
1872 3878 1941 3919 se
1977 3853 2266 3920 confudit
2301 3864 2366 3920 et
2400 3877 2551 3919 con-

510 3943 672 4020 tulit3
723 3944 948 4011 dextra
981 3958 1196 4014 autem
1232 3948 1546 4024 videntur,
1585 3971 1751 4034 quae
1785 3948 1971 4015 laeva
2006 3959 2173 4024 sunt,
2221 3948 2373 4032 quia
2401 3970 2554 4013 con-

512 4037 706 4104 trariis
739 4040 1027 4125 partibus
1065 4043 1394 4109 oculorum
1429 4044 1777 4109 contrarias
1814 4044 2011 4131 partis
2050 4043 2391 4129 attingunt.
2451 4065 2552 4108 re-
