3292 4559
1006 261 1112 316 DE
1145 258 1669 318 DIVINATIONE
1702 259 1751 316 Ι.
1786 260 2027 316 85—92.
2426 247 2553 314 153

504 385 714 464 mod03
749 384 1222 471 Amphiaraum
1255 394 1474 450 autem
1509 383 1601 448 sic
1635 382 1973 448 honoravit
2006 382 2181 448 fama
2218 381 2552 464 Graeciae,

503 481 654 546 deus
688 490 762 545 ut
793 479 1163 557 haberetur,
1200 489 1392 563 atque
1427 488 1500 543 ut
1535 477 1618 542 ab
1655 478 1793 543 eius
1831 479 1996 556 solo,
2032 477 2101 542 in
2136 499 2264 562 quo
2301 489 2401 544 est
2433 479 2553 544 hu—

502 585 726 650 matus,
745 573 960 639 oracla
982 583 1370 658 peterentur.
1423 571 1619 655 quid?
1652 571 1855 636 Asiae
1880 593 1996 637 rex
2013 570 2314 637 Priamus
2340 595 2553 638 nonne
2596 595 2647 635 se

499 679 563 734 et
586 667 911 734 Helenum
945 667 1150 732 filium
1185 678 1248 733 et
1280 662 1715 731 Cassandram
1749 665 1948 730 filiam
1974 666 2317 731 divinantis
2352 666 2553 733 habe-

502 763 633 841 bat,
670 762 940 828 alterum
975 761 1259 848 auguriis
1273 808 1291 838 ,
1338 761 1604 826 alteram
1638 761 1869 826 mentis
1904 761 2274 827 incitatione
2310 771 2375 826 et
2407 783 2555 847 per-

499 857 772 923 motione
807 856 1060 922 divina?
1104 877 1232 940 quo
1266 856 1336 920 in
1369 877 1603 942 genere
1631 856 1919 921 Marcios
1954 855 2267 940 quosdam
2302 856 2551 935 fratrea,

499 952 694 1017 nobili
724 953 868 1016 loco
902 960 1121 1028 natos,
1167 951 1341 1037 apud
1384 951 1659 1016 maiores
1702 961 1955 1016 nostros
1999 950 2199 1016 fuisse
2247 951 2553 1037 scriptum

499 1045 806 1110 videmus.
896 1044 1090 1128 quid?
1131 1044 1481 1131 Polyidum
1518 1041 1924 1110 Corinthium
1967 1065 2179 1110 nonne
2225 1046 2551 1110 Homerus

501 1149 565 1204 et
616 1139 754 1204 aliis
809 1139 1012 1204 multa
1063 1148 1128 1205 et
1177 1139 1309 1204 filio
1362 1139 1446 1205 ad
1489 1140 1752 1205 Troiam
1803 1139 2231 1226 proficiscenti
2280 1150 2553 1205 mortem

499 1232 888 1320 praedixisse
925 1235 1416 1300 commemorat?
1469 1235 1727 1300 omnino
1772 1234 1947 1322 apud
1982 1245 2258 1312 veteres,
2296 1235 2407 1318 qui
2451 1257 2553 1299 re-

503 1350 641 1392 rum
676 1327 1107 1413 potiebantur,
1141 1329 1313 1394 idem
1343 1329 1614 1415 auguria
1640 1330 1946 1396 tenebant
1954 1353 1973 1408 3
2009 1340 2084 1394 ut
2110 1330 2275 1394 enim
2308 1348 2551 1413 sapere,

500 1422 590 1487 sic
624 1422 908 1488 divinare
942 1423 1160 1510 regale
1195 1423 1547 1490 ducebant:
1603 1425 1783 1490 testis
1819 1435 1917 1490 est
1950 1435 2172 1490 nostra
2206 1424 2449 1502 civitas,
2485 1424 2555 1488 in

498 1539 624 1600 qua
658 1528 723 1582 et
755 1539 941 1604 reges
977 1540 1255 1604 augures
1291 1530 1355 1584 et
1386 1529 1611 1604 postea
1644 1519 1899 1605 privati,
1936 1519 2157 1584 eodem
2198 1517 2553 1584 sacerdotio

497 1609 796 1696 praediti,
847 1634 988 1677 rem
1028 1612 1355 1698 publicam
1398 1613 1786 1698 religionum
1818 1613 2193 1678 auctoritate
2227 1621 2551 1678 rexerunt.
2586 1608 2655 1662 41

497 1725 698 1788 eaque
734 1705 1198 1771 divinationum
1221 1706 1385 1772 ratio
1410 1729 1493 1771 ne
1527 1705 1597 1770 in
1632 1707 1921 1771 barbaris
1958 1706 2218 1788 quidem
2253 1705 2553 1792 gentibus
2596 1679 2648 1720 ⁹⁰

495 1800 790 1884 neglecta
823 1809 940 1875 est,
977 1801 1032 1863 si
1065 1800 1327 1883 quidem
1364 1811 1426 1864 et
1459 1799 1529 1862 in
1564 1798 1781 1864 Gallia
1806 1797 2098 1863 Druidae
2134 1810 2303 1876 sunt,
2340 1822 2377 1864 e
2412 1799 2557 1882 qui-

497 1894 619 1957 bus
661 1893 801 1978 ipse
843 1892 1242 1958 Divitiacum
1276 1893 1629 1958 Haeduum
1675 1893 1991 1979 hospitem
2034 1904 2219 1958 tuum
2262 1895 2556 1959 laudato-

497 2008 760 2071 remque
796 1987 1100 2072 cognovi,
1143 1987 1255 2070 qui
1290 1997 1356 2053 et
1388 1997 1657 2052 naturae
1691 1987 2034 2064 rationem,
2080 2007 2279 2070 quam
2312 2009 2555 2074 φυσιο-

497 2084 722 2167 λογίαν
759 2079 996 2148 Graeci
1030 2081 1386 2166 appellant,
1431 2091 1653 2146 notam
1688 2103 1825 2147 esse
1873 2081 1995 2146 sibi
2038 2081 2458 2167 profitebatur
2492 2093 2559 2147 et

497 2176 733 2264 partim
783 2175 1098 2262 auguriis,
1151 2176 1386 2261 partim
1440 2175 1825 2254 coniectura,
1874 2199 2041 2260 quae
2086 2187 2297 2242 essent
2339 2175 2558 2242 futura

498 2272 784 2349 dicebat,
837 2280 903 2337 et
943 2270 1012 2335 in
1045 2268 1266 2336 Persis
1310 2281 1711 2356 augurantur
1746 2281 1810 2335 et
1855 2271 2142 2336 divinant
2172 2269 2391 2358 Magi,
2444 2271 2553 2355 qui

495 2375 969 2454 congregantur
1001 2365 1070 2429 in
1114 2363 1266 2430 fano
1312 2364 1785 2430 commentandi
1821 2387 2017 2430 eausa
2051 2376 2243 2448 atque
2286 2365 2452 2431 inter
2486 2387 2555 2430 se

495 2459 940 2546 eotiloquendi,
977 2459 1153 2543 quod
1187 2459 1380 2525 etiam
1413 2458 1588 2525 idem
1615 2481 1731 2524 vos
1759 2460 2086 2543 quondam
2119 2460 2333 2525 facere
2348 2459 2555 2525 Nonis

495 2556 818 2624 solebatis.
905 2577 1028 2621 nec
1060 2553 1403 2640 quisquam
1442 2577 1558 2621 rex
1591 2553 1941 2620 Persarum
1984 2565 2197 2640 potest
2230 2575 2398 2631 esse,
2443 2554 2556 2639 qui
2596 2575 2649 2616 οι

493 2673 626 2718 ιιοιι
659 2663 807 2718 ante
842 2649 1194 2736 Magorum
1237 2649 1639 2735 disciplinam
1676 2649 2135 2731 scientiamque
2178 2649 2552 2734 perceperit.

494 2745 647 2812 licet
680 2755 898 2812 autem
940 2742 1158 2808 videre
1204 2753 1270 2808 et
1311 2765 1550 2828 genera
1593 2743 1914 2826 quaedam
1960 2753 2027 2807 et
2070 2743 2358 2807 nationes
2403 2741 2555 2806 huic

497 2839 801 2904 scientiae
857 2835 1132 2901 deditas:
1188 2835 1525 2901 Telmesus
1578 2837 1646 2900 in
1684 2832 1879 2901 Caria
1924 2846 2047 2914 est,
2103 2858 2233 2920 qua
2274 2835 2343 2900 in
2393 2836 2553 2901 urbe

495 2930 753 2998 excellit
786 2928 1200 3014 haruspicum
1234 2928 1596 3015 disciplina3
1641 2930 1924 3014 itemque
1958 2929 2099 2995 Elis
2131 2931 2200 2996 in
2233 2928 2557 3016 Pelopon-

495 3045 656 3092 neso
690 3022 966 3088 familias
1003 3022 1164 3088 duas
1201 3033 1404 3088 certas
1440 3023 1667 3100 habet,
1700 3024 2095 3089 Iamidarum
2128 3046 2355 3101 unam,
2400 3024 2557 3090 alte-

495 3141 640 3184 ram
674 3114 1112 3193 Clutidarum,
1169 3116 1614 3203 haruspicinae
1658 3117 1991 3184 nobilitate
2026 3120 2434 3205 praestantis;
2486 3120 2556 3184 in

497 3211 693 3298 Syria
731 3209 1046 3278 Chaldaei
1081 3211 1442 3297 cognitione
1477 3222 1795 3277 astrorum
1830 3212 2233 3298 sollertiaque
2265 3215 2557 3300 ingenio-

494 3329 643 3372 rum
687 3305 1076 3372 antecellunt
1087 3329 1106 3383 ;
1152 3305 1412 3370 Etruria
1455 3316 1671 3371 autem
1714 3307 1793 3372 de
1838 3307 2016 3372 caelo
2052 3317 2223 3372 tacta
2268 3306 2555 3372 scientis-
2596 3332 2649 3374 aa

495 3423 681 3467 sume
717 3399 1194 3477 animadvertit,
1229 3399 1580 3484 eademque
1613 3400 2067 3486 interpretatur
2102 3401 2257 3485 quid
2292 3400 2557 3485 quibus-

492 3517 627 3580 que
661 3493 1035 3561 ostendatur
1069 3494 1368 3560 monstris
1403 3505 1598 3579 atque
1643 3495 1972 3582 portentis.
2060 3496 2360 3579 quocirca
2392 3495 2557 3560 bene

491 3590 675 3676 apud
717 3589 996 3654 maiores
1037 3599 1288 3654 nostros
1333 3600 1592 3655 senatus
1637 3600 1808 3667 tum,
1855 3612 2003 3654 cum
2045 3588 2314 3654 florebat
2352 3589 2590 3674 impe-.

491 3686 694 3762 rium,
740 3682 1027 3749 decrevit
1060 3695 1133 3748 ut
1176 3683 1258 3749 de
1293 3685 1652 3770 principum
1696 3683 1841 3750 filiis
1874 3707 1918 3748 x
1952 3684 2221 3771 singulis
2256 3683 2555 3748 Etruriae

492 3779 752 3866 populis
787 3779 856 3846 in
899 3778 1304 3866 disciplinam
1348 3780 1777 3857 traderentur,
1820 3803 1904 3846 ne
1939 3803 2043 3845 ars
2078 3790 2256 3844 tanta
2298 3789 2557 3865 propter

493 3874 878 3940 tenuitatem
919 3874 1253 3940 hominum
1289 3897 1330 3939 a
1362 3874 1689 3962 religionis
1724 3875 2098 3940 auctoritate
2132 3873 2557 3939 abduceretur

493 3968 585 4032 ad
620 3969 978 4036 mercedem
1006 3979 1200 4054 atque
1235 3981 1572 4054 quaestum
1584 3995 1604 4049 ς
1638 3969 1937 4054 Phryges
1962 3980 2176 4034 autem
2203 3978 2267 4034 et
2294 3966 2555 4033 Pisidae

492 4073 564 4128 et
603 4060 836 4131 Cilices
871 4075 937 4132 et
969 4065 1269 4132 Arabum
1302 4066 1477 4150 natio
1502 4065 1721 4131 avium
1756 4063 2323 4149 significationibus
2358 4063 2559 4152 pluri-
