3292 4559
670 1643 723 1711 336

622 205 629 230 ³
748 249 837 317 88
1257 210 1259 212 ’
1366 255 1445 310 u,
1484 252 1762 312 1*an
1795 209 2211 314 cmmoms

746 385 1104 474 pitudinem
1138 380 1361 446 videas
1398 379 1767 444 adiunctam
1801 377 1863 442 ei
1897 376 2020 452 rei,
2060 397 2226 460 quae
2259 375 2543 462 speeiem
2577 378 2820 444 utilita-

747 480 831 545 tis
878 477 1197 554 attulerit,
1247 486 1387 540 tum
1429 495 1562 539 non
1604 473 1847 538 utilitas
1899 471 2320 555 relinquenda
2371 481 2496 548 est,
2551 473 2670 538 sed
2719 473 2819 540 in-

748 573 1213 660 tellegendum,
1264 569 1384 635 ubi
1432 567 1764 654 turpitudo
1809 566 1923 644 sit,
1979 566 2074 630 ibi
2115 566 2455 632 utilitatem
2499 589 2647 632 esse
2687 589 2821 632 non

748 689 958 755 posse.
1046 663 1223 751 quod
1292 664 1349 730 si
1414 663 1575 728 nihil
1638 673 1738 728 est
1800 673 1936 726 tam
1997 671 2222 726 eontra
2267 672 2570 737 naturam
2621 681 2820 745 quam

750 761 1078 848 turpitudo
1131 793 1221 806 —-
1268 768 1445 825 reeta
1505 757 1679 823 enim
1731 766 1796 822 et
1847 754 2292 822 convenientia
2343 765 2410 820 et
2459 756 2822 823 eonstantia

750 867 981 922 natura
1015 853 1333 921 desiderat
1368 861 1875 938 aspernaturque
1907 849 2225 915 eontra-ia
2249 883 2340 898 -—·
2359 848 2650 934 nihilque
2683 861 2822 916 tam
2943 845 2956 874 ³

754 949 1111 1016 seeundum
1144 953 1442 1013 naturam
1476 967 1673 1030 quam
1707 944 1946 1010 utilitas
1960 991 1980 1021 ,
2015 953 2186 1010 certe
2221 943 2292 1008 in
2323 944 2552 1010 eadem
2585 967 2658 1010 re
2693 945 2822 1010 uti-

752 1047 899 1111 litas
946 1055 1014 1110 et
1054 1043 1385 1130 turpitudo
1426 1059 1569 1108 esse
1610 1062 1743 1106 non
1784 1050 2012 1126 potest.
2099 1040 2417 1124 itemque,
2461 1041 2521 1106 si
2573 1041 2662 1106 ad
2700 1041 2821 1106 ho-

753 1148 1071 1205 nestatem
1122 1137 1257 1201 nati
1312 1155 1535 1201 sumus
1576 1153 1782 1218 eaque
1829 1146 1942 1198 aut
1985 1135 2124 1199 sola
2164 1135 2528 1220 expetenda
2571 1145 2704 1212 est,
2750 1147 2820 1200 ut

758 1231 1007 1298 Zenoni
1046 1231 1257 1296 visum
1300 1241 1427 1306 est,
1484 1241 1598 1294 aut
1642 1239 1816 1294 oerte
1854 1229 2036 1293 omni
2075 1229 2360 1314 pondere
2400 1228 2662 1314 gravior
2703 1229 2822 1294 ha-

756 1327 971 1392 benda
1012 1345 1210 1410 quam
1252 1324 1501 1407 reliqu-a
1542 1323 1791 1400 omniu,
1835 1323 2012 1406 quod
2043 1322 2382 1388 Aristoteli
2414 1323 2659 1408 placet,
2706 1345 2824 1390 ne-

758 1441 935 1485 eesse
988 1429 1114 1496 est,
1178 1419 1354 1502 quod
1404 1418 1747 1484 honestum
1799 1417 1910 1494 sit,
1969 1416 2040 1482 id
2090 1439 2232 1482 esse
2283 1427 2396 1482 aut
2447 1418 2660 1482 solum
2703 1428 2826 1482 aut

754 1535 1079 1579 summum
1115 1513 1375 1589 bonum,
1412 1513 1588 1596 quod
1622 1522 1842 1576 autem
1875 1511 2116 1576 bonum
2129 1557 2150 1586 ,
2182 1511 2256 1576 id
2285 1521 2460 1576 eerte
2493 1510 2673 1588 utile,
2708 1512 2824 1589 ita,

758 1607 1065 1694 quiequid
1090 1607 1458 1684 honestum,
1494 1607 1561 1670 id
1596 1607 1771 1672 utile.
1843 1627 1974 1690 qua
2003 1629 2076 1671 re
2113 1627 2290 1671 error
2321 1605 2658 1672 huminum
2689 1629 2824 1672 non

756 1703 1135 1790 proborum,
1180 1723 1328 1767 oum
1372 1701 1615 1784 aliquid
1628 1747 1647 1778 ,
1693 1700 1870 1784 quod
1911 1701 2070 1766 utile
2103 1700 2314 1764 visum
2350 1711 2474 1777 est,
2519 1701 2824 1786 adripuit,

754 1798 824 1864 id
876 1797 1177 1863 continuo
1232 1797 1505 1862 secernit
1554 1796 1639 1862 ab
1689 1795 1978 1862 honesto.
2067 1795 2218 1860 hino
2271 1794 2470 1872 sisae,
2511 1795 2668 1861 hine
2711 1818 2824 1862 ve-

754 1915 946 1970 nena,
980 1890 1131 1956 hino
1166 1891 1333 1956 falsa
1352 1899 1752 1956 testamenta
1779 1900 2162 1967 naseuntur,
2199 1889 2350 1954 hine
2383 1888 2588 1966 fima,
2624 1911 2826 1974 pecu-

754 1987 924 2051 latus
937 2035 955 2064 ,
1016 1985 1437 2072 expilationes
1498 1984 2016 2070 direptionesque
2071 1984 2394 2048 sociorum
2443 1994 2508 2049 et
2559 1983 2822 2061 civium,

756 2081 907 2146 hine
942 2101 1139 2166 opum
1172 2079 1544 2156 nimiarum,
1590 2079 1916 2164 potentiae
1949 2100 2082 2143 non
2115 2077 2416 2144 ferendae
2430 2126 2450 2155 ,
2493 2089 2820 2163 postremo

757 2176 953 2241 etiam
1014 2176 1083 2239 in
1145 2175 1361 2240 liberis
1424 2171 1789 2240 civitatibus
1841 2173 2156 2258 regnandi
2207 2172 2522 2238 exsistunt
2574 2173 2820 2259 eupidi-

756 2283 953 2350 tates,
1007 2270 1243 2355 quibus
1295 2269 1455 2333 nihil
1506 2291 1629 2334 neo
1680 2270 1944 2334 taetrius
1995 2290 2118 2334 nee
2169 2268 2421 2334 foedius
2469 2269 2820 2355 excogitari

757 2377 996 2452 potest3
1050 2365 1481 2428 emolumenta
1532 2364 1706 2428 enim
1759 2384 1974 2428 rerum
2025 2362 2364 2437 fallacibus
2414 2363 2673 2430 iudiciis
2725 2363 2818 2428 vi-

760 2461 932 2536 dent,
968 2477 1247 2543 poenam
1279 2479 1411 2521 non
1447 2457 1592 2522 dieo
1626 2458 1878 2542 legum,
1915 2479 2112 2542 quam
2147 2479 2338 2543 saepe
2371 2467 2816 2544 perrumpunt,

726 2553 877 2648 ..Sed
907 2551 1109 2637 ipsius
1144 2549 1575 2636 turpitudinis,
1614 2571 1781 2634 quae
1817 2552 2232 2617 acerbissima
2263 2562 2378 2628 est,
2411 2575 2543 2617 non
2579 2553 2817 2618 vident.

650 2669 722 2710 ’37

756 2668 957 2731 quam
1000 2645 1085 2710 ob
1127 2666 1267 2710 rem
1312 2643 1434 2710 hoo
1479 2644 1741 2728 quidem
1779 2645 2268 2712 deliberantium
2303 2669 2510 2733 genus
2543 2647 2823 2732 pellatur

760 2765 795 2808 e
848 2740 1061 2806 medio
1102 2775 1195 2786 —-·
1243 2749 1341 2805 est
1392 2739 1562 2804 enim
1612 2749 1821 2805 totum
1873 2742 2252 2812 sceleratum
2303 2753 2370 2806 et
2419 2741 2672 2827 inpium
2713 2777 2819 2819 -,

760 2837 871 2921 qui
907 2835 1290 2912 deliberant,
1324 2846 1543 2899 utrum
1574 2835 1645 2900 id
1681 2846 2062 2919 sequantur,
2095 2837 2273 2920 quod
2305 2836 2646 2902 honestum
2681 2859 2820 2903 esse

758 2931 1038 3008 videant,
1074 2953 1158 2995 an
1194 2951 1265 2996 se
1298 2930 1554 2995 scientis
1589 2931 1836 2995 scelere
1871 2931 2337 3008 contaminent3
2369 2931 2436 2994 in
2471 2931 2618 3016 ipsa
2651 2932 2820 2998 enim

759 3023 1159 3089 dubitatione
1210 3023 1463 3088 facinus
1504 3023 1702 3100 inest,
1755 3025 1952 3089 etiam
1997 3025 2050 3090 si
2097 3025 2182 3090 ad
2225 3025 2294 3090 id
2333 3046 2474 3090 non·
2511 3045 2818 3110 pervene-

758 3118 903 3181 rint.
992 3139 1147 3202 ergo
1194 3139 1273 3182 ea
1314 3117 1726 3182 deliberanda
1769 3118 2028 3183 omnino
2071 3141 2204 3184 nnn
2245 3129 2424 3196 sunt,
2469 3119 2538 3184 in
2585 3121 2818 3203 quihus

686 3248 693 3257 ·
760 3222 859 3276 est
892 3211 1097 3296 turpis
1130 3210 1275 3297 ipsa
1308 3209 1702 3277 deliberatio.
1792 3223 1984 3297 atque
2019 3214 2216 3280 etiam
2251 3235 2332 3278 ex
2366 3213 2546 3280 omni
2581 3214 2817 3280 delibe-

758 3306 1005 3373 ratione
1050 3305 1303 3371 celandi
1347 3316 1409 3371 et
1458 3308 1822 3372 occultandi
1865 3329 2012 3394 spes
2047 3309 2392 3396 opinioque
2427 3309 2816 3374 removenda

758 3412 887 3478 est3
960 3402 1131 3467 satis·
1168 3401 1338 3467 enim
1389 3402 1608 3479 nobis,
1663 3402 1718 3468 si
1751 3403 1944 3468 modo
1999 3405 2068 3468 in
2117 3403 2525 3490 philosophia
2575 3403 2815 3487 aliquid

758 3495 1168 3581 profecimus,
1202 3517 1583 3582 persuasum
1618 3517 1760 3563 esse
1794 3497 2014 3575 debet,
2061 3496 2118 3561 si
2161 3499 2366 3562 omnis
2413 3498 2570 3563 deos
2607 3495 2811 3560 homi-

758 3613 1001 3674 nesque
1039 3591 1245 3656 celare
1281 3591 1631 3676 possimus,
1667 3589 1826 3656 nihil
1861 3601 2078 3657 tamen
2113 3613 2338 3670 avare,
2369 3593 2528 3656 nihil
2557 3591 2813 3666 iniuste,

758 3686 917 3750 nihil
950 3685 1309 3762 libidinose,
1346 3683 1504 3750 nihil
1537 3686 2004 3752 incontinenter
2039 3707 2178 3753 esse
2214 3677 2600 3754 faciendum.
2661 3685 2816 3750 hine

756 3780 863 3845 ille
900 3777 1132 3866 Gyges
1175 3777 1499 3845 inducitur
1542 3803 1583 3846 a
1614 3780 1921 3859 Platone,
1973 3781 2116 3866 qui,
2170 3801 2319 3847 oum
2364 3793 2540 3848 terra
2579 3781 2819 3846 disces-

760 3875 945 3940 sisset
995 3875 1247 3960 magnis
1301 3875 1687 3960 quibusdam
1737 3877 2082 3952 imbribus,
2137 3875 2468 3944 deseendit
2517 3876 2592 3940 in
2638 3876 2818 3940 illum

758 3969 1006 4033 hiatum
1050 3993 1450 4056 aeneumque
1492 3993 1732 4056 equum
1745 4020 1763 4050 ,
1807 3984 1884 4038 ut
1924 3972 2140 4038 ferunt
2183 3972 2473 4048 fabulae,
2529 3971 2820 4036 animad-

756 4061 979 4136 vertit,
1032 4064 1214 4130 euius
1265 4066 1336 4130 in
1386 4066 1694 4134 lateribus
1745 4066 1916 4132 fores
1969 4078 2210 4145 essent3
2283 4066 2516 4152 quibus
2581 4065 2818 4154 apertis

2933 4035 2970 4188 Δ

2902 4231 2954 4358 1

2882 4368 2924 4479 i

2895 4482 2937 4532 h
