3292 4559
673 229 1108 288 PARADOXA
1147 226 1594 289 STOICORUM
1608 230 1681 301 v,
1704 227 1944 285 38-11.
1981 228 2347 299 v1,42--44.
2419 212 2542 279 121

485 356 700 423 vitus?
745 354 902 441 quid
935 353 1106 420 valet
1139 352 1338 438 igitur
1361 353 1472 419 ina
1497 352 1999 438 eloquentissimi
2023 350 2165 427 viri,
2200 349 2283 415 L.
2302 346 2545 427 Crassi,
2582 376 2631 415 41

486 451 750 537 copiosa
783 446 992 534 magis
1028 468 1227 531 quam
1257 448 1515 533 sapiens
1551 447 1755 513 oratio
1790 446 2045 533 ‘eripite
2078 466 2197 509 nos
2232 467 2314 509 ex
2350 444 2549 511 servi-

489 544 697 611 tnte’?
765 566 934 629 quae
979 554 1076 609 est
1115 542 1244 607 ista
1285 542 1559 607 servitus
1603 553 1739 607 tam
1776 540 1955 607 claro
2000 539 2246 609 homini
2291 550 2551 623 tamque

490 642 728 709 nobili?
795 638 1006 705 omnis
1051 638 1250 705 animi
1297 636 1610 704 debilitati
1653 646 1719 703 et
1761 635 2018 701 humilis
2064 644 2132 699 et
2163 634 2351 699 fracti
2384 632 2553 701 timi-

489 736 658 801 ditas
679 734 976 800 ‘servitus
1019 744 1138 799 est.
1227 733 1452 799 ‘nolite
1503 732 1713 797 sinere
1766 752 1885 796 nos
1929 730 2229 812 cuiquam
2272 726 2551 794 servire-³

485 830 560 894 in
591 829 956 895 libertatem
987 826 1300 891 vmdicari
1335 826 1507 894 volt?
1575 824 1871 901 minime,
1852 848 1869 863 ·
1927 822 2085 907 quid
2118 820 2293 887 enim
2326 821 2553 887 adiun-

491 924 626 1010 git?
693 922 850 987 ‘nisi
885 921 1068 985 vobis
1103 920 1438 985 universis.
1443 919 1460 947 ’
1549 918 1881 985 dominum
1914 925 2195 994 mutare,
2227 936 2361 981 non
2392 915 2555 981 liber

493 1038 636 1083 esse
673 1016 826 1080 volt.
917 1013 1179 1099 ‘quibus
1215 1024 1282 1078 et
1311 1034 1657 1099 possumus
1692 1024 1759 1079 et
1792 1008 2144 1077 debemus-⁹
2224 1030 2343 1075 nos
2377 1029 2552 1084 vero,

495 1112 553 1177 si
587 1109 850 1194 quidem
883 1107 1098 1173 animo
1134 1108 1388 1173 excelso
1422 1117 1487 1172 et
1519 1106 1651 1173 ulto
1686 1116 1751 1171 et
1785 1104 2130 1171 virtutibus
2166 1112 2553 1189 exaggerato

493 1227 750 1283 sumus,
793 1225 915 1270 nec
959 1202 1268 1270 debemus
1307 1223 1432 1269 nec
1474 1222 1847 1287 possumus·
1829 1247 1847 1265 .
1902 1211 1975 1265 tu
2011 1221 2206 1286 posse
2238 1208 2305 1264 te
2338 1196 2555 1274 dicite,

493 1298 802 1385 quoniam
834 1297 1098 1382 quidem
1130 1306 1334 1383 potes,
1372 1296 1608 1361 debere
1639 1317 1725 1361 ne
1760 1294 2019 1372 dixeris,
2058 1292 2365 1379 quonism
2396 1290 2559 1356 nihil

495 1393 838 1479 quisquam
889 1392 1082 1459 debet
1131 1390 1258 1457 nisi
1299 1391 1475 1477 quod
1511 1400 1618 1456 est
1658 1400 1847 1475 turpe
1890 1411 2021 1455 non
2064 1388 2353 1455 reddere.
2442 1385 2557 1453 sed
2670 1401 2683 1405 “

495 1489 658 1555 haec
707 1488 1040 1555 hactenus.
1133 1486 1242 1553 ille
1294 1486 1538 1564 videat,
1589 1506 1723 1569 quo
1774 1483 1966 1548 modo
2018 1483 2365 1569 imperator
2416 1503 2557 1549 esse

493 1582 724 1669 possit,
759 1602 1094 1668 cumeum
1127 1604 1210 1647 ne
1243 1580 1518 1647 liberum
1553 1579 1815 1664 quidem
1852 1599 1994 1644 esse
2028 1578 2191 1641 ratio
2226 1588 2289 1643 et
2324 1576 2557 1642 veritas

485 1678 640 1761 ipsa
673 1676 1031 1742 convincat.
2066 1694 2077 1705 ¹

1141 1890 1768 1948 PARADOXON
1818 1890 1921 1948 VI.

703 2020 835 2091 ‘Du
869 2022 1070 2107 μόνος
1109 2018 1144 2089 ὃ
1184 2018 1397 2111 σοφὸς
1431 2022 1770 2100 πλούσιος.

718 2108 946 2205 [Quod
978 2118 1153 2183 solus
1189 2118 1444 2203 sapiens
1481 2112 1717 2203 dives.]

627 2237 820 2322 Quae
855 2248 955 2303 est
985 2238 1108 2303 ista
1139 2237 1210 2303 in
1243 2238 1805 2303 commemoranda
1838 2234 2112 2323 pecunia
2147 2246 2261 2301 tua
2292 2242 2428 2299 tam
2462 2234 2560 2299 111-
2614 2222 2645 2273 1

491 2334 712 2399 solens
758 2330 1137 2398 ostentatio?
1207 2332 1464 2397 solusne
1511 2342 1583 2396 tu
1617 2332 1839 2397 dives?
1908 2352 2025 2417 pro
2062 2329 2129 2395 di
2162 2326 2557 2395 inmortales!

501 2448 708 2513 egone
739 2448 846 2493 me
879 2426 1136 2493 audisse
1171 2426 1414 2512 aliquid
1444 2436 1514 2493 et
1547 2425 1847 2491 didicisse
1880 2446 2012 2490 non
2046 2423 2407 2510 gaudeam?
2458 2444 2561 2487 so-

499 2524 684 2588 lusne
717 2522 940 2589 dives?
1009 2522 1187 2607 quid,
1224 2522 1280 2586 si
1311 2544 1395 2587 ne
1431 2521 1610 2587 dives
1637 2521 1952 2607 quidem?
2010 2520 2187 2605 quid,
2224 2520 2280 2585 81
2313 2538 2561 2607 pauper

501 2616 732 2683 etiam?
785 2637 980 2700 quem
1015 2616 1186 2681 enim
1219 2616 1653 2703 intellegimus
1689 2615 1953 2681 divitem
1988 2624 2102 2679 aut
2134 2613 2257 2678 hoc
2292 2612 2562 2679 verbum

499 2711 571 2775 in
611 2731 740 2794 quo
785 2710 1044 2775 1101111118
1087 2710 1424 2795 ponimus?
1495 2710 1723 2795 opinor
1765 2710 1835 2773 in
1880 2731 1989 2786 ec,
2036 2707 2141 2773 cui
2192 2718 2371 2771 tanta
2415 2728 2564 2791 pos-

500 2803 702 2868 sessio
735 2803 840 2880 sit,
875 2814 948 2867 ut
983 2803 1070 2867 ad
1101 2803 1446 2869 liberaliter
1480 2803 1829 2869 vivendum
1862 2756 2055 2867 facile
2092 2810 2425 2865 contentus
2460 2799 2563 2875 sit,

499 2897 618 2981 qui
677 2896 836 2961 nihil
897 2907 1194 2981 quaerat,
1263 2896 1424 2961 nihil
1475 2898 1767 2982 adpetat,
1832 2896 1989 2961 nihil
2040 2904 2219 2980 optet
2268 2892 2563 2979 amplius.

503 2988 756 3057 animus
809 3000 1058 3077 oportet
1108 3001 1260 3055 tuus
1313 3012 1382 3055 se
1425 2990 1669 3056 iudicet
1712 2990 2004 3066 divitem,
2058 3011 2190 3054 non
2231 2988 2563 3055 hominum
2598 3010 2651 3051 43

503 3106 746 3161 sermo,
779 3106 992 3169 neque
1025 3086 1457 3170 possessiones
1492 3094 1665 3151 tuae.
1750 3084 1911 3149 nihil
1945 3083 2067 3150 sibi
2102 3083 2325 3149 deesse
2360 3092 2563 3169 putat,

503 3180 666 3245 nihil
700 3190 882 3245 curat
915 3180 1222 3265 amplius,
1269 3180 1538 3247 satiatus
1574 3191 1674 3245 est
1704 3190 1821 3245 aut
1854 3189 2189 3245 contentus
2226 3178 2418 3245 etiam
2450 3200 2565 3263 pe-

506 3273 726 3343 cnnia:
761 3273 1064 3351 concedo,
1101 3273 1284 3339 dives
1319 3285 1435 3339 est.
1515 3274 1616 3339 sin
1651 3284 1866 3339 autem
1898 3284 2159 3361 propter
2192 3272 2567 3339 aviditatem

489 3367 816 3455 pecuniae
849 3369 1100 3435 nullum
1134 3379 1472 3453 quaestum
1503 3379 1763 3455 turpem
1795 3378 2007 3454 putas,
2046 3389 2194 3433 cum
2224 3366 2335 3433 isti
2358 3364 2567 3429 ordini

501 3486 592 3530 ne
626 3461 932 3529 honestus
965 3462 1230 3551 quidem
1261 3464 1467 3549 possit
1499 3485 1642 3530 esse
1674 3462 1877 3541 ullus3
1922 3462 1979 3527 si
2014 3460 2247 3527 cotidie
2280 3458 2563 3535 fiaudas,

505 3556 780 3643 decipis,
825 3557 1065 3643 poscis,
1115 3558 1486 3645 pacisceris,
1531 3556 1745 3625 aufers
1758 3604 1777 3635 ,
1820 3556 2042 3644 eripis,
2086 3556 2143 3621 si
2176 3554 2383 3621 socios
2416 3573 2567 3639 spo-

506 3652 658 3729 lias,
713 3650 1031 3717 aerarium
1083 3652 1357 3739 expilas,
1409 3652 1466 3717 si
1517 3662 1899 3719 testamenta
1942 3650 2294 3717 amicorum
2336 3670 2411 3713 ne
2455 3669 2567 3713 ex-

507 3756 762 3831 spectas
801 3746 1068 3831 quidem
1111 3758 1306 3831 atque
1349 3746 1490 3833 ipse
1533 3746 1871 3833 supponis,
1913 3745 2077 3811 haec
2109 3754 2327 3809 utrum
2360 3741 2568 3807 abun·-

509 3838 722 3905 dantis
757 3864 842 3905 an
874 3841 1122 3927 egentis
1159 3841 1346 3927 signa
1379 3842 1566 3906 sunt?
1601 3840 1853 3906 animus
1886 3838 2161 3905 hominis
2198 3836 2399 3913 dives,
2432 3856 2565 3901 non
2598 3851 2647 3891 44

511 3954 664 3997 arca
719 3934 1030 4020 appellari
1089 3936 1272 4002 solet.
1359 3936 1655 4019 quamvis
1704 3936 1817 4001 illa
1870 3934 1954 4000 sit
2005 3935 2231 4021 plena,
2290 3931 2449 3997 dum
2498 3940 2563 3995 te

509 4026 766 4093 inanem
799 4028 1052 4107 videbo,
1087 4029 1350 4097 divitem
1381 4038 1512 4095 non
1545 4029 1819 4115 putab05
1856 4028 2093 4097 etenim
2118 4051 2199 4095 ex
2227 4046 2325 4104 eo,
2358 4043 2565 4111 quan-
