3292 4559
1246 227 1353 282 DE
1386 225 1598 284 FATo
1634 228 1873 284 39-44.
2459 215 2586 284 231

530 367 682 421 sunt
724 354 793 420 in
834 365 1050 418 nostra
1095 359 1441 438 potestate,
1494 374 1625 417 non
1678 351 1965 437 sequitur
2013 363 2091 419 ιιι
2132 376 2214 420 ne
2267 351 2586 440 adpetitus

528 449 794 536 quidem
828 446 910 512 sit
940 447 1009 512 in
1041 456 1261 513 nostra.
1290 456 1635 532 potestates
1674 456 1740 512 at
1771 447 1896 514 hoc
1931 459 2322 532 sequeretur,
2359 447 2416 514 si
2449 469 2587 514 om-

530 545 647 610 nia
685 541 985 630 perfectis
1028 551 1092 608 et
1135 540 1594 628 principalibus
1640 541 1851 607 causis
1886 540 2030 608 fieri
2061 541 2449 620 diceremus,
2491 553 2584 619 ut,

532 659 682 704 cum
724 659 839 704 eae
884 657 1119 702 causae
1161 657 1291 700 non
1338 645 1549 702 essent
1591 635 1662 700 in
1703 647 1922 701 nostra
1963 646 2308 721 potestate,
2352 658 2434 703 ne
2479 635 2584 702 ille

530 731 793 816 quidem
828 739 999 796 esset
1042 729 1111 796 in
1142 739 1362 794 nostra
1404 739 1740 813 potestate.
1829 750 2024 813 quam
2060 729 2144 794 ob
2177 753 2315 796 rem
2350 729 2462 815 qui
2493 729 2586 794 ita

530 825 739 891 fatum
771 823 1205 899 introducunt,
1240 833 1311 886 ut
1345 823 1792 889 necessitatem
1825 822 2200 909 adiungam,
2233 825 2302 888 in
2337 845 2448 890 eos
2471 846 2587 888 va-

526 919 687 986 lebit
736 917 851 982 illa
890 915 1243 992 conclusio;
1295 914 1409 1000 qui
1450 925 1668 980 autem
1712 936 1944 981 causas
1983 916 2412 982 antecedentis
2457 939 2588 984 nen

528 1014 747 1079 dicent
796 1009 1117 1097 perfectas
1160 1031 1366 1093 neque
1411 1009 1808 1094 principalis,
1859 1009 1932 1074 in
1972 1031 2082 1075 eos
2125 1009 2284 1074 nihil
2328 1009 2585 1076 valebit.

307 1185 309 1194 ¹
404 1104 408 1108 ’
530 1105 709 1192 quod
752 1104 925 1171 enim
972 1103 1264 1170 dicantur
1306 1102 1718 1170 adsensiones
1764 1103 1903 1170 fieri
1949 1104 2157 1170 causis
2191 1103 2584 1190 antepositis,

530 1201 601 1266 id
636 1199 827 1285 quale
862 1197 946 1264 sit
988 1198 1180 1264 facile
1216 1221 1256 1262 a
1288 1219 1357 1264 se
1392 1196 1696 1284 explicari
1741 1207 1953 1286 putate
1997 1221 2153 1264 nam
2192 1219 2586 1284 quamquam

532 1294 829 1362 adsensio
864 1315 994 1360 non
1027 1291 1230 1380 possit
1260 1290 1399 1359 fieri
1432 1291 1556 1358 nisi
1591 1303 1912 1358 commota
1944 1292 2112 1370 viso,
2158 1304 2400 1370 tamen,
2438 1315 2586 1360 cum

530 1389 602 1454 id
652 1389 863 1456 visum
913 1386 1271 1475 proximam
1324 1409 1587 1454 causam
1638 1387 1902 1467 habeat,
1963 1409 2096 1454 non
2145 1387 2582 1476 principalenn

530 1484 699 1551 hanc
738 1483 934 1551 habet
974 1482 1317 1562 rationem,
1369 1494 1444 1548 ut
1481 1479 1886 1570 Chrysippus
1921 1484 2075 1561 volt,
2109 1505 2304 1569 qnam
2341 1483 2586 1549 dudum

528 1579 838 1658 diximus,
882 1599 1012 1645 non
1054 1589 1129 1644 ut
1170 1577 1281 1644 illa
1315 1576 1577 1662 quidem
1609 1577 1752 1645 fieri
1783 1579 1985 1666 possit
2027 1579 2207 1644 nulla
2247 1577 2315 1644 vi
2349 1577 2586 1644 extrin-

531 1696 717 1741 secus
768 1673 1045 1740 excitata
1097 1705 1189 1720 -
1235 1693 1499 1738 necesse
1564 1683 1666 1737 est
1724 1673 1896 1738 enim
1949 1670 2393 1738 adsensionem
2445 1670 2584 1736 viso

530 1765 921 1834 commoveri
952 1799 1069 1840 -,
1115 1764 1231 1829 sed
1264 1765 1607 1830 revertitur
1640 1764 1726 1829 ad
1761 1765 2122 1848 cylindrum
2156 1774 2222 1831 et
2254 1763 2339 1830 ad
2383 1763 2587 1831 turbi-

529 1883 681 1926 nem
714 1879 925 1934 suum,
962 1877 1129 1940 quae
1162 1855 1409 1921 moveri
1440 1856 1722 1942 incipere
1755 1856 1880 1922 nisi
1912 1857 2100 1944 pulsa
2124 1877 2254 1924 non
2285 1868 2584 1944 possunt;

529 1955 599 2020 id
634 1963 849 2018 autem
884 1971 1033 2016 cum
1068 1948 1326 2026 accidit,
1374 1959 1603 2059 suapte
1634 1960 1896 2026 natura,
1937 1949 2116 2034 quod
2147 1961 2467 2037 superest,
2521 1963 2586 2018 et

2629 749 2680 790 42

532 2045 893 2133 cylindrum
948 2041 1123 2109 volvi
1166 2053 1231 2109 et
1275 2042 1515 2108 versari
1559 2043 1882 2109 turbinem
1922 2054 2127 2130 putat.
2215 2050 2316 2111 ‘ut
2357 2043 2580 2131 igitur'
2620 2039 2688 2094 19

528 2138 740 2224 inquit
782 2135 924 2226 ‘qui
957 2137 1265 2223 protrusit
1298 2136 1688 2223 cylindrum,
1726 2137 1903 2203 dedit
1935 2138 1996 2204 ei
2028 2137 2411 2227 principium
2447 2114 2652 2204 ino-⁴

528 2233 739 2309 tionis,
774 2229 1239 2298 volubilitatem
1264 2241 1481 2298 autem
1515 2253 1647 2296 non
1675 2231 1876 2310 dedit,
1908 2231 2001 2298 sic
2027 2231 2238 2298 visum
2263 2230 2585 2300 obiectum

527 2327 829 2414 inprimet
868 2325 1031 2392 illud
1073 2324 1335 2410 quidem
1380 2337 1445 2392 et
1490 2325 1676 2411 quasi
1719 2325 2061 2412 signabit
2041 2349 2112 2392 m
2153 2324 2365 2392 animo
2400 2349 2582 2392 suam

530 2421 813 2508 speciem
820 2467 843 2498 ,
896 2419 1013 2487 sed
1056 2418 1349 2488 adsensio
1403 2431 1623 2488 nostra
1673 2420 1794 2487 erit
1841 2420 1910 2486 in
1960 2429 2304 2507 potestate,
2355 2443 2581 2507 eaque,

531 2537 722 2601 quem
774 2515 860 2582 ad
910 2513 1177 2582 modum
1224 2515 1295 2582 in
1346 2514 1635 2601 cylindro
1699 2514 1946 2582 dictum-
1993 2525 2122 2591 est,
2183 2515 2580 2584 extrinsecus

527 2611 733 2697 pulsa,
769 2609 945 2696 quod
977 2609 1297 2694 reliquum
1330 2621 1447 2686 est,
1483 2619 1709 2695 suapte
1739 2609 1804 2674 vi
1838 2622 1904 2676 et
1936 2619 2168 2674 natura
2200 2609 2578 2676 movebitur.

528 2705 703 2790 quod
756 2705 811 2769 si
864 2702 1079 2788 aliqua
1130 2725 1231 2768 res
1284 2702 1650 2770 efficeretur
1701 2703 1837 2769 sine
1891 2725 2090 2769 causa
2139 2701 2578 2781 antecedente,

528 2798 765 2864 falsum
799 2808 967 2864 esset
1002 2797 1215 2863 omnia
1248 2797 1383 2862 fato
1417 2797 1588 2876 fieri,
1624 2797 1726 2862 sin
1761 2797 2090 2874 omnibus,
2139 2818 2581 2884 quaecumque

528 2893 720 2968 fiunt,
775 2891 913 2956 veri
964 2891 1169 2957 simile
1221 2903 1319 2958 est
1370 2912 1631 2958 causam
1677 2891 2088 2969 antecedere,
2135 2891 2294 2978 quid
2345 2891 2582 2960 adferri

529 2985 795 3073 poterit,
830 3005 948 3050 cur
980 3005 1113 3049 non
1145 2984 1361 3051 omnia
1393 2984 1529 3051 fato
1562 2984 1705 3052 fieri
1737 2984 2074 3052 fatendum
2105 2985 2225 3052 sit?
2257 2987 2450 3053 modo
2483 2986 2586 3053 in-

527 3079 896 3166 tellegatur,
932 3099 1099 3163 quae
1134 3077 1214 3144 sit
1251 3099 1589 3147 causarum
1624 3077 1948 3147 distinctio
1982 3099 2061 3146 ac
2093 3078 2578 3148 dissimilitudo?

530 3174 692 3242 haec
727 3179 875 3240 cum
917 3171 1012 3238 ita
1054 3171 1181 3238 sint
1213 3195 1254 3237 a
1290 3169 1656 3261 Chrysippo
1692 3173 2039 3260 explicata,
2074 3173 2128 3240 si
2162 3173 2288 3253 illi,
2323 3175 2436 3258 qui
2467 3198 2582 3241 ne·
2623 3189 2678 3230 44

524 3278 685 3352 gant
727 3265 1138 3332 adsensiones
1182 3265 1317 3332 fato
1360 3266 1529 3345 fieri,
1580 3271 1617 3349 †
1661 3266 1985 3334 fateantur
2027 3278 2247 3334 tamen
2287 3289 2398 3334 eas
2448 3289 2581 3334 non

526 3359 669 3426 sine
710 3358 852 3424 viso
895 3359 1310 3436 antecedente
1344 3359 1510 3438 fieri,
1557 3362 1686 3428 alia
1725 3362 1888 3428 ratio
1923 3373 2054 3439 θείη
2104 3360 2218 3426 sed
2260 3361 2317 3426 si
2351 3381 2582 3428 conce·-

529 3454 689 3519 dunt
722 3451 965 3519 anteire
1010 3451 1152 3518 visa
1182 3475 1305 3520 nec
1338 3465 1556 3522 tamen
1585 3456 1722 3522 fato
1757 3455 1895 3522 fieri
1929 3453 2370 3532 adsensiones,
2403 3453 2582 3540 quod

526 3546 819 3636 proxima
850 3544 962 3612 illa
988 3558 1052 3613 et
1086 3547 1415 3616 continens
1444 3570 1639 3616 causa
1673 3569 1804 3616 non
1832 3558 2086 3614 moveat
2112 3547 2578 3628 adsensionem,

398 3643 417 3662 ⁶
526 3642 674 3708 vide
708 3662 793 3708 ne
825 3639 1001 3707 idem
1034 3641 1280 3708 dicant:
1322 3664 1533 3727 neque
1576 3644 1749 3710 enim
1787 3639 2187 3730 Chrysippus
2221 3641 2578 3710 concedens

409 3738 421 3751 “’
524 3734 929 3813 adsensionis.
955 3736 1317 3824 proximam
1342 3748 1410 3803 et
1434 3738 1864 3804 continentem
1887 3759 2155 3806 causam
2174 3759 2316 3805 esse
2342 3736 2412 3804 in
2439 3735 2576 3804 viso

528 3829 801 3914 positam
852 3851 1065 3917 neque
1108 3851 1253 3898 eam
1298 3853 1559 3898 causam
1604 3853 1746 3898 esse
1789 3831 1872 3898 ad
1925 3829 2413 3899 adsentiendum
2463 3852 2582 3899 ne·-

528 3925 891 4004 cessariam,
928 3926 1235 3994 concedet
1268 3939 1367 4008 ut,
1398 3928 1457 3994 si
1488 3928 1702 3996 omnia
1735 3928 1869 3996 fato
1903 3929 2080 4008 fiant,
2117 3927 2334 3995 omnia
2365 3929 2576 3996 causis

527 4016 685 4082 fiant
736 4021 1255 4090 antecedentibus
1298 4034 1362 4091 et
1396 4025 1773 4094 necess-ariis
1780 4049 1800 4104 3
1854 4023 2136 4110 itemque
2180 4025 2300 4106 illi,
2344 4025 2458 4110 qui
2490 4023 2572 4090 ab
