3292 4559
1290 896 1937 964 PRAEFATIO.

593 1152 689 1207 Ad
730 1148 1212 1221 recognoscendos
1257 1148 1430 1204 libros
1467 1148 1600 1203 Tul·
1639 1149 1796 1203 doxis
1848 1154 2037 1205 autem
2080 1149 2295 1215 subieci
2339 1148 2712 1219 Timaeum,

523 1228 706 1283 lianos
733 1228 812 1283 de
840 1225 1134 1294 officiis,
1171 1224 1268 1297 qui
1292 1224 1353 1279 in
1379 1225 1487 1281 hoc
1511 1241 1605 1280 vo·
1639 1227 1753 1298 qui,
1772 1224 2057 1282 utHalmii
2074 1227 2185 1281 mei
2201 1226 2385 1282 verbis
2401 1231 2545 1295 utar,
2570 1228 2719 1281 ‘cum

525 1304 734 1360 lumine
753 1304 991 1375 primum
1007 1302 1192 1357 locum
1210 1302 1482 1372 obtinent,
1493 1302 1606 1357 iam
1639 1304 1759 1359 eius
1786 1308 1976 1375 partes
2003 1302 2253 1373 reliquae
2270 1319 2383 1359 non
2400 1320 2469 1359 ex
2486 1303 2715 1359 diversis

523 1382 586 1435 in
621 1381 869 1437 editione
904 1378 1202 1434 Turicensi
1243 1396 1341 1435 sex
1382 1379 1605 1449 potissi·
1639 1380 2003 1452 scriptoribus
2037 1378 2225 1449 operis
2258 1380 2509 1435 tesselati
2543 1380 2719 1435 instar

525 1474 676 1511 mum
694 1456 981 1512 codicibus
997 1454 1093 1529 (O)
1111 1472 1244 1511 usus
1263 1474 1441 1527 eram,
1469 1458 1604 1511 Am—
1637 1456 2011 1513 concinnatae
2038 1456 2167 1525 sint,
2200 1456 2426 1511 omnino
2454 1473 2523 1513 ex
2538 1455 2717 1528 Frag—

524 1532 789 1589 brosiano
817 1532 876 1589 C.
910 1539 992 1588 29.
1030 1538 1176 1604 part.
1211 1532 1311 1587 inf.
1351 1548 1500 1589 saec.
1527 1532 1603 1588 X.
1638 1536 1843 1590 mentis
1870 1533 2191 1589 eximendus
2220 1538 2279 1589 et
2302 1532 2449 1587 inter
2472 1533 2719 1603 reliquas

526 1609 644 1680 (A),
665 1608 1071 1681 Bambergensi
1094 1610 1171 1664 M.
1189 1608 1263 1678 V,
1288 1616 1335 1664 1.
1363 1626 1512 1665 saec.
1529 1608 1606 1665 X.
1639 1610 1971 1682 scriptiones
1986 1609 2349 1680 philosophas
2366 1609 2719 1679 recipiendus

523 1685 640 1757 (Β),
660 1686 1092 1756 Herbipolitano
1111 1685 1278 1757 Mpsf.
1295 1692 1341 1740 1.
1361 1703 1494 1742 saec
1530 1686 1605 1741 X.
1641 1688 1799 1743 erat.'
1843 1684 2144 1741 Codicibus
2160 1700 2291 1741 vero
2300 1682 2393 1755 (C)
2404 1685 2479 1739 ad
2496 1685 2719 1741 Timae-

523 1760 649 1833 (H),
668 1761 1045 1818 Bernensibus
1061 1781 1118 1817 n.
1133 1769 1248 1817 514.
1260 1762 1492 1817 saec.X.
1505 1762 1605 1833 (a),
1640 1781 1737 1817 um
1756 1762 2168 1818 emendandum
2194 1766 2419 1831 praeter
2436 1777 2547 1829 eos,
2580 1778 2717 1830 quos

525 1837 1606 1909 n.391.saec.X.(b),n.104.saec.XIII.
1642 1838 1809 1892 modo
1837 1836 2136 1905 nominavi,
2165 1836 2472 1893 Leidenses
2491 1838 2642 1908 (AB)
2664 1844 2722 1893 et

526 1913 632 1984 (c),
669 1911 932 1968 Palatino
961 1932 1016 1969 n.
1053 1918 1201 1967 1581.
1225 1914 1336 1985 (p),
1376 1930 1608 1984 quorum
1642 1914 2135 1970 Vindobonensem
2146 1912 2263 1984 (V),
2275 1930 2407 1967 usus
2419 1930 2540 1966 sum
2551 1914 2722 1968 etiam

527 1995 716 2043 tamen
741 2005 924 2059 neque
951 1989 1192 2059 primum
1215 1996 1448 2061 propter
1463 2006 1608 2045 sum-
1641 1989 1981 2062 Erlangensi
2005 2008 2060 2043 n.
2084 1995 2203 2044 847.
2222 1989 2334 2062 (E),
2358 1988 2618 2044 Gudiano
2638 2007 2722 2045 se·

525 2082 678 2119 mam
695 2082 822 2120 cum
854 2066 1030 2122 altero
1049 2066 1323 2121 Bemensi
1351 2065 1608 2122 conveni·
1643 2068 1827 2123 cundo
1846 2064 1966 2139 (G),
1988 2064 2314 2120 Monacensi
2332 2066 2572 2139 denique
2592 2066 2717 2139 (M),

522 2140 736 2195 entiam
770 2148 950 2197 totum
997 2159 1376 2214 excussorem,
1426 2160 1608 2214 neque
1644 2144 1741 2215 qui
1784 2142 2010 2197 saeculo
2056 2140 2160 2195 XI.
2199 2142 2499 2197 admodum
2544 2143 2719 2198 nitide

527 2218 710 2273 ultimi
735 2220 956 2291 integra
975 2218 1202 2274 collatio
1220 2220 1356 2275 mihi
1383 2225 1608 2290 praesto
1643 2221 1883 2291 scriptus
1910 2236 2060 2274 nunc
2090 2218 2415 2273 adservatur
2437 2218 2497 2273 in
2522 2219 2723 2275 biblio-

523 2300 666 2350 erat.
700 2294 944 2351 Eosdem
954 2296 1126 2353 etiam
1141 2296 1317 2352 inhac
1326 2296 1608 2368 Lipsiensi
1643 2298 1814 2352 theca
1841 2294 2218 2351 universitatis
2237 2295 2611 2365 Monacensis,
2641 2298 2723 2350 in-

524 2371 775 2427 editione
794 2371 876 2426 ita
893 2379 1117 2429 secutus
1135 2391 1277 2443 sum,
1305 2379 1369 2428 ut
1388 2374 1609 2429 codices
1645 2374 1885 2446 signitus
1901 2390 2052 2428 num.
2074 2378 2192 2427 528.
2228 2371 2286 2425 Is
2306 2371 2498 2441 codex,
2520 2372 2618 2443 qui
2634 2373 2721 2426 fu-

523 2466 559 2503 c
566 2464 606 2518 p
627 2449 842 2518 ceteris,
856 2450 951 2519 qui
969 2457 1099 2505 sunt
1117 2468 1185 2506 ex
1202 2449 1430 2505 meliore
1447 2449 1608 2505 fami-
1645 2456 1769 2506 erat
1822 2450 2105 2520 quondam
2159 2448 2387 2521 collegii
2439 2448 2723 2504 societatis

527 2524 622 2592 lia,
642 2524 812 2597 longe
827 2531 1237 2597 postponerem.
1293 2527 1384 2582 De
1403 2526 1608 2585 codici·
1644 2528 1775 2583 Iesu
1808 2524 2303 2598 Ingolstadiensis‚
2353 2526 2425 2580 ad
2471 2526 2620 2596 quod
2658 2542 2726 2580 ex

526 2603 633 2657 bus
661 2608 850 2657 autem
875 2603 1143 2658 librorum
1173 2604 1243 2659 de
1270 2602 1473 2659 officiis
1507 2620 1608 2658 nu·
1644 2603 1981 2659 monasterio
2001 2601 2347 2673 Biburgensi
2370 2608 2720 2672 pervenerat,

527 2695 630 2749 per
648 2679 875 2750 egregie
895 2679 1203 2750 disputavit
1221 2678 1398 2735 G Fr.
1409 2680 1611 2753 Unger
1647 2681 1874 2735 eosdem
1918 2678 2093 2733 libros
2128 2678 2448 2747 Tullianos,
2502 2684 2726 2749 praeter

529 2756 608 2826 (in
646 2754 932 2809 Leutschii
979 2756 1279 2828 Philologo
1323 2756 1609 2828 Supplem.
1647 2757 1885 2828 Topica,
1924 2756 2231 2825 eodemque
2267 2754 2480 2822 ordine,
2520 2771 2630 2825 quo
2664 2755 2726 2808 in

529 2830 637 2884 vol.
657 2829 764 2882 III.
783 2847 840 2899 p.
862 2835 892 2882 3
912 2832 1075 2902 sqq.),
1110 2849 1145 2887 a
1173 2849 1282 2903 quo
1313 2832 1371 2886 in
1401 2849 1466 2887 eo
1500 2831 1610 2886 dis·
1643 2831 1912 2888 Leidensi
1928 2831 2191 2903 n.84.(A)
2212 2830 2407 2899 scripti
2425 2836 2572 2901 sunt,
2595 2847 2723 2885 con-

529 2904 729 2973 sentio,
761 2906 909 2974 quod
926 2908 1062 2961 mihi
1078 2925 1211 2977 pars
1230 2908 1610 2979 interpolatio·
1644 2909 1789 2964 tinet
1814 2914 1983 2979 atque
2006 2908 2261 2963 bonitate
2288 2906 2536 2977 proxime
2567 2924 2722 2964 acce-

530 2998 691 3050 num,
721 2980 922 3051 quibus
951 2982 1009 3034 hi
1038 2983 1167 3037 libri
1192 2984 1400 3053 passim
1429 2984 1610 3040 defor—
1646 2986 1730 3041 dit
1748 2986 1823 3040 ad
1842 2984 2079 3055 optimos
2097 2984 2320 3056 (ABV).

532 3061 773 3126 mantur,
794 3057 1073 3127 antiquior
1088 3059 1309 3115 videtur
1326 3076 1494 3130 quam
1511 3060 1609 3115 illi.
1714 3063 1785 3117 In
1809 3060 2058 3131 reliquiis
2084 3060 2353 3114 librorum
2388 3060 2466 3115 de
2501 3077 2571 3116 re
2605 3077 2725 3130 pu-

531 3134 736 3190 Libros
772 3133 946 3202 enim,
985 3150 1124 3204 quos
1156 3134 1376 3191 Plinius
1410 3137 1505 3209 (N.
1533 3136 1609 3190 H.
1646 3138 1832 3194 blica
1858 3138 1972 3192 iam
1988 3136 2248 3191 Halmius
2273 3154 2406 3191 usus
2427 3142 2549 3192 erat
2576 3138 2725 3192 codi-

531 3210 708 3283 praef.
731 3210 778 3281 ς.
802 3211 911 3281 22.)
930 3211 1276 3282 ediscendos,
1303 3230 1420 3268 non
1444 3213 1611 3268 modo
1646 3215 1726 3271 cis
1762 3213 2111 3286 palimpsesti
2149 3211 2416 3269 Vaticani
2450 3212 2545 3283 (C)
2581 3229 2727 3268 nova

532 3290 592 3343 in
616 3287 874 3343 manibus
901 3287 1105 3344 cotidie
1132 3288 1423 3344 habendos
1447 3306 1609 3360 prae-
1645 3291 1967 3359 collatione,
1990 3306 2157 3361 quam
2176 3287 2248 3344 G.
2267 3288 2339 3345 N.
2360 3289 2435 3343 du
2449 3289 2597 3343 Rieu
2614 3289 2724 3343 Ba-

529 3363 757 3433 dicavit,
769 3363 884 3419 iam
903 3370 1033 3419 ante
1050 3365 1294 3420 mediam
1311 3382 1457 3436 quae
1476 3366 1610 3421 dici·
1644 3374 1807 3424 tavus
1838 3383 1872 3422 a
1899 3384 1959 3421 se
1987 3367 2299 3421 institutam
2335 3365 2725 3434 publicaverat

529 3450 624 3498 tur
641 3446 885 3497 aetatem
904 3441 1357 3498 adnotationibus
1367 3448 1425 3499 et
1442 3443 1610 3497 inter-
1644 3448 1703 3500 in
1742 3442 1976 3499 Schedis
2012 3441 2305 3498 Vaticanis
2348 3440 2557 3512 (Lugd.
2596 3441 2724 3496 Bat.

527 3518 896 3593 pretamentis
933 3518 1200 3590 cuiusque
1243 3521 1467 3592 generis
1513 3519 1610 3574 ob·
1651 3521 1842 3592 1860.),
1857 3517 2262 3575 etDetlefsenii
2273 3517 2614 3588 apographis
2634 3534 2723 3573 ac·

532 3598 724 3652 noxios
741 3595 916 3651 fuisse
934 3596 1228 3666 probabile
1249 3602 1351 3652 est.
1647 3596 2010 3653 curatissimis
2047 3594 2413 3665 complurium
2457 3592 2723 3663 locorum,

600 3673 962 3728 Paradoxa
1008 3670 1390 3728 Stoicorum
1436 3678 1494 3727 et
1538 3672 1612 3727 ab
1647 3674 1851 3746 quibus
1899 3672 2123 3727 adiutus
2166 3669 2369 3725 futuris
2417 3669 2725 3725 editoribus

534 3749 760 3805 Halmio
797 3755 854 3804 et
889 3766 925 3803 a
951 3766 1040 3804 me
1066 3749 1357 3823 recognita
1384 3754 1514 3806 sunt
1540 3749 1613 3803 ad
1647 3750 1908 3821 exiguum
1942 3747 2171 3818 reliquit
2195 3746 2563 3819 spicilegium.
2632 3746 2725 3799 Ad

534 3826 762 3881 cosdem
797 3826 1019 3881 codices
1053 3826 1173 3899 (Ο),
1213 3843 1352 3898 quos
1385 3830 1500 3881 iam
1540 3826 1613 3881 ad
1648 3822 2727 3895 SomniumautemScipionis,quod

537 3902 836 3958 Lucullum
889 3906 1236 3974 enumeravi,
1301 3904 1612 3960 Leidenses
1645 3903 1778 3959 libri
1815 3902 1955 3958 sexti
1990 3902 2073 3973 ἐξ.
2104 3908 2289 3956 9-28
2319 3899 2723 3970 complectitur,

539 3978 843 4037 Vossianos
877 3997 933 4034 n.
963 3989 1047 4038 84.
1076 3983 1177 4055 (A)
1206 3988 1263 4037 et
1295 4001 1353 4037 n.
1381 3988 1464 4038 86.
1493 3982 1608 4054 (B),
1645 3979 2157 4053 recognoscendum
2226 3981 2450 4049 praeter
2509 3976 2725 4030 Macro-

541 4057 1031 4135 Vindobonensem
1058 4077 1113 4114 n.
1149 4066 1246 4115 189
1265 4059 1401 4132 (V).-
1438 4059 1610 4115 Para·
1645 4059 1801 4114 bium
1830 4057 2085 4113 adhibuit
2110 4074 2206 4113 sex
2233 4053 2453 4110 codices
2472 4052 2583 4125 (C),
2612 4051 2728 4105 Ra-
