3292 4559
1106 257 1213 311 nn
1250 225 1577 314 osricus
1613 259 1658 312 1.
1697 214 2008 344 1464152.
2127 239 2135 244 “
2471 237 2560 314 45

474 384 705 448 colere
743 381 1070 456 debemus,
1106 379 1405 446 tribuere
1424 376 1615 446 etiam
1653 383 1946 448 multum
1961 385 2293 462 senectuti,
2331 385 2556 452 cedere

476 478 597 554 iis,
646 476 766 560 qui
800 474 1244 560 magistratum
1280 474 1640 552 habebunt,
1687 475 1924 542 habere
1961 479 2265 543 dilectum
2300 479 2456 543 civis
2489 491 2554 544 et

478 571 820 658 peregrini
871 570 939 633 in
988 569 1257 654 ipsoque
1310 571 1679 654 peregrino,
1733 571 2113 656 privatimne
2167 595 2250 636 an
2300 563 2556 658 publice

481 664 772 742 venerit3
824 664 911 728 ad
954 686 1299 740 summam,
1344 687 1426 728 ne
1462 687 1654 750 agam
1690 664 1771 730 de
1807 666 2106 752 singuliS,
2153 684 2558 732 communem

482 761 689 824 totius
725 757 979 848 generis
1015 757 1346 822 hominum
1382 759 1893 825 conc'iliationem
1931 772 1994 826 et
2021 761 2557 870 consociationem

484 855 725 929 colere,
762 853 948 928 tueri,
984 873 1238 916 servare
1275 852 1603 918 debemus,

620 947 771 1011 Iam
806 947 888 1010 de
924 945 1204 1011 artificiis
1242 958 1306 1011 et
1341 949 1744 1032 quaestibus,
1784 949 1894 1034 qui
1928 949 2222 1014 liberales
2257 949 2556 1025 habendi,
2591 943 2662 997 42

484 1042 609 1126 qui
652 1040 896 1104 sordidi
948 1040 1103 1118 sint,
1158 1039 1317 1106 haec
1369 1041 1505 1107 fere
1552 1043 1937 1129 accepimus.
2023 1043 2300 1128 primum
2344 1043 2558 1127 inpro-
2586 1016 2664 1056 ¹⁵⁰

476 1135 735 1199 bantur
779 1135 825 1197 ii
871 1145 1205 1217 quaestus,
1252 1137 1364 1218 qui
1403 1137 1476 1200 in
1518 1138 1668 1202 odia.
1711 1138 2042 1202 hominum
2077 1138 2440 1214 incurrunt,
2484 1149 2558 1201 ut
2621 1191 2632 1200 .

482 1228 909 1316 portitorum,
954 1239 1027 1293 ut
1068 1228 1564 1295 faeneratorum.
1655 1231 2017 1296 inliberales
2064 1241 2280 1296 autem
2325 1242 2390 1296 et
2423 1253 2559 1296 sor-

484 1324 628 1388 didi
653 1325 1587 1406 quaestusmercennariorum
1624 1327 1909 1390 omnium
1922 1375 1940 1403 ,
1979 1347 2260 1409 quorum
2303 1345 2557 1411 operae,

482 1438 619 1482 non
646 1434 935 1500 quorum
970 1429 1138 1482 artes
1173 1429 1502 1496 >emuntur3
1541 1429 1638 1484 est
1673 1419 1843 1484 enim
1871 1419 1946 1484 in
1979 1419 2280 1504 illis-ipsa
2313 1441 2558 1484 merces
2627 1421 2630 1426 ’

484 1523 1049 1578 auctoramentum
1101 1514 1439 1578 servitutis
1550 1515 1789 1580 sordidi
1841 1516 2033 1582 etiam
2085 1516 2380 1600 putandi,
2445 1516 2558 1598 qui

482 1623 864 1672 mercantur
906 1630 945 1670 a
988 1607 1481 1688 mercatoribus,
1536 1610 1712 1694 quod
1761 1611 1980 1674 statim
2028 1610 2314 1674 vendant
2327 1634 2345 1686 3
2399 1609 2557 1674 nihil

486 1703 667 1767 entim
702 1701 1069 1788 proficiant,
1113 1702 1239 1766 nisi
1274 1703 1621 1767 admodum
1658 1704 2073 1779 mentiantur,
2118 1725 2239 1768 nec
2273 1723 2424 1767 vero
2461 1713 2558 1767 est

486 1797 842 1880 quicquam
876 1795 1125 1880 turpius
1161 1797 1460 1861 vanitate.
1534 1797 1922 1882 Opificesque
1959 1817 2178 1860 omnes
2206 1795 2273 1861 in
2301 1795 2558 1859 sordida
2616 1788 2634 1804 '⁴

484 1902 629 1955 arte
686 1900 1050 1966 versantur3
1120 1913 1241 1956 nec
1295 1892 1464 1955 enim
1517 1892 1864 1974 quicquam
1914 1891 2268 1976 ingenuum
2320 1889 2557 1954 habere

478 1995 705 2070 potes-t
753 1983 1035 2048 officina.
1122 1985 1508 2070 minimeque
1564 1997 1732 2050 artes
1765 2007 1892 2051 ‘eae
1936 1983 2333 2071 probandae,
2389 2005 2556 2067 quae
2639 2057 2646 2068 ἱ

474 2079 823 2143 *ministrae
860 2090 1007 2143 sunt
1042 2079 1465 2164 voluptatum,

814 2215 1053 2292 cetarii,
1088 2216 1264 2293 lanii,
1302 2216 1513 2300 coqui,
1549 2215 1840 2294 fartoreS,
1877 2216 2248 2302 piscatores,

484 2371 563 2426 ut
598 2360 692 2424 ait
725 2359 1085 2426 Terentius.
1168 2361 1331 2426 adde
1368 2361 1517 2439 hu'c,
1556 2361 1611 2426 si
1645 2363 1877 2447 placet,
1914 2361 2393 2448 unguentarios,
2431 2361 2556 2424 sal-

485 2467 731 2520 tatores
764 2461 1099 2538 totumque
1130 2455 1359 2520 ludum
1394 2457 1738 2522 talariam·
1786 2457 2020 2540 quibus
2058 2467 2275 2522 autem·
2309 2459 2376 2520 in
2405 2457 2556 2520 arti-
2583 2477 2658 2518 151

488 2551 615 2614 bus
664 2562 775 2614 aut
818 2550 1160 2635 prudentia
1196 2552 1399 2616 maior
1434 2553 1597 2616 inest
1634 2562 1746 2616 aut
1779 2574 1910 2616 non
1944 2551 2280 2616 mediocris
2301 2550 2556 2614 utilitas

487 2645 840 2729 quaeritur,
876 2654 950 2708 ut
982 2644 1317 2723 medicina,
1354 2657 1427 2710 ut
1456 2645 1898 2722 architectura,
1932 2658 2006 2711 ut
2031 2643 2318 2710 doctrina
2343 2665 2556 2708 rerum

486 2739 938 2814 honestarum,
1002 2758 1115 2804 eae
1179 2752 1328 2804 sunt
1378 2741 1489 2818 iis,
1553 2761 1827 2823 quorum
1889 2738 2098 2803 ordini
2151 2737 2556 2813 conveniunt,

489 2832 821 2898 honestae.
908 2844 1268 2898 mercatura
1314 2845 1558 2912 autem,
1608 2835 1663 2898 si
1707 2834 1916 2898 tenuis
1963 2843 2087 2908 est,
2137 2830 2394 2896 sordida
2436 2851 2557 2915 pu-

489 2925 694 2991 tanda
738 2937 863 3003 est3
918 2928 1017 2991 sin
1061 2949 1299 3013 magna
1334 2939 1399 2992 et
1435 2928 1727 3012 copiosa,
1769 2928 1973 2991 multa
2007 2925 2290 3008 undique
2326 2925 2558 3010 adpor-

489 3033 639 3086 tans
676 3022 1027 3104 mult-isque
1074 3023 1209 3086 sine
1257 3023 1537 3087 vanitate
1589 3022 1935 3106 inpertiens
1949 3070 1968 3099 ,
2023 3042 2151 3085 non
2197 3031 2294 3084 est
2339 3020 2558 3084 admo·-

492 3115 653 3180 dum
708 3116 1159 3200 vituperanda,
1218 3126 1409 3200 atque
1464 3118 1687 3194 etiam,
1741 3116 1796 3182 si
1849 3117 2077 3181 satiata
2128 3125 2399 3199 quaestu
2454 3115 2558 3180 vel

491 3221 799 3276 contenta
848 3211 1093 3318 potiuS,
1146 3221 1220 3274 ut
1272 3233 1463 3300 saepe
1520 3235 1600 3276 ex
1658 3213 1786 3277 alto
1831 3213 1899 3276 in
1946 3221 2228 3296 portum,
2283 3233 2366 3274 ex
2416 3210 2558 3294 ipso

490 3315 691 3390 portu
736 3327 803 3368 se
847 3305 911 3367 in
960 3327 1148 3390 agros
1193 3306 1755 3390 possessionesque
1793 3304 2088 3380 contulit,
2133 3305 2438 3368 videtur
2420 3325 2557 3367 lure

492 3397 744 3484 optimo
776 3421 963 3484 posse
998 3401 1265 3464 laudari.
1356 3400 1640 3465 omnium
1678 3409 1892 3464 autem
1927 3421 2168 3474 rerum,
2206 3420 2288 3462 ex
2323 3396 2556 3479 quibus

494 3492 744 3577 aliquid
795 3493 1180 3579 adquiritur,
1232 3494 1391 3558 nihil
1444 3506 1542 3559 est
1594 3495 1733 3580 agri
1786 3493 2037 3557 cultura
2087 3491 2346 3567 melius,
2399 3489 2558 3554 nihil
2637 3519 2642 3522 ·

494 3587 759 3653 uberius
772 3637 791 3666 ,
838 3588 997 3653 nihil
1042 3589 1322 3666 dulcius,
1368 3589 1527 3653 nihil
1578 3589 1835 3653 homine
1887 3587 2090 3651 libero
2138 3585 2421 3670 dignius.
2477 3583 2560 3649 de

497 3705 627 3767 qua
662 3684 968 3767 quoniam
997 3685 1069 3747 in
1088 3681 1337 3748 Catone
1369 3683 1611 3748 maiore
1646 3682 1800 3747 satis
1835 3681 2038 3746 multa
2067 3678 2366 3756 diximus,
2402 3677 2562 3742 ilhm

497 3778 800 3842 adsumes
835 3799 1003 3861 quae
1042 3779 1124 3842 ad
1156 3779 1329 3842 hunc
1361 3778 1577 3842 locum
1611 3776 2036 3862 pertinebunt.

625 3870 767 3938 Sed
802 3871 896 3936 ab
936 3872 1017 3937 iis
1061 3873 1381 3958 partibus,
1426 3893 1592 3956 quae
1639 3879 1787 3934 sunt
1822 3867 2199 3942 honestatis,
2247 3887 2440 3950 quem
2475 3865 2560 3928 ad
2587 3853 2663 3964 ἑξ

497 3967 765 4034 modum
815 3967 1030 4034 officia
1078 3970 1483 4044 ducerentur,
1522 3967 1674 4032 satis
1711 3965 2074 4050 expositum
2108 3962 2378 4027 videtur.
2451 3980 2559 4025 eo-
2617 3979 2626 3988 ·

494 4087 639 4129 rum
690 4073 910 4128 autem
944 4064 1261 4149 ipsorum,
1307 4084 1472 4146 quae
1509 4061 1777 4128 honesta
1811 4069 1989 4137 sunt,
2033 4066 2245 4145 potest
2277 4055 2558 4121 incidere
