3292 4559
991 306 1099 364 DE
1131 305 1656 366 DIVINATIONE
1690 307 1737 363 Ι.
1775 309 1922 366 73-
1930 311 2013 366 78.
2405 301 2530 366 149

447 428 1132 498 Lacedaemoniorum
1167 430 1370 497 classe
1406 431 1528 497 visi
1562 454 1705 498 esse
1740 432 2137 514 dicebantur,
2174 457 2395 502 eorum
2429 437 2531 504 in-

441 525 662 612 signia
689 524 990 602 deorum,
1026 525 1250 592 stellae
1284 548 1538 605 aureae,
1575 549 1739 612 quas
1768 527 1931 607 dixi,
1968 529 2245 617 Delphis
2280 533 2527 618 positae

447 655 570 698 —,
608 619 815 706 paulo
869 629 1020 684 ante
1071 618 1487 686 Leuctricam
1544 645 1835 710 pugnam
1888 625 2261 692 deciderunt
2310 648 2524 711 neque

450 723 746 800 repertae
800 724 976 780 sunt.
1071 714 1428 780 maximum
1479 738 1632 784 vero
1686 718 1847 784 illud
1898 730 2269 807 portentum
2316 721 2525 788 isdem
2566 743 2618 784 τε

450 807 804 894 Spartiatis
846 807 1005 886 fuit,
1051 809 1259 893 quod,
1316 833 1466 876 cum
1509 812 1793 878 oraclum
1840 815 1923 878 ab
1965 815 2124 880 Iove
2166 814 2525 892 Dodonaeo

447 901 836 990 petivissent
871 901 954 970 de
987 903 1255 969 victoria
1288 906 1703 985 sciscitantes,
1737 908 2066 993 legatique
2099 933 2207 974 vas
2242 909 2422 987 illud,
2456 912 2527 976 in

449 1019 590 1082 quo
625 996 878 1061 inerant
911 1007 1143 1073 sortes,
1172 1000 1707 1081 conlocavissent,
1745 1002 1960 1080 simia,
1994 1024 2190 1087 quam
2226 1026 2343 1069 rex
2376 1003 2526 1070 Mo-

449 1093 780 1156 lossorum
825 1090 896 1156 in
948 1091 1192 1158 deliciis
1245 1092 1556 1172 habebat,
1610 1107 1676 1162 et
1727 1097 1915 1162 sortis
1958 1096 2134 1182 ipsas
2182 1107 2248 1162 et
2294 1107 2525 1175 cetera,
2614 1122 2624 1134 ¹

453 1207 634 1270 quae
677 1195 856 1249 erant
900 1184 980 1250 ad
1039 1198 1277 1253 sortem
1329 1199 1572 1274 parata,
1625 1189 2011 1256 disturbavit
2055 1201 2117 1256 et
2170 1191 2348 1256 aliud
2399 1192 2523 1258 alio

454 1278 840 1364 dissupavit.
914 1288 1051 1344 tum
1086 1302 1165 1346 ea
1201 1303 1366 1365 quae
1399 1283 1767 1370 praeposita
1801 1296 1939 1350 erat
1973 1285 2186 1351 oraclo
2224 1282 2521 1354 sacerdos

453 1372 697 1438 dixisse
752 1371 1007 1451 dicitur,
1062 1374 1144 1439 de
1199 1374 1404 1442 salute
1455 1377 1986 1448 Lacedaemoniis
2040 1401 2211 1458 esse,
2250 1399 2397 1446 non
2444 1380 2524 1449 de

451 1467 724 1534 victoria
759 1467 1195 1553 cogitandum.

585 1560 810 1643 Quid?
847 1561 1014 1627 bello
1039 1561 1292 1630 Punico
1327 1564 1607 1632 secundo
1634 1587 1848 1632 nonne
1879 1564 1956 1632 C.
1976 1567 2336 1634 Flaminius
2371 1590 2523 1634 con·
2556 1559 2627 1614 35

449 1657 554 1722 sul
593 1655 838 1720 iterum
880 1657 1164 1742 neglexit
1207 1656 1394 1744 signa
1435 1683 1653 1726 rerum
1694 1661 2058 1726 futurarum
2101 1685 2339 1749 magna
2375 1685 2523 1728 cum
2566 1631 2617 1672 ⁷⁷

454 1749 642 1816 clade
677 1749 775 1814 rei
808 1749 1108 1836 publicae
1121 1751 1153 1815 ἲ
1204 1753 1318 1836 qui
1352 1754 1638 1820 exercitu
1673 1755 1969 1831 lustrat0,
2007 1777 2151 1820 cum
2188 1757 2521 1822 Arretium

453 1865 682 1910 versus
738 1853 952 1908 castra
1001 1845 1307 1912 movisset
1359 1859 1423 1912 01
1474 1859 1699 1912 contra
1748 1848 2184 1914 Hannibalem
2234 1850 2523 1934 legiones

451 1941 743 2016 duceret,
782 1948 850 2004 et
880 1939 1020 2025 ipse
1056 1950 1120 2005 et
1154 1963 1356 2026 equus
1394 1941 1530 2007 eius
1570 1953 1718 2007 ante
1753 1943 2011 2028 signum
2045 1942 2220 2008 Iovis
2250 1941 2523 2008 Statoris

453 2035 594 2102 sine
629 2055 831 2100 causa
855 2045 1120 2120 repente
1149 2037 1426 2102 concidit
1459 2059 1580 2101 nec
1607 2059 1753 2102 eam
1776 2058 1915 2102 rem
1948 2036 2174 2102 habuit
2208 2037 2521 2122 religioni,

453 2130 712 2196 obiecto
747 2129 966 2214 sign0,
1000 2140 1075 2194 ut
1107 2131 1330 2216 peritis
1366 2131 1725 2210 videbatur,
1760 2153 1843 2196 ne
1879 2131 2305 2197 committeret
2336 2153 2523 2218 proe—

451 2224 638 2290 lium.
722 2221 898 2289 idem
946 2245 1094 2288 cum
1144 2225 1426 2311 tripudio
1471 2225 1940 2312 auspicaretur,
1994 2225 2302 2312 pullarius
2352 2226 2523 2292 diem

453 2317 694 2406 proelii
715 2318 1149 2384 committendi
1178 2319 1542 2387 differebat:
1579 2331 1720 2386 tum
1735 2318 2092 2387 Flaminius
2113 2343 2192 2386 ex
2221 2342 2297 2385 eo
2328 2342 2524 2405 quae·

453 2412 632 2490 sivit,
671 2411 726 2476 si
759 2434 838 2476 ne
869 2424 1096 2498 postea
1130 2413 1392 2498 quidem
1426 2415 1589 2501 pulli
1621 2427 2056 2501 pascerentur,
2093 2414 2251 2498 quid
2284 2414 2523 2480 facien-

457 2508 616 2572 dum
664 2518 973 2575 censeret.
1063 2530 1214 2573 cum
1247 2509 1356 2574 ille
1391 2509 1854 2594 quiescendum
1886 2509 2335 2596 respondisset,
2370 2509 2523 2575 Fla-

459 2600 724 2666 minius=
783 2602 1146 2688 ‘praeclara
1188 2623 1344 2668 vera
1385 2603 1702 2689 auspicia,
1756 2603 1812 2668 si
1856 2603 2280 2670 esurientibus
2329 2604 2521 2689 pullis

457 2717 562 2760 res
595 2695 742 2782 geri
778 2695 1032 2780 poterit,
1071 2696 1302 2761 saturis
1337 2696 1496 2762 nihil
1529 2697 1829 2783 geretur?
1899 2697 2115 2782 itaque
2151 2697 2337 2782 signa
2371 2717 2523 2760 con·

458 2789 605 2854 velli
641 2799 712 2854 et
746 2811 818 2855 se
852 2788 1039 2873 sequi
1073 2789 1288 2854 iussit:
1336 2810 1466 2874 quo
1513 2801 1801 2875 tempore
1837 2813 1988 2856 cum
2033 2788 2301 2876 signifer
2333 2787 2522 2874 primi

457 2882 694 2948 hastati
747 2882 1009 2969 signum
1060 2905 1192 2948 non
1243 2893 1464 2970 posset
1512 2906 1773 2950 movere
1813 2885 1958 2950 loco
1998 2905 2126 2994 pec
2178 2883 2521 2969 quicquam

453 2977 904 3062 proficeretur,
955 2977 1173 3063 plures
1211 2999 1359 3042 cum
1405 2978 1815 3055 accederent,
1850 2978 2209 3043 Flaminius
2255 3000 2325 3043 re
2359 2999 2525 3042 nun-

451 3072 612 3136 tiata
658 3092 781 3135 suo
815 3092 994 3137 more
1040 3073 1351 3159 neglexit3
1397 3073 1616 3159 itaque
1650 3072 1855 3138 tribus
1900 3073 1978 3139 iis
2023 3073 2195 3139 horis
2232 3073 2523 3140 concisus

452 3165 782 3232 exercitus
811 3175 1004 3248 atque
1037 3164 1177 3252 ipse
1211 3166 1582 3233 interfectus
1611 3179 1727 3233 est.
1782 3190 2092 3254 magnum
2124 3167 2283 3233 illud
2312 3168 2523 3244 etiam,
2568 3182 2619 3223 ⁷8

443 3261 630 3346 quod
670 3259 920 3324 addidit
956 3257 1245 3337 Caelius,
1281 3283 1359 3328 eo
1393 3273 1681 3348 tempore
1715 3263 1888 3350 ipso,
1924 3286 2073 3330 cum
2106 3262 2230 3328 hoc
2265 3263 2525 3330 calami-
2568 3287 2571 3292 ·

447 3367 682 3420 tosum
709 3352 1025 3438 proelium
1058 3353 1268 3432 fieret,
1305 3367 1516 3422 tantos
1550 3367 1758 3424 terrae
1792 3367 2006 3424 motus
2041 3357 2110 3420 in
2144 3354 2522 3440 Liguribus,

452 3447 689 3516 Gallia
715 3449 1257 3534 conpluribusque
1285 3449 1510 3516 insulis
1536 3463 1801 3536 totaque
1826 3451 1893 3516 in
1912 3451 2103 3516 Italia
2128 3449 2331 3516 factos
2362 3470 2522 3526 esse,

447 3554 528 3608 ut
562 3541 778 3608 multa
807 3542 1050 3628 oppida
1084 3544 1470 3622 conruerint,
1504 3545 1723 3610 multis
1757 3545 1915 3610 locis
1948 3543 2127 3608 labes
2163 3542 2373 3608 factae
2399 3542 2526 3606 sint

451 3650 800 3720 terraeque
837 3635 1185 3702 desiderint
1228 3637 1622 3723 fluminaque
1665 3639 1734 3704 in
1779 3636 2127 3704 contrarias
2172 3634 2373 3722 partis
2405 3635 2527 3700 fiu-

346 3745 368 3752 ·
457 3731 673 3796 xerint
705 3741 904 3814 atque
935 3729 1006 3794 in
1041 3731 1246 3797 amnis
1280 3755 1458 3799 mare
1490 3732 1837 3798 influxerit.

575 3823 797 3889 -Fiunt
830 3833 1042 3889 certae
1078 3823 1545 3892 divinationum
1579 3827 1985 3892 coniecturae
2020 3848 2061 3889 a
2093 3821 2332 3910 peritis.
2393 3820 2629 3888 Mi-ss

460 3916 584 3983 dae
625 3917 724 3982 1111
757 3916 1042 4004 Phrygi,
1095 3941 1243 3985 cum
1287 3941 1451 4007 puer
1483 3931 1683 3998 esset,
1730 3916 2068 3985 dormienti
2112 3915 2477 3982 formicae
2456 3940 2527 3982 111

463 4031 540 4075 os
579 4011 780 4078 tritici
831 4034 1038 4098 grana
1090 4025 1573 4100 congesserunt.
1627 4013 2101 4078 divitissumum
2152 4009 2290 4076 fore
2342 4033 2528 4098 prae-

457 4104 708 4174 dietum
755 4118 886 4186 est,
933 4111 1109 4194 quod
1153 4109 1382 4176 evenit.
1469 4122 1538 4176 at
1569 4108 1831 4175 Platoni
1867 4129 2015 4173 cum
2057 4106 2127 4173 in
2163 4105 2343 4172 cunis
2376 4129 2527 4192 par-
