3292 4559
707 243 837 311 210
1326 249 1407 304 Μ.
1440 245 1719 307 TULLII
1752 242 2156 304 CICERONIS

633 401 637 406 ·
708 381 935 467 sippus
978 375 1241 463 quidem
1286 371 1746 440 divinationem
1790 367 2013 434 definit
2053 366 2154 432 his
2199 366 2444 434 verbis:
2501 369 2635 433 vim
2672 387 2786 432 co-

708 485 1127 564 gnoscentem
1173 480 1240 536 et
1287 467 1612 535 videntem
1657 475 1724 532 et
1773 463 2201 549 explicantem
2255 462 2472 549 signa,
2525 483 2696 548 quae
2743 485 2784 527 a

710 572 809 637 di·
864 566 1229 634 hominibus
1279 559 1773 649 portendantur3
1827 555 2114 624 officium
2168 567 2386 622 autem
2441 580 2583 624 esse
2637 558 2780 624 eius

711 682 1129 754 praenoscere
1183 657 1288 724 dei
1333 677 1491 743 erga
1532 653 1824 720 homines
1865 661 2082 718 mente
2125 671 2258 734 qua
2311 652 2440 717 sint
2491 652 2780 740 quidque

710 757 1104 848 significent,
1157 774 1353 838 quem
1404 750 1490 816 ad
1539 749 1935 832 modumque
1987 767 2066 812 ea
2107 757 2531 832 procurentur
2585 757 2780 832 atque

714 854 1070 941 expientur.
1140 847 1444 932 idemque
1479 843 1873 909 somniorum
1908 839 2370 908 coniectionem
2407 841 2628 907 definit
2655 841 2778 908 hoc

712 948 933 1015 modo:
978 967 1119 1010 esse
1154 942 1289 1008 vim
1333 949 1702 1008 cernentem
1745 947 1810 1003 et
1855 936 2305 1022 explanantem
2319 984 2338 1014 ,
2389 957 2560 1021 quae
2596 959 2636 1002 a
2677 935 2775 1000 dis

714 1040 1080 1109 hominibus
1126 1034 1566 1124 significentur
1606 1032 1676 1098 in
1711 1030 1972 1096 somnis.
2059 1029 2215 1115 quid
2250 1031 2446 1116 ergo?
2499 1031 2585 1096 ad
2619 1029 2778 1096 haec

712 1135 1019 1204 mediocri
1063 1154 1227 1219 opus
1274 1141 1373 1196 est
1415 1126 1758 1214 prudentia
1791 1149 1877 1191 an
1912 1135 1978 1190 et
2021 1124 2282 1211 ingenio
2325 1126 2678 1212 praestanti
2714 1135 2780 1190 et

716 1231 1072 1298 eruditione
1106 1223 1433 1313 perfecta?
1483 1223 1680 1288 talem
1723 1231 1944 1286 autem
1979 1218 2398 1305 cognovimus
2432 1220 2775 1287 neminem.

612 1329 683 1385 64
716 1327 863 1392 vide
896 1324 1097 1410 igitur
1128 1313 1234 1398 ne,
1270 1319 1464 1385 etiam
1500 1317 1555 1382 si
1572 1314 2030 1381 divinationem
2066 1314 2184 1379 tibi
2212 1337 2354 1382 esse
2377 1336 2774 1392 concessem,

614 1403 689 1443 ¹⁸²
717 1419 893 1506 quod
936 1438 1292 1501 numquam
1333 1413 1598 1489 faciam,
1644 1411 1970 1476 neminem
2014 1421 2233 1477 tamen
2269 1409 2552 1476 divinum
2583 1431 2778 1498 repe-

715 1516 842 1582 rire
884 1513 1224 1601 possimus.
1311 1507 1519 1593 qualis
1573 1517 1792 1572 autem
1839 1505 1967 1570 ista
2007 1527 2188 1572 mens
2233 1515 2332 1572 est
2372 1505 2666 1583 deorum,
2719 1505 2776 1570 si

714 1631 927 1695 neque
962 1629 1043 1674 ea
1073 1605 1261 1672 nobis
1298 1601 1666 1690 significant
1698 1600 1768 1666 in
1803 1599 2076 1678 somnis,
2130 1621 2298 1686 quae
2342 1599 2466 1688 ipsi
2504 1621 2620 1687 per
2651 1621 2776 1665 nos

714 1703 1194 1790 intellegamus,
1237 1718 1449 1782 neque
1484 1719 1591 1774 ea,
1637 1717 1913 1780 quorum
1945 1693 2323 1782 interpretes
2358 1694 2592 1761 habere
2624 1715 2778 1782 pos-

717 1797 954 1864 simus?
1001 1795 1237 1862 similes
1274 1793 1447 1858 enim
1480 1801 1631 1856 sunt
1665 1788 1772 1856 dei
1783 1835 1804 1866 ,
1839 1789 1896 1854 si
1932 1812 2012 1856 ea
2043 1788 2230 1856 nobis
2267 1789 2583 1866 obiciunt,
2617 1809 2780 1875 quo-

715 1915 863 1959 rum
895 1913 1017 1958 nec
1052 1889 1385 1956 scientiam
1418 1908 1631 1971 neque
1669 1885 2152 1972 explanatorem
2184 1885 2538 1952 habeamus
2552 1933 2574 1964 ,
2616 1895 2782 1951 tam-

718 2012 915 2075 quam
950 1989 1005 2054 si
1037 1986 1247 2052 Poeni
1281 1995 1396 2051 aut
1428 1982 1714 2070 Hispani
1745 1982 1816 2046 in
1851 1991 2080 2048 senatu
2113 1992 2333 2048 nostro
2366 1983 2782 2068 loque-rentur

618 2106 693 2148 ιω
721 2085 856 2152 sine
900 2083 1270 2168 interprete.
1358 2079 1492 2144 iam
1535 2099 1692 2143 vero
1729 2096 1860 2161 quo
1904 2075 2228 2162 pertinent
2261 2075 2680 2144 obscuritates
2717 2088 2784 2143 et

718 2178 1083 2265 aenigmata
1136 2172 1562 2240 somniorum?
1614 2171 1903 2258 intellegi
1955 2169 2128 2236 enim
2173 2193 2214 2236 a
2257 2170 2443 2237 nobis
2498 2170 2565 2236 di
2617 2171 2782 2236 velle

718 2272 1041 2340 debebant
1086 2291 1195 2346 ea,
1246 2288 1413 2353 quae
1458 2277 1681 2332 nostra
1733 2287 1930 2330 causa
1979 2286 2098 2330 nos
2144 2275 2497 2332 monerent.
2587 2265 2783 2352 quid?

716 2373 910 2454 poeta
960 2383 1182 2440 nemo,
1234 2383 1424 2428 nemo
1476 2360 1785 2447 physicus
1840 2359 2192 2426 obscurus?
2240 2360 2348 2426 ille
2390 2382 2546 2428 vero
2591 2361 2780 2425 nimis

718 2461 914 2526 etiam
948 2457 1261 2522 obscurus
1297 2453 1706 2542 Euphorion,
1743 2465 1813 2518 at
1843 2475 1974 2519 non
2009 2455 2370 2521 Homerus:
2407 2466 2551 2521 uter
2583 2454 2784 2542 igitur

616 2573 693 2614 1³³
718 2552 978 2620 melior?
1021 2552 1210 2618 valde
1244 2549 1615 2618 Heraclitus
1651 2550 1994 2628 obscurus,
2037 2549 2301 2616 minime
2335 2549 2783 2617 Democritus:

719 2670 878 2714 num
911 2647 1111 2736 igitur
1154 2644 1565 2712 conferendi?
1617 2667 1768 2711 mea
1811 2665 2009 2709 causa
2043 2665 2146 2710 me
2181 2666 2406 2710 mones
2441 2644 2617 2729 quod
2650 2666 2784 2710 non

716 2742 1127 2831 intellegam?
1178 2740 1349 2826 quid.
1378 2762 1486 2807 me
1524 2738 1728 2826 igitur
1771 2739 2035 2806 mones?
2086 2751 2161 2805 ut
2203 2740 2260 2805 si
2302 2740 2446 2825 quis
2490 2741 2781 2808 medicus

719 2848 983 2926 aegroto
1015 2837 1291 2923 imperet
1321 2844 1397 2900 ut
1430 2845 1645 2900 sumat

804 2941 1217 3025 terrigenam,
1235 2937 1712 3025 herbigradam,
1733 2935 2181 3024 domiportam,
2202 2938 2513 3025 sanguine
2533 2959 2784 3005 cassam

719 3051 933 3138 potius
969 3072 1163 3136 quam
1199 3050 1530 3116 hominum
1562 3070 1743 3117 more
1778 3048 2062 3116 cocleam
2097 3045 2394 3138 [dicere].
2466 3072 2618 3116 nam
2649 3049 2790 3116 Pa-

722 3145 1033 3212 cuvianus
1067 3145 1377 3232 Amphio,

806 3257 1173 3344 quadrupes
1209 3255 1607 3342 tardigrada,
1644 3254 1936 3344 agrestis,
1972 3254 2249 3334 humilis,
2287 3278 2536 3344 aspera,

743 3412 751 3422 ..
806 3353 1017 3440 capite
1051 3350 1255 3429 brevi,
1292 3349 1537 3416 cervice
1575 3349 1880 3437 anguina,
1917 3361 2183 3436 aspectu
2215 3351 2401 3428 truci,

805 3448 1179 3526 eviscerata,
1213 3444 1519 3524 inanima,
1556 3467 1708 3512 cum
1744 3444 2005 3512 animali
2039 3466 2221 3522 sono,

720 3581 869 3626 cum
904 3559 1170 3626 dixisset
1203 3559 1571 3636 obscurius,
1606 3568 1746 3624 tum
1780 3556 1987 3623 Attici
2018 3557 2435 3644 respondent:

804 3693 937 3738 non
968 3670 1420 3758 intellegimus,
1455 3669 1581 3736 nisi
1617 3669 1674 3735 si
1708 3680 1926 3757 aperte
1964 3669 2230 3736 dixeris:

721 3796 789 3848 at
832 3782 941 3849 ille
988 3803 1118 3848 uno
1161 3780 1363 3848 verbo
1417 3781 1743 3848 ‘testud0.’
1829 3804 1961 3848 non
2002 3791 2305 3869 potueras
2353 3783 2476 3851 hoc
2509 3783 2710 3872 igitur
2745 3808 2790 3851 a

720 3877 1055 3963 principi0,
1091 3875 1437 3954 citharista,
1474 3875 1724 3942 dicere?
2587 3885 2592 3890 '

616 3957 698 4071 ἐξ
849 3969 1084 4038 Defert
1129 3972 1213 4036 ad
1256 3970 1684 4037 coniectorem
1721 3972 1982 4056 quidam
2029 3973 2384 4040 somniasse
2430 3996 2529 4051 se,
2583 3995 2788 4039 ovum

640 4084 651 4098 ··
722 4063 1000 4149 pendere
1056 4088 1137 4131 ex
1190 4065 1406 4132 fascea
1457 4065 1606 4132 lecti
1659 4066 1759 4132 sui
1812 4066 2196 4135 cubicularis
2247 4105 2337 4118 —
2388 4081 2485 4136 est
2539 4068 2661 4135 hoc
2715 4069 2790 4134 in
