3292 4559
684 1491 753 1601 125

690 2941 741 2980 29

796 237 921 306 186
1402 247 1478 302 M
1518 245 1793 304 ‘mmm
1825 195 2232 303 mossoms
2348 285 2357 291 .

789 399 854 462 p.
892 373 1029 460 69.]
1079 393 1373 457 quaeque
1408 369 1812 437 observanda
1845 367 2078 451 eslsent
2111 370 2310 434 multa
2341 370 2696 446 constituit,
2727 371 2818 436 sed

784 493 868 535 ea
902 468 1041 533 sine
1073 468 1371 552 inpensa.
1408 467 1501 531 sic
1534 463 1952 550 religionibus
1980 463 2262 530 colendis
2289 485 2556 550 operam
2585 465 2821 543 addidit,

788 571 1117 648 sumptum
1167 561 1467 640 removit,
1520 561 1822 644 idemque
1877 571 2230 635 mercatus,
2284 560 2476 626 ludos
2521 560 2824 644 omnisque

788 654 1217 722 conveniundi
1252 677 1481 720 causas
1514 671 1579 720 et
1612 653 2016 720 celebritates
2049 653 2312 718 invenit.
2383 651 2628 738 quibus
2643 655 2827 719 rebus

788 749 1093 816 institutis
1137 750 1223 816 ad
1268 750 1732 815 humanitatem
1769 758 1964 832 atque
1998 748 2562 816 mansuetudinem
2595 771 2828 814 revoca·
2921 755 2923 764 '

788 845 881 910 vit
926 843 1173 910 animos
1220 844 1553 908 hominum
1586 843 1814 908 studiis
1848 843 2131 908 bellandi
2164 843 2298 908 iam
2329 843 2616 910 inmanis
2649 865 2721 908 ac
2747 843 2828 907 fe-

787 961 853 1025 p.
892 937 1029 1026 70.]
1064 959 1193 1004 ros.
1254 939 1347 1004 sic
1380 938 1489 1003 ille
1526 959 1674 1002 cum
1707 937 2309 1023 undequadraginta
2342 959 2556 1004 annos
2591 935 2828 1020 sumssma

788 1033 857 1097 in
918 1055 1081 1119 pace
1140 1032 1609 1116 concordiaque
1671 1031 2072 1117 regnavisset
2121 1067 2212 1078 --
2269 1053 2623 1116 sequamur
2679 1031 2824 1097 enim

787 1126 1189 1212 potissimum
1223 1125 1574 1210 Polybium
1608 1135 1922 1200 nostrum,
1967 1146 2096 1209 quo
2131 1145 2324 1190 nemo
2358 1125 2492 1190 fuit
2525 1124 2597 1190 in
2630 1125 2823 1207 exqui-

788 1222 1005 1286 rendis
1047 1219 1443 1306 temporibus
1478 1219 1845 1305 diligentior
1875 1255 1991 1298 -—-,
2039 1220 2316 1286 excessit
2352 1243 2388 1286 e
2427 1219 2568 1284 vita
2603 1218 2821 1284 duabus
2926 1283 2927 1300 ἶ

787 1314 1311 1399 praeclarissimis
1356 1313 1441 1378 ad
1484 1313 1966 1379 diuturnitatem
1999 1314 2098 1379 rei
2132 1313 2434 1400 publicae
2471 1314 2666 1378 rebus
2697 1335 2823 1376 con-

786 1409 1073 1486 firmatis,
1108 1409 1417 1495 religione
1452 1421 1647 1493 atque
1681 1408 2060 1474 clementia?

917 1502 1105 1585 Quae
1152 1525 1300 1568 cum
1336 1501 1559 1590 Scipio
1605 1502 1900 1579 dixisset,
1943 1502 2235 1569 ‘’verene
2281 1502 2498 1584 inquit
2544 1499 2825 1566 Manilius

786 1595 939 1664 ‘hoc
972 1598 1321 1664 memoriae
1357 1596 1679 1683 proditum
1705 1607 1822 1674 est,
1858 1595 2190 1674 Africane,
2226 1619 2454 1682 regem
2489 1597 2684 1662 istum
2707 1595 2825 1660 Nu-

787 1713 961 1757 mam
1001 1691 1415 1778 Pythagorae
1457 1691 1662 1778 ipsius
1707 1691 2094 1778 discipulum
2140 1701 2251 1756 aut
2295 1701 2473 1756 certe
2520 1685 2826 1775 Pythago-

786 1809 851 1872 p.
888 1783 1065 1870 295]
1120 1807 1304 1851 reum
1356 1785 1595 1850 fuisse?
1651 1783 1662 1870 Ι
1717 1807 1912 1870 saepe
1963 1783 2136 1850 enim
2189 1785 2312 1850 hoc
2365 1784 2449 1850 de
2505 1782 2824 1848 maioribus
2927 1807 2929 1830 ι

788 1891 945 1944 natu
979 1879 1341 1946 audivimus
1376 1891 1440 1945 et
1474 1879 1565 1944 ita
1596 1877 2029 1966 intellegimus
2065 1879 2260 1964 volgo
2307 1877 2692 1955 existimari,
2731 1897 2822 1939 ne-

788 1995 915 2057 que
968 1995 1123 2040 vero
1176 1973 1330 2039 satis
1374 1974 1445 2038 id
1488 1974 1816 2042 annalium
1859 1974 2266 2060 publicorum
2309 1974 2693 2039 auctoritate
2733 1971 2824 2034 de-

788 2067 1099 2134 claratum
1143 2068 1476 2133 videmus.’
1564 2078 1706 2134 tum
1743 2066 1964 2154 Scipio
2009 2068 2277 2134 ‘falsum
2315 2080 2416 2133 est
2453 2069 2626 2134 enim
2639 2115 2658 2144 ,
2699 2065 2826 2129 Ma-

786 2162 927 2240 nili,
940 2163 956 2191 ’
1002 2163 1212 2246 inquit
1256 2163 1352 2227 ‘id
1396 2174 1632 2240 totum,
1689 2185 1900 2248 neque
1943 2163 2152 2228 solum
2187 2162 2414 2226 fictum
2427 2210 2445 2239 ,
2509 2162 2625 2227 sed
2657 2159 2822 2226 etiam

784 2256 1057 2342 inperite
1108 2255 1513 2340 absurdeque
1562 2257 1819 2334 fictum3
1873 2279 1952 2322 ea
2005 2269 2153 2325 sunt
2197 2257 2369 2322 enim
2415 2256 2678 2324 demum
2715 2276 2822 2318 non

786 2349 1051 2415 ferenda
1084 2349 1153 2414 in
1187 2350 1550 2427 mendacio,
1594 2373 1766 2435 quae
1801 2373 1932 2417 non
1965 2351 2174 2418 solum
2207 2351 2357 2416 ficta
2393 2373 2574 2430 esse,
2619 2349 2723 2416 sed
2751 2369 2819 2412 ne

784 2466 848 2528 p.
867 2442 1045 2528 296]
1082 2444 1220 2508 fieri
1240 2445 1498 2528 quidem
1515 2446 1801 2532 potuisse
1819 2448 2166 2513 cernimus.
2193 2471 2345 2512 nam
2362 2445 2728 2530 quartumj‘
2711 2465 2816 2508 iam

786 2558 1025 2601 annum
1073 2550 1385 2623 regnante
1429 2539 1639 2606 Lucio
1684 2541 2040 2626 Tarquinio
2087 2541 2384 2627 Superbo
2433 2539 2730 2628 Sybarim
2767 2548 2818 2601 et

786 2627 1137 2698 Crotonem
1200 2642 1264 2696 et
1314 2633 1383 2696 in
1436 2657 1545 2700 eas
1599 2635 1828 2700 Italiae
1879 2635 2078 2720 partis
2131 2635 2547 2720 Pythagoras
2596 2633 2817 2699 venisse

784 2723 1126 2810 reperitur3
1174 2723 1517 2837 Olympias
1552 2729 1728 2794 enim
1762 2729 2046 2794 secunda
2079 2739 2145 2796 et
2179 2730 2587 2820 sexagesima
2619 2725 2817 2793 eadem

788 2819 1067 2906 Superbi
1100 2821 1283 2908 regni
1316 2821 1571 2887 initium
1607 2833 1674 2889 et
1704 2822 2120 2909 Pythagora-e
2155 2824 2438 2890 declarat
2473 2815 2813 2888 adventum

789 2939 869 2981 ex
921 2937 1052 3000 quo
1116 2917 1403 3002 intellegi
1455 2919 1647 3004 regiis
1703 2919 1886 2982 annis
1941 2917 2356 2983 dinumeratis
2407 2929 2624 3004 potest
2671 2933 2816 2980 anno

782 3009 919 3074 fere
979 3011 1323 3076 centesimo
1388 3022 1453 3076 et
1516 3011 2010 3097 quadragesimo
2069 3024 2218 3096 post
2266 3022 2540 3078 mortem
2588 3009 2814 3075 Numae

783 3126 847 3188 p.
882 3102 1019 3188 39.]
1075 3105 1353 3193 primum
1398 3106 1654 3171 Italiam
1699 3105 2142 3191 Pythagoram
2191 3105 2202 3192 Ι
2249 3107 2570 3192 attigisse,
2629 3121 2814 3186 neque

782 3194 904 3259 hoc
938 3196 1103 3261 inter
1136 3219 1267 3276 eos,
1304 3199 1417 3284 qui
1446 3199 1930 3286 diligentissime
1958 3201 2278 3284 persecuti
2305 3211 2456 3264 sunt
2479 3211 2812 3284 temporum

784 3291 1059 3368 annalis,
1112 3293 1303 3358 ullast
1356 3316 1663 3377 umquam
1717 3295 1784 3359 in
1837 3293 2235 3359 dubitatione
2287 3293 2652 3360 versatum'
2731 3287 2810 3351 ‘di

780 3385 1201 3465 inmortales,’
1246 3388 1455 3472 inquit
1488 3388 1800 3454 Manilius
1846 3395 2156 3473 ‘quantus
2200 3388 2322 3453 iste
2365 3399 2464 3454 est
2507 3386 2808 3453 hominum

784 3491 848 3545 et
890 3502 1085 3565 quam
1127 3481 1518 3548 inveteratus
1564 3482 1766 3548 error!
1838 3503 1915 3547 ac
1968 3493 2185 3548 tamen
2225 3481 2416 3548 facile
2460 3483 2666 3569 patior
2700 3499 2806 3542 non

782 3597 923 3641 esse
956 3597 1075 3642 nos
1108 3576 1543 3642 transmarinis
1578 3598 1700 3644 nec
1734 3578 2068 3663 inportatis
2105 3576 2350 3642 artibus
2385 3575 2679 3663 eruditos,
2709 3569 2806 3637 sed

679 3654 745 3767 {f}
781 3671 1077 3757 genuinis
1120 3671 1613 3756 domesticisque
1657 3671 2040 3737 virtutibus?
2131 3674 2338 3756 ‘atqui
2381 3658 2584 3737 fflulto
2625 3670 2690 3734 id
2727 3666 2808 3730 fa-

780 3791 843 3852 p.
879 3766 1017 3848 40.]
1071 3765 1253 3832 cilius
1298 3768 1700 3853 cognosces,
1753 3766 1962 3850 inquit
2003 3766 2420 3832 Africanus‘
2429 3767 2485 3830 si
2522 3763 2534 3852 Ι
2568 3782 2808 3850 progre-

781 3861 1060 3944 dientem
1092 3883 1230 3926 rem
1265 3861 1592 3947 publicam
1626 3871 1821 3944 atque
1855 3861 1924 3924 in
1953 3860 2268 3947 optimum
2295 3871 2532 3927 statum
2555 3852 2810 3923 naturali

779 3957 1059 4041 quodam
1110 3955 1335 4022 itinere
1388 3967 1453 4022 et
1504 3978 1698 4022 cursu
1751 3956 2112 4022 venientem
2165 3956 2430 4034 videris3
2501 3954 2652 4040 quin
2700 3951 2806 4014 hoo

778 4049 919 4132 ipso
962 4049 1339 4134 sapientiam
1380 4051 1697 4116 maiorum
1743 4059 1982 4115 statues
2017 4071 2160 4116 esse
2191 4049 2606 4127 laudandam,
2649 4039 2802 4131 quod

2929 1924 2932 2034 l
