<?xml version="1.0" encoding="UTF-8"?>
<!DOCTYPE html PUBLIC "-//W3C//DTD XHTML 1.0 Transitional//EN"
    "http://www.w3.org/TR/xhtml1/DTD/xhtml1-transitional.dtd">
<html xmlns="http://www.w3.org/1999/xhtml" xml:lang="en" lang="en">
 <head>
  <title>
</title>
<meta http-equiv="Content-Type" content="text/html;charset=utf-8" />
  <meta name='ocr-system' content='tesseract 3.04.00' />
  <meta name='ocr-capabilities' content='ocr_page ocr_carea ocr_par ocr_line ocrx_word'/>
</head>
<body>
  <div class='ocr_page' id='page_1' title='image "./mtulliiciceroni03unkngoog_0647.png"; bbox 0 0 3292 4559; ppageno 0'>
   <div class='ocr_carea' id='block_1_1' title="bbox 1144 234 2604 321">
    <p class='ocr_par' dir='ltr' id='par_1_1' title="bbox 1144 234 2604 321">
     <span class='ocr_line' id='line_1_1' title="bbox 1144 234 2604 321; baseline 0.002 -25"><span class='ocrx_word' id='word_1_1' title='bbox 1144 242 1251 297; x_wconf 81' lang='lat' dir='ltr'><strong>DE</strong></span> <span class='ocrx_word' id='word_1_2' title='bbox 1286 243 1625 321; x_wconf 74' lang='lat' dir='ltr'><strong>LEGLBUs</strong></span> <span class='ocrx_word' id='word_1_3' title='bbox 1661 244 1740 300; x_wconf 91' lang='lat'><strong>11.</strong></span> <span class='ocrx_word' id='word_1_4' title='bbox 1771 246 2014 302; x_wconf 85' lang='lat'><strong>49—55.</strong></span> <span class='ocrx_word' id='word_1_5' title='bbox 2473 234 2604 299; x_wconf 84' lang='lat'><strong>289</strong></span> 
     </span>
    </p>
   </div>
   <div class='ocr_carea' id='block_1_2' title="bbox 538 358 2740 1769">
    <p class='ocr_par' dir='ltr' id='par_1_2' title="bbox 538 358 2740 1769">
     <span class='ocr_line' id='line_1_2' title="bbox 538 358 2740 456; baseline 0.001 -24"><span class='ocrx_word' id='word_1_6' title='bbox 538 376 863 452; x_wconf 76' lang='lat' dir='ltr'><strong>caperent,</strong></span> <span class='ocrx_word' id='word_1_7' title='bbox 900 374 1213 449; x_wconf 88' lang='lat' dir='ltr'><strong>quantum</strong></span> <span class='ocrx_word' id='word_1_8' title='bbox 1248 388 1470 432; x_wconf 89' lang='lat' dir='ltr'><strong>omnes</strong></span> <span class='ocrx_word' id='word_1_9' title='bbox 1500 358 1790 446; x_wconf 85' lang='lat' dir='ltr'><strong>heredes,</strong></span> <span class='ocrx_word' id='word_1_10' title='bbox 1829 368 2025 434; x_wconf 88' lang='lat' dir='ltr'><strong>sacris</strong></span> <span class='ocrx_word' id='word_1_11' title='bbox 2055 368 2345 456; x_wconf 87' lang='lat' dir='ltr'><strong>adligari.</strong></span> <span class='ocrx_word' id='word_1_12' title='bbox 2401 370 2610 435; x_wconf 89' lang='lat' dir='ltr'><strong>habeo</strong></span> <span class='ocrx_word' id='word_1_13' title='bbox 2731 436 2740 449; x_wconf 55' lang='grc'>,</span> 
     </span>
     <span class='ocr_line' id='line_1_3' title="bbox 538 460 2712 550; baseline -0.002 -25"><span class='ocrx_word' id='word_1_14' title='bbox 538 462 642 525; x_wconf 90' lang='lat' dir='ltr'><strong>ius</strong></span> <span class='ocrx_word' id='word_1_15' title='bbox 679 460 1096 546; x_wconf 88' lang='lat' dir='ltr'><strong>pontificium.</strong></span> <span class='ocrx_word' id='word_1_16' title='bbox 1186 461 1344 545; x_wconf 87' lang='lat' dir='ltr'><strong>quid</strong></span> <span class='ocrx_word' id='word_1_17' title='bbox 1376 462 1507 527; x_wconf 91' lang='lat' dir='ltr'><strong>huc</strong></span> <span class='ocrx_word' id='word_1_18' title='bbox 1542 464 1813 529; x_wconf 90' lang='lat' dir='ltr'><strong>accessit</strong></span> <span class='ocrx_word' id='word_1_19' title='bbox 1850 487 1932 530; x_wconf 90' lang='lat' dir='ltr'><strong>ex</strong></span> <span class='ocrx_word' id='word_1_20' title='bbox 1968 464 2107 529; x_wconf 91' lang='lat' dir='ltr'><strong>iure</strong></span> <span class='ocrx_word' id='word_1_21' title='bbox 2145 464 2354 529; x_wconf 78' lang='lat' dir='ltr'><strong>civili?</strong></span> <span class='ocrx_word' id='word_1_22' title='bbox 2414 464 2613 550; x_wconf 88' lang='lat' dir='ltr'><strong>parti-</strong></span> <span class='ocrx_word' id='word_1_23' title='bbox 2655 482 2712 522; x_wconf 74' lang='lat'><strong>53</strong></span> 
     </span>
     <span class='ocr_line' id='line_1_4' title="bbox 538 553 2614 640; baseline 0.001 -21"><span class='ocrx_word' id='word_1_24' title='bbox 538 554 733 620; x_wconf 84' lang='lat' dir='ltr'><strong>tionis</strong></span> <span class='ocrx_word' id='word_1_25' title='bbox 778 564 972 639; x_wconf 88' lang='lat' dir='ltr'><strong>caput</strong></span> <span class='ocrx_word' id='word_1_26' title='bbox 1013 553 1327 640; x_wconf 88' lang='lat' dir='ltr'><strong>scriptum</strong></span> <span class='ocrx_word' id='word_1_27' title='bbox 1372 567 1587 634; x_wconf 89' lang='lat' dir='ltr'><strong>caute,</strong></span> <span class='ocrx_word' id='word_1_28' title='bbox 1633 568 1710 621; x_wconf 91' lang='lat' dir='ltr'><strong>ut</strong></span> <span class='ocrx_word' id='word_1_29' title='bbox 1757 568 2016 622; x_wconf 89' lang='lat' dir='ltr'><strong>centum</strong></span> <span class='ocrx_word' id='word_1_30' title='bbox 2050 558 2298 622; x_wconf 88' lang='lat' dir='ltr'><strong>nummi</strong></span> <span class='ocrx_word' id='word_1_31' title='bbox 2333 558 2614 623; x_wconf 87' lang='lat' dir='ltr'><strong>deduce-</strong></span> 
     </span>
     <span class='ocr_line' id='line_1_5' title="bbox 538 647 2615 737; baseline 0 -22"><span class='ocrx_word' id='word_1_32' title='bbox 538 656 789 714; x_wconf 82' lang='lat' dir='ltr'><strong>rentur:</strong></span> <span class='ocrx_word' id='word_1_33' title='bbox 846 647 1111 713; x_wconf 87' lang='lat' dir='ltr'><strong>inventa</strong></span> <span class='ocrx_word' id='word_1_34' title='bbox 1146 658 1242 712; x_wconf 86' lang='lat' dir='ltr'><strong>est</strong></span> <span class='ocrx_word' id='word_1_35' title='bbox 1276 648 1461 726; x_wconf 82' lang='lat' dir='ltr'><strong>ratiO,</strong></span> <span class='ocrx_word' id='word_1_36' title='bbox 1499 672 1615 714; x_wconf 88' lang='lat' dir='ltr'><strong>cur</strong></span> <span class='ocrx_word' id='word_1_37' title='bbox 1648 652 1925 737; x_wconf 85' lang='lat' dir='ltr'><strong>pecunia</strong></span> <span class='ocrx_word' id='word_1_38' title='bbox 1961 673 2285 717; x_wconf 86' lang='lat' dir='ltr'><strong>sacrorum</strong></span> <span class='ocrx_word' id='word_1_39' title='bbox 2321 652 2615 717; x_wconf 88' lang='lat' dir='ltr'><strong>molestia</strong></span> 
     </span>
     <span class='ocr_line' id='line_1_6' title="bbox 538 741 2700 828; baseline 0.001 -21"><span class='ocrx_word' id='word_1_40' title='bbox 538 742 938 807; x_wconf 78' lang='lat' dir='ltr'>liberaretur.</span> <span class='ocrx_word' id='word_1_41' title='bbox 1043 741 1219 825; x_wconf 88' lang='lat' dir='ltr'><strong>quod</strong></span> <span class='ocrx_word' id='word_1_42' title='bbox 1281 742 1336 807; x_wconf 92' lang='lat' dir='ltr'><strong>si</strong></span> <span class='ocrx_word' id='word_1_43' title='bbox 1401 742 1553 821; x_wconf 90' lang='lat' dir='ltr'><strong>hoc,</strong></span> <span class='ocrx_word' id='word_1_44' title='bbox 1618 745 1732 828; x_wconf 91' lang='lat' dir='ltr'><strong>qui</strong></span> <span class='ocrx_word' id='word_1_45' title='bbox 1794 756 2247 811; x_wconf 88' lang='lat' dir='ltr'><strong>testamentum</strong></span> <span class='ocrx_word' id='word_1_46' title='bbox 2309 745 2611 823; x_wconf 75' lang='lat' dir='ltr'><strong>faciebat,</strong></span> <span class='ocrx_word' id='word_1_47' title='bbox 2692 788 2700 799; x_wconf 50' lang='grc' dir='ltr'><em>ι</em></span> 
     </span>
     <span class='ocr_line' id='line_1_7' title="bbox 542 835 2613 923; baseline 0 -21"><span class='ocrx_word' id='word_1_48' title='bbox 542 858 773 902; x_wconf 86' lang='lat' dir='ltr'><strong>cavere</strong></span> <span class='ocrx_word' id='word_1_49' title='bbox 834 835 1172 913; x_wconf 79' lang='lat' dir='ltr'><strong>noluisset,</strong></span> <span class='ocrx_word' id='word_1_50' title='bbox 1240 836 1543 903; x_wconf 81' lang='lat' dir='ltr'><strong>admonet</strong></span> <span class='ocrx_word' id='word_1_51' title='bbox 1602 837 1760 904; x_wconf 88' lang='lat' dir='ltr'><strong>iuris</strong></span> <span class='ocrx_word' id='word_1_52' title='bbox 1815 840 2142 905; x_wconf 87' lang='lat' dir='ltr'><strong>consultus</strong></span> <span class='ocrx_word' id='word_1_53' title='bbox 2193 839 2300 905; x_wconf 91' lang='lat' dir='ltr'><strong>hic</strong></span> <span class='ocrx_word' id='word_1_54' title='bbox 2351 839 2613 923; x_wconf 89' lang='lat' dir='ltr'><strong>quidem</strong></span> 
     </span>
     <span class='ocr_line' id='line_1_8' title="bbox 538 928 2616 1019; baseline 0.001 -24"><span class='ocrx_word' id='word_1_55' title='bbox 538 932 681 1017; x_wconf 88' lang='lat' dir='ltr'><strong>ipse</strong></span> <span class='ocrx_word' id='word_1_56' title='bbox 741 928 1005 995; x_wconf 89' lang='lat' dir='ltr'><strong>Mucius</strong></span> <span class='ocrx_word' id='word_1_57' title='bbox 1021 977 1040 1008; x_wconf 89' lang='lat'><strong>,</strong></span> <span class='ocrx_word' id='word_1_58' title='bbox 1110 931 1402 1015; x_wconf 85' lang='lat' dir='ltr'><strong>pontifex</strong></span> <span class='ocrx_word' id='word_1_59' title='bbox 1464 931 1668 1008; x_wconf 89' lang='lat' dir='ltr'><strong>idem,</strong></span> <span class='ocrx_word' id='word_1_60' title='bbox 1739 945 1814 999; x_wconf 88' lang='lat' dir='ltr'><strong>ut</strong></span> <span class='ocrx_word' id='word_1_61' title='bbox 1874 933 2086 999; x_wconf 89' lang='lat' dir='ltr'><strong>minus</strong></span> <span class='ocrx_word' id='word_1_62' title='bbox 2147 933 2359 1019; x_wconf 87' lang='lat' dir='ltr'><strong>capiat</strong></span> <span class='ocrx_word' id='word_1_63' title='bbox 2417 952 2616 1017; x_wconf 87' lang='lat' dir='ltr'><strong>quam</strong></span> 
     </span>
     <span class='ocr_line' id='line_1_9' title="bbox 542 1024 2614 1113; baseline 0 -24"><span class='ocrx_word' id='word_1_64' title='bbox 542 1024 841 1089; x_wconf 87' lang='lat' dir='ltr'><strong>omnibus</strong></span> <span class='ocrx_word' id='word_1_65' title='bbox 911 1024 1257 1090; x_wconf 83' lang='lat' dir='ltr'><strong>heredibus</strong></span> <span class='ocrx_word' id='word_1_66' title='bbox 1328 1026 1749 1111; x_wconf 84' lang='lat' dir='ltr'><strong>relinquatur.</strong></span> <span class='ocrx_word' id='word_1_67' title='bbox 1865 1030 2214 1113; x_wconf 77' lang='lat' dir='ltr'><strong>superiores</strong></span> <span class='ocrx_word' id='word_1_68' title='bbox 2294 1027 2614 1104; x_wconf 84' lang='lat' dir='ltr'><strong>dicebant,</strong></span> 
     </span>
     <span class='ocr_line' id='line_1_10' title="bbox 541 1117 2613 1207; baseline 0 -24"><span class='ocrx_word' id='word_1_69' title='bbox 541 1117 850 1204; x_wconf 88' lang='lat' dir='ltr'><strong>quicquid</strong></span> <span class='ocrx_word' id='word_1_70' title='bbox 913 1118 1213 1203; x_wconf 79' lang='lat' dir='ltr'><strong>cepisset,</strong></span> <span class='ocrx_word' id='word_1_71' title='bbox 1286 1119 1625 1207; x_wconf 83' lang='lat' dir='ltr'><strong>adstringi:</strong></span> <span class='ocrx_word' id='word_1_72' title='bbox 1697 1144 1918 1187; x_wconf 88' lang='lat' dir='ltr'><strong>rursus</strong></span> <span class='ocrx_word' id='word_1_73' title='bbox 1981 1122 2176 1187; x_wconf 89' lang='lat' dir='ltr'><strong>sacris</strong></span> <span class='ocrx_word' id='word_1_74' title='bbox 2241 1121 2613 1188; x_wconf 84' lang='lat' dir='ltr'><strong>liberantur.</strong></span> 
     </span>
     <span class='ocr_line' id='line_1_11' title="bbox 541 1212 2616 1299; baseline 0 -20"><span class='ocrx_word' id='word_1_75' title='bbox 541 1213 667 1279; x_wconf 92' lang='lat' dir='ltr'><strong>hoc</strong></span> <span class='ocrx_word' id='word_1_76' title='bbox 708 1232 863 1277; x_wconf 85' lang='lat' dir='ltr'><strong>vero</strong></span> <span class='ocrx_word' id='word_1_77' title='bbox 908 1212 1066 1277; x_wconf 86' lang='lat' dir='ltr'><strong>nihil</strong></span> <span class='ocrx_word' id='word_1_78' title='bbox 1114 1212 1198 1277; x_wconf 88' lang='lat' dir='ltr'><strong>ad</strong></span> <span class='ocrx_word' id='word_1_79' title='bbox 1242 1214 1640 1299; x_wconf 88' lang='lat' dir='ltr'><strong>pontificium</strong></span> <span class='ocrx_word' id='word_1_80' title='bbox 1687 1214 1817 1292; x_wconf 88' lang='lat' dir='ltr'><strong>ius,</strong></span> <span class='ocrx_word' id='word_1_81' title='bbox 1865 1216 1980 1283; x_wconf 89' lang='lat' dir='ltr'><strong>sed</strong></span> <span class='ocrx_word' id='word_1_82' title='bbox 2015 1239 2050 1282; x_wconf 89' lang='lat' dir='ltr'><strong>e</strong></span> <span class='ocrx_word' id='word_1_83' title='bbox 2085 1215 2298 1282; x_wconf 87' lang='lat' dir='ltr'><strong>medio</strong></span> <span class='ocrx_word' id='word_1_84' title='bbox 2344 1227 2443 1282; x_wconf 89' lang='lat' dir='ltr'><strong>est</strong></span> <span class='ocrx_word' id='word_1_85' title='bbox 2473 1216 2616 1281; x_wconf 89' lang='lat' dir='ltr'><strong>iure</strong></span> 
     </span>
     <span class='ocr_line' id='line_1_12' title="bbox 542 1306 2616 1392; baseline 0.001 -20"><span class='ocrx_word' id='word_1_86' title='bbox 542 1306 745 1383; x_wconf 88' lang='lat' dir='ltr'><strong>civili,</strong></span> <span class='ocrx_word' id='word_1_87' title='bbox 790 1316 865 1371; x_wconf 90' lang='lat' dir='ltr'><strong>ut</strong></span> <span class='ocrx_word' id='word_1_88' title='bbox 906 1328 1023 1392; x_wconf 89' lang='lat' dir='ltr'><strong>per</strong></span> <span class='ocrx_word' id='word_1_89' title='bbox 1068 1328 1177 1371; x_wconf 92' lang='lat' dir='ltr'><strong>aes</strong></span> <span class='ocrx_word' id='word_1_90' title='bbox 1223 1319 1288 1373; x_wconf 91' lang='lat' dir='ltr'><strong>et</strong></span> <span class='ocrx_word' id='word_1_91' title='bbox 1331 1308 1563 1374; x_wconf 90' lang='lat' dir='ltr'><strong>libram</strong></span> <span class='ocrx_word' id='word_1_92' title='bbox 1611 1309 1917 1376; x_wconf 78' lang='lat' dir='ltr'><strong>heredem</strong></span> <span class='ocrx_word' id='word_1_93' title='bbox 1961 1311 2327 1377; x_wconf 84' lang='lat' dir='ltr'><strong>testamenti</strong></span> <span class='ocrx_word' id='word_1_94' title='bbox 2363 1310 2616 1375; x_wconf 86' lang='lat' dir='ltr'><strong>solvant</strong></span> 
     </span>
     <span class='ocr_line' id='line_1_13' title="bbox 541 1400 2612 1493; baseline 0 -25"><span class='ocrx_word' id='word_1_95' title='bbox 541 1413 610 1469; x_wconf 89' lang='lat' dir='ltr'><strong>et</strong></span> <span class='ocrx_word' id='word_1_96' title='bbox 644 1400 870 1466; x_wconf 91' lang='lat' dir='ltr'><strong>eodem</strong></span> <span class='ocrx_word' id='word_1_97' title='bbox 904 1402 1047 1465; x_wconf 93' lang='lat' dir='ltr'><strong>loco</strong></span> <span class='ocrx_word' id='word_1_98' title='bbox 1084 1424 1187 1467; x_wconf 90' lang='lat' dir='ltr'><strong>res</strong></span> <span class='ocrx_word' id='word_1_99' title='bbox 1224 1402 1326 1482; x_wconf 89' lang='lat' dir='ltr'><strong>sit,</strong></span> <span class='ocrx_word' id='word_1_100' title='bbox 1363 1406 1550 1487; x_wconf 86' lang='lat' dir='ltr'><strong>quasi</strong></span> <span class='ocrx_word' id='word_1_101' title='bbox 1586 1428 1666 1471; x_wconf 89' lang='lat' dir='ltr'><strong>ea</strong></span> <span class='ocrx_word' id='word_1_102' title='bbox 1697 1405 1974 1492; x_wconf 85' lang='lat' dir='ltr'><strong>pecunia</strong></span> <span class='ocrx_word' id='word_1_103' title='bbox 2008 1407 2224 1493; x_wconf 89' lang='lat' dir='ltr'><strong>legata</strong></span> <span class='ocrx_word' id='word_1_104' title='bbox 2253 1428 2388 1471; x_wconf 92' lang='lat' dir='ltr'><strong>non</strong></span> <span class='ocrx_word' id='word_1_105' title='bbox 2423 1416 2612 1482; x_wconf 87' lang='lat' dir='ltr'><strong>esset,</strong></span> 
     </span>
     <span class='ocr_line' id='line_1_14' title="bbox 540 1494 2614 1587; baseline 0.002 -26"><span class='ocrx_word' id='word_1_106' title='bbox 540 1496 599 1561; x_wconf 88' lang='lat' dir='ltr'><strong>si</strong></span> <span class='ocrx_word' id='word_1_107' title='bbox 640 1495 727 1571; x_wconf 76' lang='lat' dir='ltr'><strong>ie,</strong></span> <span class='ocrx_word' id='word_1_108' title='bbox 772 1494 877 1559; x_wconf 91' lang='lat' dir='ltr'><strong>cui</strong></span> <span class='ocrx_word' id='word_1_109' title='bbox 911 1496 1200 1581; x_wconf 86' lang='lat' dir='ltr'><strong>legatum</strong></span> <span class='ocrx_word' id='word_1_110' title='bbox 1236 1508 1362 1575; x_wconf 89' lang='lat' dir='ltr'><strong>est,</strong></span> <span class='ocrx_word' id='word_1_111' title='bbox 1408 1498 1750 1586; x_wconf 87' lang='lat' dir='ltr'><strong>stipulatus</strong></span> <span class='ocrx_word' id='word_1_112' title='bbox 1788 1511 1888 1565; x_wconf 92' lang='lat' dir='ltr'><strong>est</strong></span> <span class='ocrx_word' id='word_1_113' title='bbox 1919 1500 1990 1565; x_wconf 87' lang='lat' dir='ltr'><strong>id</strong></span> <span class='ocrx_word' id='word_1_114' title='bbox 2023 1500 2266 1587; x_wconf 89' lang='lat' dir='ltr'><strong>ipsum,</strong></span> <span class='ocrx_word' id='word_1_115' title='bbox 2312 1500 2488 1585; x_wconf 92' lang='lat' dir='ltr'><strong>quod</strong></span> <span class='ocrx_word' id='word_1_116' title='bbox 2520 1500 2614 1565; x_wconf 94' lang='lat' dir='ltr'><strong>le-</strong></span> 
     </span>
     <span class='ocr_line' id='line_1_15' title="bbox 538 1590 2612 1681; baseline 0.003 -29"><span class='ocrx_word' id='word_1_117' title='bbox 538 1599 766 1675; x_wconf 88' lang='lat' dir='ltr'><strong>gatum</strong></span> <span class='ocrx_word' id='word_1_118' title='bbox 802 1599 917 1664; x_wconf 93' lang='lat' dir='ltr'><strong>est,</strong></span> <span class='ocrx_word' id='word_1_119' title='bbox 953 1600 1027 1654; x_wconf 89' lang='lat' dir='ltr'><strong>ut</strong></span> <span class='ocrx_word' id='word_1_120' title='bbox 1060 1612 1140 1655; x_wconf 85' lang='lat' dir='ltr'><strong>ea</strong></span> <span class='ocrx_word' id='word_1_121' title='bbox 1173 1590 1449 1675; x_wconf 84' lang='lat' dir='ltr'><strong>pecunia</strong></span> <span class='ocrx_word' id='word_1_122' title='bbox 1484 1615 1565 1658; x_wconf 86' lang='lat' dir='ltr'><strong>ex</strong></span> <span class='ocrx_word' id='word_1_123' title='bbox 1594 1594 2006 1681; x_wconf 86' lang='lat' dir='ltr'><strong>stipulatione</strong></span> <span class='ocrx_word' id='word_1_124' title='bbox 2036 1595 2366 1671; x_wconf 81' lang='lat' dir='ltr'><strong>debeatur,</strong></span> <span class='ocrx_word' id='word_1_125' title='bbox 2403 1595 2612 1679; x_wconf 80' lang='lat' dir='ltr'><strong>sitque</strong></span> 
     </span>
     <span class='ocr_line' id='line_1_16' title="bbox 540 1684 1345 1769; baseline 0.002 -21"><span class='ocrx_word' id='word_1_126' title='bbox 540 1705 623 1749; x_wconf 87' lang='lat' dir='ltr'><strong>ea</strong></span> <span class='ocrx_word' id='word_1_127' title='bbox 652 1704 785 1747; x_wconf 90' lang='lat' dir='ltr'><strong>non</strong></span> <span class='ocrx_word' id='word_1_128' title='bbox 820 1684 1099 1769; x_wconf 71' lang='lat' dir='ltr'><strong>adliqata</strong></span> <span class='ocrx_word' id='word_1_129' title='bbox 1135 1688 1345 1750; x_wconf 73' lang='lat' dir='ltr'><strong>saar-is.</strong></span> 
     </span>
    </p>
   </div>
   <div class='ocr_carea' id='block_1_3' title="bbox 511 1777 2716 4033">
    <p class='ocr_par' dir='ltr' id='par_1_3' title="bbox 511 1777 2707 3087">
     <span class='ocr_line' id='line_1_17' title="bbox 687 1777 2707 1869; baseline 0.002 -30"><span class='ocrx_word' id='word_1_130' title='bbox 687 1777 873 1841; x_wconf 79' lang='lat' dir='ltr'><strong>Venio</strong></span> <span class='ocrx_word' id='word_1_131' title='bbox 910 1779 998 1840; x_wconf 85' lang='lat' dir='ltr'><strong>ad</strong></span> <span class='ocrx_word' id='word_1_132' title='bbox 1027 1778 1315 1843; x_wconf 80' lang='lat' dir='ltr'><strong>Manium</strong></span> <span class='ocrx_word' id='word_1_133' title='bbox 1347 1783 1519 1856; x_wconf 83' lang='lat' dir='ltr'><strong>iura,</strong></span> <span class='ocrx_word' id='word_1_134' title='bbox 1558 1805 1714 1867; x_wconf 81' lang='lat' dir='ltr'><strong>quae</strong></span> <span class='ocrx_word' id='word_1_135' title='bbox 1749 1786 2009 1848; x_wconf 89' lang='lat' dir='ltr'><strong>maiores</strong></span> <span class='ocrx_word' id='word_1_136' title='bbox 2047 1786 2243 1849; x_wconf 76' lang='lat' dir='ltr'><strong>nostri</strong></span> <span class='ocrx_word' id='word_1_137' title='bbox 2275 1794 2333 1847; x_wconf 79' lang='lat' dir='ltr'><strong>et</strong></span> <span class='ocrx_word' id='word_1_138' title='bbox 2366 1784 2612 1869; x_wconf 80' lang='lat' dir='ltr'><strong>sapien·</strong></span> <span class='ocrx_word' id='word_1_139' title='bbox 2653 1804 2707 1845; x_wconf 78' lang='lat'><strong>54</strong></span> 
     </span>
     <span class='ocr_line' id='line_1_18' title="bbox 542 1872 2644 1961; baseline 0.003 -26"><span class='ocrx_word' id='word_1_140' title='bbox 542 1873 771 1935; x_wconf 78' lang='lat' dir='ltr'><strong>tissime</strong></span> <span class='ocrx_word' id='word_1_141' title='bbox 814 1872 1209 1936; x_wconf 73' lang='lat' dir='ltr'><strong>instituerant</strong></span> <span class='ocrx_word' id='word_1_142' title='bbox 1256 1885 1313 1938; x_wconf 76' lang='lat' dir='ltr'><strong>et</strong></span> <span class='ocrx_word' id='word_1_143' title='bbox 1352 1874 1806 1961; x_wconf 70' lang='lat' dir='ltr'><strong>reliqiosissime</strong></span> <span class='ocrx_word' id='word_1_144' title='bbox 1850 1878 2179 1942; x_wconf 82' lang='lat' dir='ltr'><strong>coluerunt.</strong></span> <span class='ocrx_word' id='word_1_145' title='bbox 2267 1877 2644 1942; x_wconf 75' lang='lat' dir='ltr'><strong>Februario·</strong></span> 
     </span>
     <span class='ocr_line' id='line_1_19' title="bbox 540 1969 2614 2050; baseline 0.003 -22"><span class='ocrx_word' id='word_1_146' title='bbox 540 1976 743 2029; x_wconf 78' lang='lat' dir='ltr'><strong>autem</strong></span> <span class='ocrx_word' id='word_1_147' title='bbox 787 1986 1012 2039; x_wconf 79' lang='lat' dir='ltr'><strong>mense,</strong></span> <span class='ocrx_word' id='word_1_148' title='bbox 1063 1969 1174 2050; x_wconf 79' lang='lat' dir='ltr'><strong>qui</strong></span> <span class='ocrx_word' id='word_1_149' title='bbox 1208 1978 1336 2031; x_wconf 78' lang='lat' dir='ltr'><strong>tum</strong></span> <span class='ocrx_word' id='word_1_150' title='bbox 1372 1982 1670 2034; x_wconf 71' lang='lat' dir='ltr'><strong>extremus</strong></span> <span class='ocrx_word' id='word_1_151' title='bbox 1707 1974 1860 2035; x_wconf 79' lang='lat' dir='ltr'><strong>anni</strong></span> <span class='ocrx_word' id='word_1_152' title='bbox 1894 1974 2116 2035; x_wconf 81' lang='lat' dir='ltr'><strong>mensis</strong></span> <span class='ocrx_word' id='word_1_153' title='bbox 2151 1982 2308 2047; x_wconf 79' lang='lat' dir='ltr'><strong>erat,</strong></span> <span class='ocrx_word' id='word_1_154' title='bbox 2354 1974 2614 2035; x_wconf 77' lang='lat' dir='ltr'><strong>mortuis</strong></span> 
     </span>
     <span class='ocr_line' id='line_1_20' title="bbox 511 2058 2614 2151; baseline 0.005 -31"><span class='ocrx_word' id='word_1_155' title='bbox 511 2060 859 2144; x_wconf 66' lang='lat' dir='ltr'><strong>parentari</strong></span> <span class='ocrx_word' id='word_1_156' title='bbox 902 2058 1248 2136; x_wconf 76' lang='lat' dir='ltr'><strong>voluerunt,</strong></span> <span class='ocrx_word' id='word_1_157' title='bbox 1296 2066 1465 2147; x_wconf 80' lang='lat' dir='ltr'><strong>quod</strong></span> <span class='ocrx_word' id='word_1_158' title='bbox 1506 2074 1710 2128; x_wconf 81' lang='lat' dir='ltr'><strong>tamen</strong></span> <span class='ocrx_word' id='word_1_159' title='bbox 1753 2064 1843 2129; x_wconf 89' lang='lat' dir='ltr'><strong>D.</strong></span> <span class='ocrx_word' id='word_1_160' title='bbox 1889 2065 2158 2140; x_wconf 81' lang='lat' dir='ltr'><strong>Brutus,</strong></span> <span class='ocrx_word' id='word_1_161' title='bbox 2206 2077 2274 2129; x_wconf 81' lang='lat' dir='ltr'><strong>ut</strong></span> <span class='ocrx_word' id='word_1_162' title='bbox 2319 2067 2614 2151; x_wconf 74' lang='lat' dir='ltr'><strong>seriptwn</strong></span> 
     </span>
     <span class='ocr_line' id='line_1_21' title="bbox 538 2150 2615 2245; baseline 0.004 -31"><span class='ocrx_word' id='word_1_163' title='bbox 538 2176 583 2215; x_wconf 86' lang='lat' dir='ltr'><strong>a</strong></span> <span class='ocrx_word' id='word_1_164' title='bbox 633 2150 894 2216; x_wconf 75' lang='lat' dir='ltr'><strong>Sisenna</strong></span> <span class='ocrx_word' id='word_1_165' title='bbox 954 2164 1069 2229; x_wconf 83' lang='lat' dir='ltr'><strong>est,</strong></span> <span class='ocrx_word' id='word_1_166' title='bbox 1132 2154 1463 2221; x_wconf 80' lang='lat' dir='ltr'><strong>Decembri</strong></span> <span class='ocrx_word' id='word_1_167' title='bbox 1510 2158 1746 2243; x_wconf 45' lang='lat' dir='ltr'><strong>faeere,</strong></span> <span class='ocrx_word' id='word_1_168' title='bbox 1786 2158 2034 2224; x_wconf 72' lang='lat' dir='ltr'><strong>solebat.</strong></span> <span class='ocrx_word' id='word_1_169' title='bbox 2143 2162 2310 2223; x_wconf 78' lang='lat' dir='ltr'><strong>euius</strong></span> <span class='ocrx_word' id='word_1_170' title='bbox 2365 2181 2472 2245; x_wconf 71' lang='lat' dir='ltr'><strong>eqo</strong></span> <span class='ocrx_word' id='word_1_171' title='bbox 2523 2161 2615 2223; x_wconf 86' lang='lat' dir='ltr'><strong>rei</strong></span> 
     </span>
     <span class='ocr_line' id='line_1_22' title="bbox 536 2252 2610 2339; baseline 0.004 -30"><span class='ocrx_word' id='word_1_172' title='bbox 536 2268 788 2310; x_wconf 80' lang='lat' dir='ltr'><strong>eausam</strong></span> <span class='ocrx_word' id='word_1_173' title='bbox 824 2269 959 2311; x_wconf 83' lang='lat' dir='ltr'><strong>eum</strong></span> <span class='ocrx_word' id='word_1_174' title='bbox 990 2269 1223 2315; x_wconf 81' lang='lat' dir='ltr'><strong>meeum</strong></span> <span class='ocrx_word' id='word_1_175' title='bbox 1259 2272 1627 2335; x_wconf 74' lang='lat' dir='ltr'><strong>quaererem,</strong></span> <span class='ocrx_word' id='word_1_176' title='bbox 1673 2253 1947 2317; x_wconf 75' lang='lat' dir='ltr'><strong>Brutum</strong></span> <span class='ocrx_word' id='word_1_177' title='bbox 1981 2252 2353 2339; x_wconf 76' lang='lat' dir='ltr'><strong>reperiebam</strong></span> <span class='ocrx_word' id='word_1_178' title='bbox 2385 2254 2610 2317; x_wconf 78' lang='lat' dir='ltr'><strong>ideireo</strong></span> 
     </span>
     <span class='ocr_line' id='line_1_23' title="bbox 538 2344 2613 2415; baseline 0.004 -12"><span class='ocrx_word' id='word_1_179' title='bbox 538 2362 581 2403; x_wconf 90' lang='lat' dir='ltr'><strong>a</strong></span> <span class='ocrx_word' id='word_1_180' title='bbox 622 2362 789 2405; x_wconf 86' lang='lat' dir='ltr'><strong>more</strong></span> <span class='ocrx_word' id='word_1_181' title='bbox 830 2344 1135 2407; x_wconf 69' lang='lat' dir='ltr'><strong>maiorum</strong></span> <span class='ocrx_word' id='word_1_182' title='bbox 1180 2347 1523 2412; x_wconf 73' lang='lat' dir='ltr'><strong>discessisse</strong></span> <span class='ocrx_word' id='word_1_183' title='bbox 1559 2382 1646 2396; x_wconf 87' lang='lat'><strong>--</strong></span> <span class='ocrx_word' id='word_1_184' title='bbox 1681 2370 1828 2413; x_wconf 80' lang='lat' dir='ltr'><strong>nam</strong></span> <span class='ocrx_word' id='word_1_185' title='bbox 1875 2348 2202 2415; x_wconf 79' lang='lat' dir='ltr'><strong>Sisennam</strong></span> <span class='ocrx_word' id='word_1_186' title='bbox 2253 2350 2424 2413; x_wconf 83' lang='lat' dir='ltr'><strong>video</strong></span> <span class='ocrx_word' id='word_1_187' title='bbox 2471 2369 2613 2411; x_wconf 83' lang='lat' dir='ltr'><strong>eau-</strong></span> 
     </span>
     <span class='ocr_line' id='line_1_24' title="bbox 537 2435 2643 2529; baseline 0.003 -31"><span class='ocrx_word' id='word_1_188' title='bbox 537 2456 675 2498; x_wconf 87' lang='lat' dir='ltr'><strong>sam</strong></span> <span class='ocrx_word' id='word_1_189' title='bbox 722 2456 829 2499; x_wconf 77' lang='lat' dir='ltr'><strong>‹mr</strong></span> <span class='ocrx_word' id='word_1_190' title='bbox 870 2438 925 2499; x_wconf 84' lang='lat' dir='ltr'><strong>is</strong></span> <span class='ocrx_word' id='word_1_191' title='bbox 968 2449 1133 2502; x_wconf 78' lang='lat' dir='ltr'><strong>vetus</strong></span> <span class='ocrx_word' id='word_1_192' title='bbox 1179 2442 1527 2507; x_wconf 68' lang='lat' dir='ltr'><strong>institutum</strong></span> <span class='ocrx_word' id='word_1_193' title='bbox 1573 2466 1700 2507; x_wconf 82' lang='lat' dir='ltr'><strong>non</strong></span> <span class='ocrx_word' id='word_1_194' title='bbox 1747 2446 2006 2507; x_wconf 80' lang='lat' dir='ltr'><strong>servarit</strong></span> <span class='ocrx_word' id='word_1_195' title='bbox 2048 2445 2353 2529; x_wconf 61' lang='lat' dir='ltr'><strong>ignorare.</strong></span> <span class='ocrx_word' id='word_1_196' title='bbox 2442 2435 2643 2506; x_wconf 61' lang='lat' dir='ltr'><strong>Bm·</strong></span> 
     </span>
     <span class='ocr_line' id='line_1_25' title="bbox 540 2536 2615 2603; baseline 0.004 -12"><span class='ocrx_word' id='word_1_197' title='bbox 540 2540 669 2593; x_wconf 77' lang='lat' dir='ltr'><strong>tum</strong></span> <span class='ocrx_word' id='word_1_198' title='bbox 738 2540 939 2593; x_wconf 81' lang='lat' dir='ltr'><strong>autem</strong></span> <span class='ocrx_word' id='word_1_199' title='bbox 1014 2536 1321 2598; x_wconf 83' lang='lat' dir='ltr'><strong>maiorwm</strong></span> <span class='ocrx_word' id='word_1_200' title='bbox 1391 2550 1742 2603; x_wconf 74' lang='lat' dir='ltr'><strong>nostromm</strong></span> <span class='ocrx_word' id='word_1_201' title='bbox 1812 2540 2158 2603; x_wconf 77' lang='lat' dir='ltr'><strong>institutum</strong></span> <span class='ocrx_word' id='word_1_202' title='bbox 2229 2550 2442 2602; x_wconf 81' lang='lat' dir='ltr'><strong>temere</strong></span> <span class='ocrx_word' id='word_1_203' title='bbox 2511 2557 2615 2600; x_wconf 83' lang='lat' dir='ltr'><strong>ne-</strong></span> 
     </span>
     <span class='ocr_line' id='line_1_26' title="bbox 535 2624 2611 2711; baseline 0.004 -25"><span class='ocrx_word' id='word_1_204' title='bbox 535 2624 821 2709; x_wconf 69' lang='lat' dir='ltr'><strong>9leoeisse,</strong></span> <span class='ocrx_word' id='word_1_205' title='bbox 869 2648 997 2689; x_wconf 76' lang='lat' dir='ltr'><strong>non</strong></span> <span class='ocrx_word' id='word_1_206' title='bbox 1024 2627 1113 2711; x_wconf 79' lang='lat' dir='ltr'><strong>fit</strong></span> <span class='ocrx_word' id='word_1_207' title='bbox 1152 2630 1307 2693; x_wconf 74' lang='lat' dir='ltr'><strong>mihi</strong></span> <span class='ocrx_word' id='word_1_208' title='bbox 1341 2636 1471 2695; x_wconf 88' lang='lat' dir='ltr'><strong>veri</strong></span> <span class='ocrx_word' id='word_1_209' title='bbox 1502 2634 1731 2706; x_wconf 83' lang='lat' dir='ltr'><strong>simile,</strong></span> <span class='ocrx_word' id='word_1_210' title='bbox 1781 2632 2042 2697; x_wconf 89' lang='lat' dir='ltr'><strong>doctum</strong></span> <span class='ocrx_word' id='word_1_211' title='bbox 2078 2631 2402 2696; x_wconf 89' lang='lat' dir='ltr'><strong>hominem</strong></span> <span class='ocrx_word' id='word_1_212' title='bbox 2437 2651 2611 2704; x_wconf 90' lang='lat' dir='ltr'><strong>sane,</strong></span> 
     </span>
     <span class='ocr_line' id='line_1_27' title="bbox 540 2716 2699 2811; baseline 0.002 -30"><span class='ocrx_word' id='word_1_213' title='bbox 540 2716 725 2781; x_wconf 86' lang='lat' dir='ltr'><strong>cuius</strong></span> <span class='ocrx_word' id='word_1_214' title='bbox 769 2717 893 2779; x_wconf 87' lang='lat' dir='ltr'><strong>fuit</strong></span> <span class='ocrx_word' id='word_1_215' title='bbox 937 2719 1179 2784; x_wconf 89' lang='lat' dir='ltr'><strong>Accius</strong></span> <span class='ocrx_word' id='word_1_216' title='bbox 1222 2723 1672 2807; x_wconf 84' lang='lat' dir='ltr'><strong>perfamiliaris</strong></span> <span class='ocrx_word' id='word_1_217' title='bbox 1705 2760 1821 2799; x_wconf 91' lang='lat'><strong>——‚</strong></span> <span class='ocrx_word' id='word_1_218' title='bbox 1869 2725 1986 2789; x_wconf 88' lang='lat' dir='ltr'><strong>sed</strong></span> <span class='ocrx_word' id='word_1_219' title='bbox 2027 2746 2344 2799; x_wconf 89' lang='lat' dir='ltr'><strong>mensem,</strong></span> <span class='ocrx_word' id='word_1_220' title='bbox 2399 2721 2610 2797; x_wconf 88' lang='lat' dir='ltr'><strong>ored0,</strong></span> <span class='ocrx_word' id='word_1_221' title='bbox 2692 2804 2699 2811; x_wconf 34' lang='lat'><strong>·</strong></span> 
     </span>
     <span class='ocr_line' id='line_1_28' title="bbox 540 2811 2615 2893; baseline 0.001 -19"><span class='ocrx_word' id='word_1_222' title='bbox 540 2819 900 2874; x_wconf 88' lang='lat' dir='ltr'><strong>extremum</strong></span> <span class='ocrx_word' id='word_1_223' title='bbox 946 2811 1125 2888; x_wconf 87' lang='lat' dir='ltr'><strong>anni,</strong></span> <span class='ocrx_word' id='word_1_224' title='bbox 1172 2825 1245 2878; x_wconf 92' lang='lat' dir='ltr'><strong>ut</strong></span> <span class='ocrx_word' id='word_1_225' title='bbox 1278 2826 1525 2881; x_wconf 87' lang='lat' dir='ltr'><strong>veteres</strong></span> <span class='ocrx_word' id='word_1_226' title='bbox 1562 2816 2024 2893; x_wconf 87' lang='lat' dir='ltr'><strong>Februarium,</strong></span> <span class='ocrx_word' id='word_1_227' title='bbox 2069 2816 2160 2879; x_wconf 88' lang='lat' dir='ltr'><strong>sic</strong></span> <span class='ocrx_word' id='word_1_228' title='bbox 2195 2816 2300 2879; x_wconf 90' lang='lat' dir='ltr'><strong>hic</strong></span> <span class='ocrx_word' id='word_1_229' title='bbox 2335 2814 2615 2879; x_wconf 91' lang='lat' dir='ltr'><strong>Decem-</strong></span> 
     </span>
     <span class='ocr_line' id='line_1_29' title="bbox 516 2902 2614 2993; baseline 0.003 -26"><span class='ocrx_word' id='word_1_230' title='bbox 516 2904 725 2967; x_wconf 58' lang='lat' dir='ltr'><strong>»brem</strong></span> <span class='ocrx_word' id='word_1_231' title='bbox 758 2902 1166 2987; x_wconf 89' lang='lat' dir='ltr'><strong>sequebatur.</strong></span> <span class='ocrx_word' id='word_1_232' title='bbox 1256 2908 1467 2973; x_wconf 91' lang='lat' dir='ltr'><strong>hostia</strong></span> <span class='ocrx_word' id='word_1_233' title='bbox 1504 2920 1723 2973; x_wconf 87' lang='lat' dir='ltr'><strong>autem</strong></span> <span class='ocrx_word' id='word_1_234' title='bbox 1758 2908 2040 2973; x_wconf 82' lang='lat' dir='ltr'><strong>maxima</strong></span> <span class='ocrx_word' id='word_1_235' title='bbox 2075 2919 2410 2993; x_wconf 90' lang='lat' dir='ltr'><strong>parentare</strong></span> <span class='ocrx_word' id='word_1_236' title='bbox 2423 2954 2442 2983; x_wconf 90' lang='lat'><strong>,</strong></span> <span class='ocrx_word' id='word_1_237' title='bbox 2478 2907 2614 2993; x_wconf 90' lang='lat' dir='ltr'><strong>pie-</strong></span> 
     </span>
     <span class='ocr_line' id='line_1_30' title="bbox 540 2994 1670 3087; baseline 0.005 -26"><span class='ocrx_word' id='word_1_238' title='bbox 540 2997 690 3061; x_wconf 89' lang='lat' dir='ltr'><strong>tatis</strong></span> <span class='ocrx_word' id='word_1_239' title='bbox 728 3019 867 3062; x_wconf 86' lang='lat' dir='ltr'><strong>esse</strong></span> <span class='ocrx_word' id='word_1_240' title='bbox 906 2994 1340 3087; x_wconf 87' lang='lat' dir='ltr'><strong>[adiunctum]</strong></span> <span class='ocrx_word' id='word_1_241' title='bbox 1380 3003 1670 3087; x_wconf 88' lang='lat' dir='ltr'><strong>putabat.</strong></span> 
     </span>
    </p>

    <p class='ocr_par' dir='ltr' id='par_1_4' title="bbox 541 3081 2716 4033">
     <span class='ocr_line' id='line_1_31' title="bbox 672 3081 2716 3193; baseline 0.002 -37"><span class='ocrx_word' id='word_1_242' title='bbox 672 3090 815 3157; x_wconf 87' lang='lat' dir='ltr'><strong>Iam</strong></span> <span class='ocrx_word' id='word_1_243' title='bbox 859 3100 1041 3159; x_wconf 87' lang='lat' dir='ltr'><strong>tanta</strong></span> <span class='ocrx_word' id='word_1_244' title='bbox 1083 3094 1308 3181; x_wconf 88' lang='lat' dir='ltr'><strong>religio</strong></span> <span class='ocrx_word' id='word_1_245' title='bbox 1354 3106 1451 3162; x_wconf 89' lang='lat' dir='ltr'><strong>est</strong></span> <span class='ocrx_word' id='word_1_246' title='bbox 1486 3098 1960 3183; x_wconf 86' lang='lat' dir='ltr'><strong>sepulcrorum,</strong></span> <span class='ocrx_word' id='word_1_247' title='bbox 2005 3106 2080 3161; x_wconf 90' lang='lat' dir='ltr'><strong>ut</strong></span> <span class='ocrx_word' id='word_1_248' title='bbox 2115 3106 2296 3162; x_wconf 87' lang='lat' dir='ltr'><strong>extra</strong></span> <span class='ocrx_word' id='word_1_249' title='bbox 2330 3118 2512 3162; x_wconf 84' lang='lat' dir='ltr'><strong>sacra</strong></span> <span class='ocrx_word' id='word_1_250' title='bbox 2547 3107 2612 3161; x_wconf 87' lang='lat' dir='ltr'><strong>et</strong></span> <span class='ocrx_word' id='word_1_251' title='bbox 2645 3081 2716 3193; x_wconf 65' lang='grc' dir='ltr'><strong>ΞΞ</strong></span> 
     </span>
     <span class='ocr_line' id='line_1_32' title="bbox 541 3186 2612 3277; baseline 0.001 -25"><span class='ocrx_word' id='word_1_252' title='bbox 541 3197 803 3273; x_wconf 84' lang='lat' dir='ltr'><strong>gentem</strong></span> <span class='ocrx_word' id='word_1_253' title='bbox 846 3186 1067 3253; x_wconf 85' lang='lat' dir='ltr'><strong>inferri</strong></span> <span class='ocrx_word' id='word_1_254' title='bbox 1113 3189 1214 3255; x_wconf 88' lang='lat' dir='ltr'><strong>fas</strong></span> <span class='ocrx_word' id='word_1_255' title='bbox 1250 3202 1493 3277; x_wconf 85' lang='lat' dir='ltr'><strong>negent</strong></span> <span class='ocrx_word' id='word_1_256' title='bbox 1528 3214 1699 3269; x_wconf 89' lang='lat' dir='ltr'><strong>esse,</strong></span> <span class='ocrx_word' id='word_1_257' title='bbox 1749 3190 1946 3275; x_wconf 88' lang='lat' dir='ltr'><strong>idque</strong></span> <span class='ocrx_word' id='word_1_258' title='bbox 1982 3191 2156 3277; x_wconf 87' lang='lat' dir='ltr'><strong>apud</strong></span> <span class='ocrx_word' id='word_1_259' title='bbox 2189 3192 2462 3257; x_wconf 90' lang='lat' dir='ltr'><strong>maiores</strong></span> <span class='ocrx_word' id='word_1_260' title='bbox 2497 3212 2612 3255; x_wconf 87' lang='lat' dir='ltr'><strong>no-</strong></span> 
     </span>
     <span class='ocr_line' id='line_1_33' title="bbox 544 3282 2611 3377; baseline 0.001 -32"><span class='ocrx_word' id='word_1_261' title='bbox 544 3292 723 3346; x_wconf 87' lang='lat' dir='ltr'><strong>stros·</strong></span> <span class='ocrx_word' id='word_1_262' title='bbox 746 3282 831 3346; x_wconf 92' lang='lat' dir='ltr'><strong>A.</strong></span> <span class='ocrx_word' id='word_1_263' title='bbox 868 3282 1239 3368; x_wconf 89' lang='lat' dir='ltr'><strong>Torquatus</strong></span> <span class='ocrx_word' id='word_1_264' title='bbox 1272 3286 1341 3351; x_wconf 91' lang='lat' dir='ltr'><strong>in</strong></span> <span class='ocrx_word' id='word_1_265' title='bbox 1378 3298 1571 3373; x_wconf 88' lang='lat' dir='ltr'><strong>gente</strong></span> <span class='ocrx_word' id='word_1_266' title='bbox 1606 3285 1866 3372; x_wconf 88' lang='lat' dir='ltr'><strong>Popilia</strong></span> <span class='ocrx_word' id='word_1_267' title='bbox 1899 3284 2223 3351; x_wconf 84' lang='lat' dir='ltr'><strong>iudicavit.</strong></span> <span class='ocrx_word' id='word_1_268' title='bbox 2303 3307 2424 3377; x_wconf 75' lang='lat' dir='ltr'><strong>nec</strong></span> <span class='ocrx_word' id='word_1_269' title='bbox 2458 3306 2611 3349; x_wconf 86' lang='lat' dir='ltr'><strong>vero</strong></span> 
     </span>
     <span class='ocr_line' id='line_1_34' title="bbox 544 3375 2614 3467; baseline 0.001 -28"><span class='ocrx_word' id='word_1_270' title='bbox 544 3387 680 3439; x_wconf 90' lang='lat' dir='ltr'><strong>tam</strong></span> <span class='ocrx_word' id='word_1_271' title='bbox 723 3375 1076 3455; x_wconf 87' lang='lat' dir='ltr'><strong>denicales,</strong></span> <span class='ocrx_word' id='word_1_272' title='bbox 1131 3401 1297 3464; x_wconf 87' lang='lat' dir='ltr'><strong>quae</strong></span> <span class='ocrx_word' id='word_1_273' title='bbox 1344 3405 1384 3447; x_wconf 85' lang='lat' dir='ltr'><strong>a</strong></span> <span class='ocrx_word' id='word_1_274' title='bbox 1428 3404 1585 3448; x_wconf 91' lang='lat' dir='ltr'><strong>nece</strong></span> <span class='ocrx_word' id='word_1_275' title='bbox 1634 3382 1992 3467; x_wconf 84' lang='lat' dir='ltr'><strong>appellatae</strong></span> <span class='ocrx_word' id='word_1_276' title='bbox 2038 3391 2218 3457; x_wconf 89' lang='lat' dir='ltr'><strong>sunt,</strong></span> <span class='ocrx_word' id='word_1_277' title='bbox 2263 3379 2416 3462; x_wconf 87' lang='lat' dir='ltr'><strong>quia</strong></span> <span class='ocrx_word' id='word_1_278' title='bbox 2459 3378 2614 3442; x_wconf 89' lang='lat' dir='ltr'><strong>resi-</strong></span> 
     </span>
     <span class='ocr_line' id='line_1_35' title="bbox 545 3468 2613 3557; baseline 0 -23"><span class='ocrx_word' id='word_1_279' title='bbox 545 3468 701 3534; x_wconf 86' lang='lat' dir='ltr'><strong>dent</strong></span> <span class='ocrx_word' id='word_1_280' title='bbox 757 3472 990 3535; x_wconf 88' lang='lat' dir='ltr'><strong>mortui</strong></span> <span class='ocrx_word' id='word_1_281' title='bbox 1005 3519 1023 3548; x_wconf 90' lang='lat'><strong>,</strong></span> <span class='ocrx_word' id='word_1_282' title='bbox 1098 3493 1293 3557; x_wconf 89' lang='lat' dir='ltr'><strong>quam</strong></span> <span class='ocrx_word' id='word_1_283' title='bbox 1356 3488 1715 3542; x_wconf 87' lang='lat' dir='ltr'><strong>ceterorum</strong></span> <span class='ocrx_word' id='word_1_284' title='bbox 1781 3474 2151 3540; x_wconf 88' lang='lat' dir='ltr'><strong>caelestium</strong></span> <span class='ocrx_word' id='word_1_285' title='bbox 2215 3472 2414 3557; x_wconf 88' lang='lat' dir='ltr'><strong>quieti</strong></span> <span class='ocrx_word' id='word_1_286' title='bbox 2478 3471 2613 3537; x_wconf 89' lang='lat' dir='ltr'><strong>dies</strong></span> 
     </span>
     <span class='ocr_line' id='line_1_36' title="bbox 543 3563 2617 3652; baseline -0 -22"><span class='ocrx_word' id='word_1_287' title='bbox 543 3563 744 3630; x_wconf 86' lang='lat' dir='ltr'><strong>feriae</strong></span> <span class='ocrx_word' id='word_1_288' title='bbox 788 3566 1300 3645; x_wconf 82' lang='lat' dir='ltr'><strong>nominarentur,</strong></span> <span class='ocrx_word' id='word_1_289' title='bbox 1354 3570 1479 3636; x_wconf 90' lang='lat' dir='ltr'><strong>nisi</strong></span> <span class='ocrx_word' id='word_1_290' title='bbox 1522 3571 1797 3636; x_wconf 85' lang='lat' dir='ltr'><strong>maiores</strong></span> <span class='ocrx_word' id='word_1_291' title='bbox 1843 3590 1981 3646; x_wconf 83' lang='lat' dir='ltr'><strong>eos,</strong></span> <span class='ocrx_word' id='word_1_292' title='bbox 2034 3567 2148 3652; x_wconf 90' lang='lat' dir='ltr'><strong>qui</strong></span> <span class='ocrx_word' id='word_1_293' title='bbox 2193 3590 2273 3633; x_wconf 87' lang='lat' dir='ltr'><strong>ex</strong></span> <span class='ocrx_word' id='word_1_294' title='bbox 2317 3566 2438 3631; x_wconf 87' lang='lat' dir='ltr'><strong>hac</strong></span> <span class='ocrx_word' id='word_1_295' title='bbox 2481 3565 2617 3629; x_wconf 82' lang='lat' dir='ltr'><strong>vita</strong></span> 
     </span>
     <span class='ocr_line' id='line_1_37' title="bbox 544 3660 2616 3747; baseline -0.001 -22"><span class='ocrx_word' id='word_1_296' title='bbox 544 3662 959 3747; x_wconf 82' lang='lat' dir='ltr'><strong>migrassent,</strong></span> <span class='ocrx_word' id='word_1_297' title='bbox 1002 3662 1071 3727; x_wconf 89' lang='lat' dir='ltr'><strong>in</strong></span> <span class='ocrx_word' id='word_1_298' title='bbox 1116 3662 1385 3729; x_wconf 86' lang='lat' dir='ltr'><strong>deorum</strong></span> <span class='ocrx_word' id='word_1_299' title='bbox 1436 3686 1704 3729; x_wconf 89' lang='lat' dir='ltr'><strong>numero</strong></span> <span class='ocrx_word' id='word_1_300' title='bbox 1751 3686 1890 3729; x_wconf 87' lang='lat' dir='ltr'><strong>esse</strong></span> <span class='ocrx_word' id='word_1_301' title='bbox 1933 3662 2306 3727; x_wconf 86' lang='lat' dir='ltr'><strong>voluissent.</strong></span> <span class='ocrx_word' id='word_1_302' title='bbox 2393 3682 2504 3727; x_wconf 87' lang='lat' dir='ltr'><strong>eas</strong></span> <span class='ocrx_word' id='word_1_303' title='bbox 2547 3660 2616 3723; x_wconf 86' lang='lat' dir='ltr'><strong>in</strong></span> 
     </span>
     <span class='ocr_line' id='line_1_38' title="bbox 547 3754 2616 3843; baseline -0.001 -20"><span class='ocrx_word' id='word_1_304' title='bbox 547 3777 658 3823; x_wconf 91' lang='lat' dir='ltr'><strong>eos</strong></span> <span class='ocrx_word' id='word_1_305' title='bbox 684 3756 829 3822; x_wconf 88' lang='lat' dir='ltr'><strong>-dies</strong></span> <span class='ocrx_word' id='word_1_306' title='bbox 866 3756 1157 3823; x_wconf 87' lang='lat' dir='ltr'><strong>conferre</strong></span> <span class='ocrx_word' id='word_1_307' title='bbox 1193 3758 1295 3823; x_wconf 88' lang='lat' dir='ltr'><strong>ius</strong></span> <span class='ocrx_word' id='word_1_308' title='bbox 1333 3771 1445 3834; x_wconf 84' lang='lat' dir='ltr'><strong>est,</strong></span> <span class='ocrx_word' id='word_1_309' title='bbox 1492 3769 1567 3823; x_wconf 91' lang='lat' dir='ltr'><strong>ut</strong></span> <span class='ocrx_word' id='word_1_310' title='bbox 1599 3758 1803 3843; x_wconf 87' lang='lat' dir='ltr'><strong>ipsius</strong></span> <span class='ocrx_word' id='word_1_311' title='bbox 1838 3778 2050 3841; x_wconf 90' lang='lat' dir='ltr'><strong>neque</strong></span> <span class='ocrx_word' id='word_1_312' title='bbox 2083 3755 2380 3842; x_wconf 87' lang='lat' dir='ltr'><strong>publicae</strong></span> <span class='ocrx_word' id='word_1_313' title='bbox 2415 3754 2616 3820; x_wconf 88' lang='lat' dir='ltr'><strong>feriae</strong></span> 
     </span>
     <span class='ocr_line' id='line_1_39' title="bbox 548 3850 2613 3939; baseline -0.002 -22"><span class='ocrx_word' id='word_1_314' title='bbox 548 3852 704 3930; x_wconf 85' lang='lat' dir='ltr'><strong>sint,</strong></span> <span class='ocrx_word' id='word_1_315' title='bbox 749 3862 1012 3936; x_wconf 88' lang='lat' dir='ltr'><strong>totaque</strong></span> <span class='ocrx_word' id='word_1_316' title='bbox 1057 3852 1249 3918; x_wconf 89' lang='lat' dir='ltr'><strong>huius</strong></span> <span class='ocrx_word' id='word_1_317' title='bbox 1295 3854 1453 3918; x_wconf 88' lang='lat' dir='ltr'><strong>iuris</strong></span> <span class='ocrx_word' id='word_1_318' title='bbox 1498 3852 1853 3939; x_wconf 88' lang='lat' dir='ltr'><strong>conpositio</strong></span> <span class='ocrx_word' id='word_1_319' title='bbox 1892 3850 2275 3938; x_wconf 85' lang='lat' dir='ltr'><strong>pontificalis</strong></span> <span class='ocrx_word' id='word_1_320' title='bbox 2310 3871 2613 3934; x_wconf 89' lang='lat' dir='ltr'><strong>magnam</strong></span> 
     </span>
     <span class='ocr_line' id='line_1_40' title="bbox 546 3945 2614 4033; baseline -0.002 -22"><span class='ocrx_word' id='word_1_321' title='bbox 546 3945 925 4031; x_wconf 85' lang='lat' dir='ltr'><strong>religionem</strong></span> <span class='ocrx_word' id='word_1_322' title='bbox 970 3947 1551 4033; x_wconf 87' lang='lat' dir='ltr'><strong>caerimoniamque</strong></span> <span class='ocrx_word' id='word_1_323' title='bbox 1596 3947 1878 4013; x_wconf 85' lang='lat' dir='ltr'><strong>declaret</strong></span> <span class='ocrx_word' id='word_1_324' title='bbox 1885 3971 1904 4024; x_wconf 83' lang='lat'><em>3</em></span> <span class='ocrx_word' id='word_1_325' title='bbox 1959 3968 2168 4030; x_wconf 90' lang='lat' dir='ltr'><strong>neque</strong></span> <span class='ocrx_word' id='word_1_326' title='bbox 2212 3965 2472 4010; x_wconf 88' lang='lat' dir='ltr'><strong>necesse</strong></span> <span class='ocrx_word' id='word_1_327' title='bbox 2518 3953 2614 4007; x_wconf 90' lang='lat' dir='ltr'><strong>est</strong></span> 
     </span>
    </p>
   </div>
   <div class='ocr_carea' id='block_1_4' title="bbox 548 4038 2610 4194">
    <p class='ocr_par' dir='ltr' id='par_1_5' title="bbox 548 4038 2610 4194">
     <span class='ocr_line' id='line_1_41' title="bbox 548 4038 2610 4127; baseline -0.003 -19"><span class='ocrx_word' id='word_1_328' title='bbox 548 4039 814 4108; x_wconf 88' lang='lat' dir='ltr'><strong>edisseri</strong></span> <span class='ocrx_word' id='word_1_329' title='bbox 848 4063 889 4110; x_wconf 86' lang='lat' dir='ltr'><strong>a</strong></span> <span class='ocrx_word' id='word_1_330' title='bbox 922 4041 1129 4121; x_wconf 86' lang='lat' dir='ltr'><strong>nobis,</strong></span> <span class='ocrx_word' id='word_1_331' title='bbox 1165 4064 1332 4127; x_wconf 87' lang='lat' dir='ltr'><strong>quae</strong></span> <span class='ocrx_word' id='word_1_332' title='bbox 1368 4043 1513 4108; x_wconf 88' lang='lat' dir='ltr'><strong>finis</strong></span> <span class='ocrx_word' id='word_1_333' title='bbox 1548 4040 1844 4109; x_wconf 82' lang='lat' dir='ltr'><strong>funestae</strong></span> <span class='ocrx_word' id='word_1_334' title='bbox 1871 4040 2171 4116; x_wconf 89' lang='lat' dir='ltr'><strong>familiae,</strong></span> <span class='ocrx_word' id='word_1_335' title='bbox 2206 4038 2381 4124; x_wconf 81' lang='lat' dir='ltr'><strong>quod</strong></span> <span class='ocrx_word' id='word_1_336' title='bbox 2407 4059 2610 4123; x_wconf 89' lang='lat' dir='ltr'><strong>genus</strong></span> 
     </span>
     <span class='ocr_line' id='line_1_42' title="bbox 654 4138 2254 4194; baseline 0 -8"><span class='ocrx_word' id='word_1_337' title='bbox 654 4142 873 4186; x_wconf 73' lang='lat' dir='ltr'><strong>Ciceronis</strong></span> <span class='ocrx_word' id='word_1_338' title='bbox 892 4143 973 4186; x_wconf 77' lang='lat' dir='ltr'><strong>vol.</strong></span> <span class='ocrx_word' id='word_1_339' title='bbox 995 4143 1103 4187; x_wconf 76' lang='lat' dir='ltr'><strong>vm.</strong></span> <span class='ocrx_word' id='word_1_340' title='bbox 2187 4138 2254 4194; x_wconf 86' lang='lat'><strong>19</strong></span> 
     </span>
    </p>
   </div>
  </div>
 </body>
</html>
