3292 4559
439 1108 445 1131 ἕ
434 943 445 1015 -μ-
439 899 445 930 ,
437 6 453 860 ’.ψ-Ἣ

848 300 936 367 94
1034 254 1040 258 Ι
1454 307 1538 362 M.
1574 304 1851 364 TULLII
1884 301 2287 362 CICERONIS

844 437 928 502 P.
976 433 1382 509 Scaevolam,
1446 429 1781 518 pontifices
1832 427 2178 506 maximos,
2229 449 2360 495 non
2414 427 2742 513 Zenonem
2797 438 2906 492 aut

849 527 1209 595 Cleanthen
1243 537 1356 592 aut
1375 522 1814 611 Chrysippum
1842 543 2094 607 sequor,
2129 521 2465 606 habeoque
2504 519 2583 587 C.
2604 506 2904 588 Laelium

848 645 1162 710 augurem
1214 620 1615 705 eundemque
1678 617 2062 703 sapientem,
2130 636 2321 700 quem
2382 616 2595 702 potius
2648 616 2905 681 audiam

848 718 1166 782 dicentem
1200 716 1282 780 de
1315 713 1675 800 religione
1655 735 1726 776 m
1751 711 1864 776 illa
1896 710 2184 775 oratione
2218 709 2419 774 nobili
2452 730 2649 794 quam
2686 731 2907 793 quem-

847 833 1044 896 quam
1059 810 1413 897 principem
1431 806 1826 883 Stoicorum3
1862 826 2140 889 cumque
2159 805 2365 870 omnis
2390 804 2615 891 populi
2631 804 2907 870 Romani

847 906 1134 992 religio
1113 930 1182 970 in
1225 926 1407 970 sacra
1449 914 1513 968 et
1557 903 1626 967 in
1670 899 1957 987 auspicia
1992 898 2199 964 divisa
2233 898 2345 977 sit,
2388 898 2647 964 tertium
2684 898 2907 963 adiun-

848 1011 1021 1066 ctum
1057 999 1159 1077 sit,
1194 998 1250 1063 si
1284 998 1443 1083 quid
1479 993 1931 1083 praedictionis
1959 1015 2156 1059 causa
2184 1015 2267 1059 ex
2301 992 2607 1080 portentis
2637 1003 2703 1057 et
2728 1013 2909 1059 mon-

847 1093 992 1160 stris
1020 1091 1308 1179 Sibyllae
1341 1092 1721 1176 interpretes
1761 1087 2212 1174 haruspicesve
2238 1097 2644 1165 monuerunt,
2679 1085 2908 1150 harum

847 1210 969 1274 ego
1012 1187 1396 1274 religionum
1441 1184 1687 1249 nullam
1740 1203 2047 1267 umquam
2099 1180 2634 1247 contemnendam
2684 1181 2908 1266 putavi

847 1283 1132 1366 mihique
1167 1281 1260 1346 ita
1292 1278 1603 1366 persuasi,
1638 1276 1991 1342 Romulum
2028 1275 2359 1362 auspiciis,
2392 1275 2676 1342 Numam
2711 1275 2908 1340 sacris

847 1375 1207 1442 constitutis
1235 1373 1657 1439 fundamenta
1681 1371 1904 1437 iecisse
1928 1380 2183 1436 nostrae
2209 1369 2500 1447 civitatis,
2527 1391 2694 1454 quae
2720 1391 2908 1433 num-

848 1492 1045 1554 quam
1088 1467 1376 1555 profecto
1421 1467 1557 1531 sine
1603 1487 1856 1549 summa
1894 1463 2254 1551 placatione
2297 1463 2563 1529 deorum
2604 1463 2910 1528 inmorta-

787 1586 815 1626 e
845 1564 1006 1629 lium
1058 1573 1238 1628 tanta
1293 1583 1433 1626 esse
1485 1558 1817 1647 potuisset.
1922 1557 2153 1636 habes,
2198 1558 2435 1637 Balbe,
2489 1557 2645 1642 quid
2692 1555 2908 1634 Cotta,

849 1657 1005 1743 quid
1040 1655 1334 1744 pontifex
1375 1654 1635 1722 sentiat:
1683 1653 1788 1718 fac
1831 1675 2006 1719 nunc
2050 1675 2173 1738 ego
2208 1652 2607 1739 intellegam,
2643 1663 2717 1718 tu
2750 1652 2908 1737 quid

849 1752 1118 1828 sentias3
1165 1774 1205 1815 a
1247 1762 1312 1815 te
1359 1749 1528 1815 enim
1570 1747 1958 1835 philosopho
2003 1748 2319 1813 rationem
2362 1748 2651 1834 accipere
2704 1747 2907 1813 debeo

844 1845 1201 1932 religionis,
1253 1843 1600 1910 maioribus
1660 1854 1878 1907 autem
1928 1841 2162 1909 nostris
2207 1841 2401 1908 etiam
2440 1842 2621 1907 nulla
2662 1841 2907 1908 ratione

775 1962 811 2014 3
844 1939 1094 2007 reddita
1136 1939 1436 2006 credere.'
1524 1949 1665 2003 tum
1699 1937 1947 2003 Balbus
1995 1941 2221 2021 ‘quam
2262 1935 2461 2022 igitur
2494 1959 2535 2000 a
2568 1959 2673 2002 me
2715 1935 2911 2001 ratio-

843 2058 991 2101 nem
1001 2034 1043 2115 ,⁹
1095 2034 1303 2119 inquit
1354 2042 1373 2070 ‘
1387 2033 1611 2109 Cotta,
1667 2031 2059 2098 desideras?'
2116 2042 2181 2097 et
2227 2031 2337 2097 ille
2391 2031 2906 2117 ‘quadripertita’

843 2129 1054 2213 inquit
1103 2128 1257 2192 ‘fuit
1301 2126 1528 2193 divisio
1575 2137 1721 2204 tua,
1780 2124 2062 2212 primum
2103 2136 2177 2192 ιιι
2225 2124 2424 2192 velles
2470 2125 2699 2193 docere
2753 2126 2909 2192 deos

844 2244 1017 2299 esse,
1058 2221 1302 2287 vdeinde
1355 2222 1576 2305 quales
1629 2230 1871 2297 essent,
1926 2233 2071 2286 tum·
2117 2220 2201 2286 ab
2252 2220 2331 2286 iis
2384 2221 2696 2286 mundum
2745 2221 2907 2307 regi,

841 2328 1166 2405 postremo
1211 2317 1540 2382 consulere
1586 2338 1696 2382 eos
1746 2315 1942 2382 rebus
1992 2315 2310 2382 humanis.
2397 2315 2588 2394 haec,
2635 2317 2691 2382 si
2734 2328 2907 2384 recte

842 2409 1135 2487 memini,
1179 2410 1436 2495 partitio
1479 2410 1643 2474 fuit-⁹
1734 2410 2137 2477 ‘rectissume
2146 2410 2187 2489 ,'
2222 2410 2432 2495 inquit
2465 2412 2712 2478 Balbus
2761 2413 2907 2478 ‘sed

783 2530 808 2569 ι
845 2514 1178 2588 exspectO,
1223 2502 1380 2588 quid
1423 2504 1751 2588 requiras.’
1840 2516 1980 2569 tum
2024 2501 2221 2570 Cotta
2269 2505 2576 2591 ‘primum
2622 2505 2907 2591 quidque

843 2597 1219 2674 videamus,’
1255 2596 1465 2682 inquit
1502 2604 1599 2664 ‘et
1631 2597 1689 2662 si
1722 2597 1790 2662 id
1825 2610 1919 2664 est
1953 2598 2252 2684 primum,
2289 2598 2462 2683 quod
2495 2599 2663 2666 inter
2696 2601 2905 2665 omnis

842 2691 967 2758 nisi
1011 2691 1360 2758 admodum
1402 2692 1611 2778 inpios
1666 2692 1962 2763 convenit
1969 2739 1988 2770 ,
2043 2692 2202 2758 mihi
2252 2692 2515 2776 quidem
2567 2717 2648 2759 ex
2692 2694 2905 2760 animo

844 2785 1037 2852 eximi
1070 2809 1203 2851 non
1237 2797 1480 2873 potest,
1518 2809 1657 2852 esse
1694 2786 1876 2863 deos,
1911 2786 1979 2851 id
2013 2798 2231 2852 tamen
2262 2787 2504 2873 ipsum,
2541 2788 2716 2871 quod
2747 2788 2910 2854 mihi

842 2902 1224 2967 persuasum
1269 2890 1367 2945 est
1400 2880 1773 2946 auctoritate
1809 2880 2152 2957 maiorum,
2199 2903 2313 2947 cur
2356 2881 2447 2945 ita
2481 2881 2592 2960 sit,
2639 2882 2797 2948 nihil
2833 2894 2910 2949 tu

843 2995 950 3038 me
986 2972 1216 3038 doces?
1308 2973 1496 3058 ‘quid
1528 2974 1675 3051 est,'
1721 2974 1929 3060 inquit
1962 2975 2275 3040 Balbus‘
2285 2975 2340 3040 si
2374 2975 2492 3040 tibi
2525 2999 2909 3063 persuasum

847 3079 972 3145 est,
1010 3090 1126 3133 cur
1160 3091 1199 3132 a
1231 3091 1336 3134 me
1371 3070 1527 3135 velis
1564 3070 1877 3138 discere?’
1926 3081 2064 3135 tum
2102 3066 2349 3135 Cotta‘
2362 3071 2515 3155 quia
2550 3072 2641 3137 sic
2678 3072 2911 3159 adgre-

848 3161 1014 3226 dior'
1050 3161 1258 3245 inquit
1294 3162 1408 3228 ‘ad
1440 3163 1606 3230 hanc
1632 3163 2149 3250 disputationem,
2186 3164 2371 3248 quasi
2402 3164 2562 3237 nihil
2597 3188 2911 3251 umquam

846 3255 1157 3322 audierim
1191 3257 1272 3322 de
1308 3255 1406 3323 dis
1451 3258 1928 3336 inmortalibus,
1979 3256 2140 3322 nihil
2183 3258 2623 3344 cogitaverim,
2676 3261 2909 3327 rudem

843 3374 947 3418 me
983 3363 1048 3417 et
1088 3352 1410 3439 integrum
1459 3353 1845 3439 discipulum
1890 3352 2108 3438 accipe
2145 3365 2210 3418 et
2253 3376 2360 3431 ea,
2415 3374 2582 3438 quae
2625 3355 2910 3441 require,

787 3466 815 3506 s
845 3446 1044 3512 doce.'
1135 3448 1270 3512 ‘dic
1303 3448 1544 3533 igitur,'
1579 3447 1787 3533 inquit
1824 3447 2009 3531 ‘quid
2042 3448 2373 3532 requiras.’
2464 3452 2739 3537 ‘egonei’
2773 3452 2911 3538 pri-

844 3564 1022 3606 mum
1055 3541 1246 3618 illud,
1293 3563 1408 3606 cur
1416 3588 1435 3618 ,
1481 3541 1656 3624 quod
1693 3538 2135 3628 [perspicuum
2167 3542 2235 3608 in
2278 3542 2466 3608 istam
2500 3541 2779 3631 partem]
2817 3568 2908 3610 ne

840 3657 1035 3720 egere
1080 3635 1344 3719 quidem
1387 3636 1673 3702 oratione
1716 3636 2015 3715 dixisses,
2068 3638 2245 3722 quod
2280 3650 2447 3704 esset
2488 3639 2907 3726 perspicuum

841 3741 911 3796 et
941 3731 1109 3795 inter
1143 3730 1349 3794 omnis
1386 3740 1734 3809 constaret,
1778 3731 1861 3798 de
1907 3755 1983 3798 eo
2017 3733 2159 3818 ipso
2204 3744 2337 3798 tam
2383 3735 2587 3798 multa
2622 3733 2881 3801 dixeris.
2886 3736 2906 3762 ’

847 3825 1028 3908 ‘quia
1059 3830 1127 3889 te
1161 3825 1446 3908 quoque’
1490 3825 1700 3909 inquit
1736 3826 2211 3904 ‘animadverti,
2250 3823 2464 3903 Cot.,ta
2502 3849 2713 3914 saepe,
2751 3849 2908 3894 cum

842 3919 911 3982 in
946 3917 1087 3982 foro
1116 3919 1377 3995 diceres,
1414 3940 1609 4003 quam
1641 3920 1930 4005 plurimis
1961 3943 2181 4008 posses
2211 3921 2604 4006 argumentis
2634 3943 2904 3987 onerare

844 4001 1142 4087 iudicem,
1179 4011 1233 4075 si
1266 4012 1457 4077 modo
1495 4035 1636 4078 eam
1671 4013 2044 4080 facultatem
2078 4016 2194 4079 tibi
2229 4014 2410 4081 daret
2445 4037 2666 4092 causa3
2706 4028 2909 4100 atque

845 4102 972 4170 hoc
1004 4102 1178 4170 idem
1211 4116 1276 4170 et
1308 4105 1669 4193 philosophi
1703 4108 1949 4176 faciunt
1984 4127 2047 4176 et
2083 4131 2226 4197 ege,
2264 4119 2336 4174 ut
2369 4111 2580 4196 potui,
2616 4110 2773 4178 feci:
2830 4122 2914 4178 tu
