3292 4559
1005 211 1089 279 53
1620 217 1700 272 Μ.
1738 216 2009 275 TULLII
2043 215 2445 274 CICERONIS

901 351 973 404 23
1137 343 1407 411 Dictum
1440 351 1537 408 est
1573 339 1653 406 de
1696 339 1993 405 universo
2030 340 2297 416 mundo,
2342 339 2584 404 dictum
2619 339 2814 406 etiam
2848 353 2945 409 est
2978 344 3069 412 de

913 423 965 463 ⁵³*
1013 437 1354 516 sideribus,
1403 447 1478 502 ut
1521 436 1653 501 iam
1684 454 1881 521 prope
1917 433 2181 499 modum
2215 433 2522 520 adpareat
2564 435 2907 511 multitudo
2939 460 3066 504 nec

1013 532 1393 599 cessantium
1429 530 1696 596 deorum
1727 551 1845 594 nec
1881 550 1979 604 ea,
2017 550 2183 612 quae
2219 538 2441 614 agant,
2477 529 2878 596 molientium
2914 552 3066 597 cum

1009 631 1225 695 labore
1270 645 1537 712 operoso
1582 645 1659 687 ac
1693 622 1989 699 molest03
2041 644 2172 686 non
2215 623 2385 688 enim
2420 623 2602 687 venis
2641 633 2704 688 et
2746 624 2960 690 nervis
2998 636 3064 690 et

1009 723 1258 787 ossibus
1277 719 1698 793 continentur,
1726 738 1845 782 nec
1872 716 1949 780 iis
1978 717 2139 781 escis
2169 727 2280 781 aut
2303 715 2667 801 potionibus
2694 729 3065 794 vescuntur,

1009 832 1081 879 ut
1117 823 1229 879 aut
1261 812 1448 878 nimis
1485 812 1646 876 acris
1684 822 1794 876 aut
1836 810 2027 875 nimis
2064 821 2391 877 concretos
2426 833 2681 877 umores
2717 811 3067 897 conligant,

1009 935 1129 975 nec
1161 910 1237 975 iis
1281 907 1655 993 corporibus
1703 917 1881 983 sunt,
1934 916 2006 971 ut
2052 927 2239 971 casus
2284 917 2397 970 aut
2437 905 2602 971 ictus
2648 906 3069 973 extimescant

1009 1019 1117 1071 aut
1153 1003 1408 1068 morbos
1443 1010 1733 1065 metuant
1780 1022 1861 1065 ex
1898 998 2353 1085 defetigatione
2388 999 2851 1066 membrorum:
2898 1021 3065 1083 quae

1009 1121 1231 1167 verens
1248 1096 1571 1183 Epicurus
1599 1115 2117 1179 monogrammos
2145 1093 2299 1159 deos
2330 1104 2395 1159 et
2427 1093 2585 1159 nihil
2614 1093 2863 1179 agentis
2889 1115 3068 1159 com-

917 1215 965 1255 s]
1009 1207 1259 1259 mantus
1297 1202 1413 1257 est.
1474 1190 1570 1254 illi
1605 1198 1820 1253 autem
1854 1188 2279 1273 pulcherrima
2313 1188 2519 1252 forma
2552 1187 2823 1274 praediti
2857 1188 3068 1273 puris-

1009 1291 1297 1369 simaque
1331 1284 1401 1348 in
1433 1282 1695 1368 regione
1732 1281 1892 1347 caeli
1927 1281 2235 1347 conlocati
2277 1282 2369 1347 ita
2402 1282 2695 1348 feruntur
2725 1282 3069 1347 moderan—

1009 1395 1242 1463 turque
1277 1400 1529 1454 cursus,
1574 1387 1647 1441 ut
1695 1376 1778 1440 ad
1814 1376 2028 1440 omnia
2065 1375 2498 1442 conservanda
2532 1387 2598 1441 et
2640 1375 2880 1441 tuenda
2913 1397 3069 1442 con-

1013 1475 1286 1539 sensisse
1323 1472 1680 1537 videantur.
1768 1470 2006 1535 multae
2042 1481 2259 1536 autem
2301 1471 2463 1536 aliae
2498 1480 2764 1536 naturae
2800 1470 3069 1536 deorum

1013 1593 1093 1635 ex
1129 1566 1379 1653 magnis
1414 1563 1742 1630 beneficiis
1772 1586 1992 1629 eorum
2026 1585 2155 1629 non
2190 1564 2327 1629 sine
2363 1586 2559 1630 causa
2590 1572 2657 1627 et
2693 1588 2733 1631 a
2751 1562 3067 1631 Graeciae

1013 1658 1495 1747 sapientissimis
1531 1669 1595 1724 et
1639 1681 1679 1722 a
1715 1658 2057 1723 maioribus
2093 1659 2325 1723 nostris
2361 1657 2742 1725 constitutae
2775 1657 3069 1723 nomina-

1013 1772 1240 1839 taeque
1295 1763 1443 1819 sunt
1454 1777 1474 1830 3
1529 1752 1836 1837 quioquid
1889 1752 2058 1817 enim
2107 1775 2412 1837 magnam
2465 1752 2805 1818 utilitatem
2846 1753 3069 1837 generi

1009 1851 1290 1915 adferret
1322 1846 1624 1924 human0,
1660 1846 1729 1911 id
1762 1868 1893 1911 non
1928 1848 2065 1913 sine
2101 1846 2318 1912 divina
2353 1847 2636 1913 bonitate
2672 1869 2828 1934 erga
2860 1846 3067 1913 homi-

1009 1971 1121 2007 nes
1165 1942 1312 2009 fieri·
1345 1941 1838 2007 arbitrabantur.
1934 1940 2153 2024 itaque
2201 1949 2341 2006 tum
2384 1941 2574 2018 illud,
2627 1942 2800 2026 quod
2845 1951 2981 2006 erat
3025 1963 3069 2004 a

1009 2043 1129 2103 [leo
1165 2047 1386 2103 natum
1404 2083 1423 2113 ,
1459 2036 1718 2101 nomine
1754 2034 1954 2119 ipsius
1992 2035 2096 2099 dei
2128 2035 2606 2120 nuncupabant,
2641 2046 2716 2099 ut
2750 2057 2899 2101 cum
2932 2034 3073 2100 fru-

1010 2223 1173 2287 illud
1205 2223 1490 2287 Terentii

1388 2317 1523 2381 sine
1561 2314 1797 2382 Cerere
1834 2330 1898 2383 et
1932 2318 2173 2383 Libero
2208 2318 2402 2405 friget
2435 2320 2687 2397 Venus3

917 2431 969 2467 m
1014 2428 1153 2475 tum
1188 2420 1403 2476 autem
1436 2434 1538 2477 res
1572 2411 1744 2496 ipsa,
1797 2412 1865 2475 in
1908 2433 2039 2495 qua
2081 2412 2176 2477 vis
2221 2413 2386 2478 inest
2427 2415 2630 2480 maior
2675 2414 2919 2498 aliqua,
2973 2414 3070 2480 sic

1017 2505 1387 2591 appellatur,
1425 2516 1496 2569 ut
1533 2528 1610 2569 ea
1643 2504 1787 2589 ipsa
1813 2505 2174 2571 nominetur
2209 2507 2389 2585 deus,
2424 2520 2496 2573 ut
2513 2509 2728 2587 Fides,
2765 2521 2835 2575 ut
2851 2508 3069 2587 Mene,

1013 2623 1173 2683 quas
1208 2600 1271 2664 in
1313 2596 1634 2685 Capitolio
1683 2600 2009 2665 dedicatas
2054 2601 2346 2667 videmus
2391 2604 2681 2689 proxime
2726 2627 2767 2668 a
2798 2604 2898 2668 M.
2933 2604 3072 2667 Ae-

1010 2695 1184 2759 milio
1223 2692 1501 2771 Scaur03
1547 2704 1695 2758 ante
1742 2703 1957 2758 autem
2000 2694 2082 2759 ab
2116 2696 2322 2760 Atilio
2360 2694 2656 2762 Calatino
2702 2709 2839 2762 erat
2870 2696 3069 2761 Fides

1013 2800 1398 2855 consecrata.
1470 2786 1651 2852 vides
1688 2788 1961 2854 Virtutis
1998 2791 2325 2876 templum,
2361 2791 2541 2856 vides
2577 2792 2860 2857 Honoris
2897 2816 2938 2859 a
2967 2792 3069 2856 M.

1009 2883 1324 2947 Marcello
1368 2893 1743 2948 renovatum
1756 2930 1775 2960 ,
1830 2885 2004 2966 quod
2045 2884 2259 2950 multis
2307 2898 2453 2952 ante
2500 2887 2682 2951 annis
2718 2898 2853 2953 erat
2899 2886 3070 2952 bello

1017 2975 1351 3059 Ligustico
1407 2999 1445 3040 a
1499 2975 1581 3057 Q.
1628 2976 1919 3041 Maximo
1974 2978 2357 3046 dedicatum.
2454 2981 2609 3065 quid
2654 2979 2861 3067 Opis?
2914 2980 3071 3065 quid

1017 3068 1295 3135 Salutis?
1339 3068 1495 3153 quid
1531 3067 1952 3149 Concordiae,
1988 3072 2359 3151 Libertatis,
2396 3074 2761 3141 Victoriae?
2794 3098 3071 3161 quarum

1017 3162 1299 3227 onmium
1344 3186 1557 3229 rerum
1593 3165 1747 3250 quia
1780 3166 1877 3231 vis
1914 3176 2051 3232 erat
2084 3176 2293 3245 tanta,
2330 3178 2401 3232 ut
2437 3169 2572 3234 sine
2608 3169 2730 3235 deo
2765 3170 2904 3256 regi
2938 3190 3071 3235 non

1013 3267 1258 3343 posset,
1300 3256 1445 3342 ipsa
1486 3280 1586 3324 res
1624 3260 1892 3325 deorum
1924 3282 2163 3326 nomen
2207 3262 2508 3340 obtinuit3
2555 3285 2684 3347 quo
2719 3286 2800 3329 ex
2833 3286 3073 3350 genere

1017 3350 1353 3435 Cupidinis
1390 3362 1452 3417 et
1483 3353 1851 3441 Voluptatis
1895 3365 1961 3421 et
1995 3354 2403 3423 Lubentinae
2437 3358 2710 3424 Veneris
2756 3358 3075 3424 vocabula

1013 3455 1381 3510 consecrata
1431 3458 1608 3526 sunt,
1680 3448 2055 3514 vitiosarum
2118 3473 2332 3516 rerum
2395 3473 2604 3536 neque
2657 3452 3071 3531 naturalium,

1013 3561 1403 3623 quamquam
1439 3542 1728 3608 Velleius
1772 3544 1956 3609 aliter
2000 3544 2351 3621 existimat,
2399 3546 2512 3611 sed
2557 3556 2773 3614 tamen
2807 3570 2886 3613 ea
2926 3548 3074 3633 ipsa

921 3651 969 3687 ¹32
1013 3635 1169 3699 vitia
1227 3647 1526 3701 naturam
1589 3637 2030 3704 vehementius
2094 3663 2286 3726 saepe
2337 3641 2615 3727 pulsant.
2721 3642 3071 3708 utilitatum

1014 3731 1206 3811 ifritujr
1257 3730 1700 3815 magnitudine
1754 3732 2081 3799 constituti
2134 3745 2284 3799 sunt
2337 3734 2396 3800 ei
2450 3735 2545 3813 di,
2598 3736 2710 3821 qui
2764 3737 3071 3801 utilitates

1017 3843 1301 3907 quasque
1345 3825 1731 3909 gignebant3
1786 3838 1980 3910 atque
2023 3828 2121 3893 his
2168 3827 2428 3913 quidem
2462 3830 2857 3907 nominibus,
2902 3851 3072 3914 quae

1017 3919 1206 3999 paulo
1243 3929 1389 3983 ante
1426 3919 1596 3984 dicta
1631 3932 1797 3999 sunt,
1833 3942 2000 4004 quae
2034 3922 2132 3987 vis
2170 3924 2279 4001 sit,
2313 3924 2382 3989 in
2419 3946 2675 4010 quoque
2712 3924 3075 3991 declaratur

913 4019 981 4075 24
1021 4007 1161 4071 den.
1248 4012 1528 4097 suscepit
1565 4024 1777 4079 autem
1811 4016 1943 4081 vita
1974 4017 2306 4084 hominum
2342 4019 2861 4105 consuetudoque
2898 4038 3082 4084 com-

1010 2155 1125 2215 ges
1145 2129 1447 2195 Cererem
1483 2130 1905 2216 appellamus,
1941 2128 2163 2194 vinum
2198 2140 2416 2194 autem
2450 2128 2781 2208 Liberum,
2820 2153 2900 2196 ex
2936 2151 3068 2214 quo
3179 2193 3188 2200 ,
3263 2120 3264 2131 ’
