3292 4559
953 224 1060 280 DE
1093 223 1420 303 DEORUM
1454 224 1781 283 NATURA
1812 226 1894 281 11.
1925 226 2163 283 46-51.
2498 219 2585 285 55

535 372 687 415 nam
721 370 868 413 cum
903 347 1030 412 duo
1065 348 1191 413 sint
1223 368 1461 433 genera
1495 347 1795 427 siderum,
1831 370 2103 433 quorum
2137 341 2404 418 alterum
2439 376 2585 439 spa·
2618 378 2685 433 19

537 443 640 507 tiis
675 441 1152 508 inmutabilibus
1187 443 1270 506 ab
1305 452 1449 507 ortu
1483 443 1568 507 ad
1603 463 1903 509 occasum
1937 465 2299 511 commeans
2334 448 2583 513 nullum

536 557 844 619 umquam
894 558 1116 602 cursus
1161 535 1262 601 sui
1303 536 1645 622 vestigium
1688 536 1999 614 inflectat,
2053 539 2323 605 alterum
2368 552 2584 607 autem

537 630 868 695 continuas
923 629 1366 695 conversiones
1421 629 1582 695 duas
1632 629 1837 697 isdem
1890 631 2107 716 spatiis
2164 634 2579 719 cursibusque

535 722 856 799 conficiat,
909 745 992 787 ex
1024 733 1294 807 utraque
1327 745 1398 789 re
1434 732 1498 789 et
1542 724 1767 789 mundi
1800 725 2161 791 volubilitas
2177 772 2197 801 ,
2250 747 2416 809 quae
2458 727 2582 791 nisi

531 816 602 883 in
643 816 926 903 globosa
952 816 1160 881 forma
1203 839 1344 882 esse
1375 838 1508 882 non
1550 828 1795 903 posset,
1842 828 1907 883 et
1953 819 2277 883 stellarum
2320 822 2582 887 rutundi

535 911 814 976 ambitus
843 921 1332 997 cognoscuntur.
1384 911 1758 997 primusque
1789 912 1905 989 sol,
1935 912 2046 995 qui
2072 923 2385 979 astrorum
2409 926 2581 981 tenet

533 1005 980 1091 principatum,
1013 1004 1107 1069 ita
1139 1017 1448 1081 movetur,
1483 1016 1584 1083 ut,
1621 1028 1771 1071 cum
1806 1016 2007 1072 terras
2038 1006 2221 1091 larga
2254 1007 2397 1073 luce
2432 1029 2582 1072 con-

533 1098 825 1185 pleverit,
857 1098 1115 1165 easdem
1147 1098 1338 1163 modo
1365 1098 1484 1177 his,
1517 1100 1711 1165 modo
1744 1099 1870 1164 illis
1899 1122 1981 1164 ex
2011 1099 2299 1185 partibus
2326 1112 2552 1185 opacet
2559 1126 2579 1178 3

531 1193 674 1277 ipsa
707 1192 878 1257 enim
913 1192 1142 1257 umbra
1176 1203 1382 1259 terrae
1417 1192 1538 1258 soli
1571 1192 1859 1259 officiens
1892 1204 2146 1259 noctem
2180 1192 2395 1258 efficit.
2466 1215 2582 1259 no-

536 1296 900 1351 cturnorum
936 1296 1150 1351 autem
1185 1286 1534 1371 spatiorum
1569 1286 1795 1351 eadem
1830 1296 1927 1353 est
1962 1285 2379 1369 aequabilitas
2414 1307 2579 1370 quae

536 1378 936 1456 diurnorum,
989 1379 1399 1462 eiusdemque
1435 1380 1585 1445 solis
1621 1390 1759 1444 tum
1794 1401 2087 1445 accessus
2120 1378 2390 1459 modici,
2443 1391 2582 1445 tum

533 1494 818 1538 recessus
871 1482 934 1537 et
983 1472 1238 1559 frigoris
1291 1484 1354 1538 et
1407 1473 1630 1538 caloris
1682 1473 1947 1537 modum
1999 1483 2371 1558 temperant.
2460 1472 2582 1537 cir-

533 1565 808 1631 cumitus
844 1566 1014 1630 enim
1048 1566 1199 1631 solis
1235 1566 1486 1633 orbium
1509 1590 1554 1633 v
1579 1578 1645 1633 et
1676 1590 1759 1631 Lx
1784 1578 1849 1633 et
1878 1590 1991 1633 oco
2029 1578 2254 1651 quarta
2286 1566 2421 1632 fere
2457 1565 2583 1630 diei
2624 1568 2628 1573 ’

532 1670 714 1745 parte
750 1658 970 1724 addita
1001 1660 1479 1725 conversionem
1515 1660 1860 1725 conficiunt
1892 1683 2200 1738 annuam,
2252 1659 2581 1727 inflectens

535 1763 749 1817 autem
793 1754 890 1817 sol
935 1774 1192 1817 cursum
1237 1764 1378 1817 tum
1420 1752 1504 1817 ad
1550 1754 2040 1837 septentriones,
2093 1765 2233 1817 tum
2268 1754 2355 1818 ad'
2393 1753 2582 1818 meri·-

533 1844 734 1921 diem,
770 1854 1042 1909 aestates
1079 1854 1143 1909 et
1176 1843 1417 1909 hiemes
1453 1844 1653 1909 efficit
1688 1856 1751 1909 et
1786 1867 1863 1909 ea
1898 1845 2025 1908 duo
2061 1856 2379 1930 tempora,
2422 1866 2582 1927 quo-

531 1958 678 2000 rum
731 1937 1002 2000 alterum
1055 1936 1251 2000 hiemi
1303 1937 1658 2001 senescenti
1712 1936 2081 2000 adiunctum
2133 1946 2259 2012 est,
2312 1936 2581 2000 alterum

528 2028 778 2095 aestati.
829 2027 924 2091 ita
955 2050 1038 2091 ex
1063 2038 1362 2110 quattuor
1395 2038 1753 2113 temporum
1787 2027 2243 2093 mutationibus
2278 2026 2581 2104 omnium,

533 2143 700 2206 quae
733 2131 902 2185 terra
929 2121 1216 2205 marique
1241 2122 1612 2208 gignuntur,
1645 2120 1829 2187 initia
1856 2144 2213 2206 causaeque
2238 2122 2577 2187 ducuntur.

531 2217 660 2281 iam
698 2215 845 2281 solis
882 2238 1126 2281 annuos
1162 2238 1384 2283 cursus
1419 2217 1640 2304 spatiis
1664 2210 2024 2283 'menstruis
2057 2217 2214 2284 luna
2247 2216 2581 2300 consequi-
2621 2240 2675 2283 50

533 2322 665 2386 tur,
719 2308 898 2373 cuius
953 2308 1397 2375 tenuissimum
1448 2311 1668 2375 lumen
1711 2310 1875 2375 facit,
1912 2310 2241 2395 proximus
2287 2331 2579 2376 accessus

533 2403 616 2467 ad
651 2403 881 2479 solem,
929 2401 1250 2488 digressus
1286 2415 1500 2469 autem
1541 2404 1949 2489 longissimus
1985 2404 2255 2487 quisque
2288 2403 2582 2490 plenissi-

530 2519 739 2574 mum;
781 2518 990 2579 neque
1037 2497 1244 2561 solum
1287 2497 1424 2562 eius
1471 2497 1715 2582 species
1750 2518 1827 2562 ac
1869 2496 2076 2561 forma
2116 2509 2399 2563 mutatur
2442 2510 2581 2565 tum

533 2590 894 2666 crescendO,
930 2600 1068 2654 tum
1103 2590 1458 2657 defectibus
1493 2591 1562 2657 in
1594 2591 1775 2655 initia
1807 2592 2209 2669 recurrendo,
2248 2591 2362 2657 sed
2388 2592 2577 2657 etiam

531 2684 710 2769 regio
721 2731 740 2761 ,
794 2704 960 2766 quae
1011 2695 1150 2748 tum
1205 2695 1302 2749 est
1353 2684 1679 2768 aquilonia
1728 2694 1867 2749 tum
1920 2685 2233 2749 australis.
2320 2688 2462 2749 inde
2510 2686 2579 2748 in

532 2779 724 2841 lunae
764 2798 1024 2860 quoque
1068 2800 1258 2842 cursu
1303 2791 1400 2843 est
1444 2790 1510 2844 et
1551 2780 1815 2843 brumae
1860 2778 2175 2862 quaedam
2221 2788 2285 2843 et
2329 2777 2579 2843 solstitii

535 2871 908 2946 similitudo,
951 2872 1280 2955 multaque
1316 2872 1400 2937 ab
1445 2894 1522 2936 ea
1555 2883 1817 2936 manant
1860 2884 1924 2937 et
1964 2873 2199 2948 fluunt,
2244 2871 2478 2955 quibus
2514 2883 2581 2937 et

535 2965 886 3029 animantes
931 2964 1180 3029 alantur
1223 2976 1697 3050 augescantque
1743 2975 1805 3029 et
1848 2965 2204 3050 pubescant
2248 2966 2579 3031 maturita-

535 3069 792 3139 temque
845 3055 1302 3139 adsequantur,
1353 3078 1520 3141 quae
1574 3057 1861 3123 oriuntur
1912 3081 1948 3124 e
1996 3068 2182 3123 terra.
2278 3082 2579 3127 maxume
2611 3047 2683 3160 ἓξ)

535 3170 686 3215 vero
737 3160 886 3213 sunt
937 3150 1337 3215 admirabiles
1389 3161 1598 3216 motus
1644 3173 1865 3217 earum
1909 3152 2187 3235 quinque
2230 3153 2577 3230 stellarum,

535 3265 700 3328 quae
743 3242 906 3308 falso
942 3255 1251 3309 vocantur
1285 3255 1563 3310 errantes
1572 3268 1592 3323 3
1643 3244 1805 3311 nihil
1848 3246 2021 3311 enim
2054 3256 2250 3323 errat,
2303 3246 2477 3331 quod
2510 3246 2579 3308 in

535 3337 708 3403 omni
751 3338 1118 3403 aeternitate
1163 3350 1493 3405 conservat
1533 3340 1930 3426 progressus
1957 3350 2021 3405 et
2062 3362 2390 3426 regressus
2430 3338 2578 3403 reli-

537 3453 824 3515 quosque
858 3442 1068 3497 motus
1114 3432 1457 3499 constantis
1493 3445 1559 3499 et
1591 3445 1794 3498 ratos:
1840 3434 2015 3519 quod
2058 3456 2135 3499 eo
2172 3444 2269 3508 est
2304 3430 2579 3497 admira-

533 3524 724 3589 bilius
759 3524 826 3589 in
857 3524 956 3589 his
993 3525 1216 3603 stellis,
1262 3548 1422 3610 quas
1457 3526 1755 3602 dicimus,
1804 3527 1955 3611 quia
1987 3537 2125 3592 tum
2158 3524 2575 3599 occultantur,

532 3630 674 3683 tum
717 3640 936 3683 rursus
981 3620 1378 3705 aperiuntur,
1417 3630 1553 3685 tum
1589 3620 1857 3698 adeunt,
1898 3634 2037 3685 tum
2069 3618 2403 3694 recedunt,
2439 3628 2577 3681 tum

537 3712 949 3789 antecedunt,
992 3723 1130 3777 tum
1175 3724 1388 3780 autem
1424 3714 1925 3799 subsequuntur,
1970 3723 2111 3778 tum
2142 3711 2406 3776 celerius
2442 3730 2579 3774 mo·-

537 3813 794 3881 ventur,
847 3814 985 3871 tum
1019 3806 1292 3885 tardius,
1345 3818 1484 3874 tum
1519 3808 1777 3872 omnino
1810 3828 1894 3871 ne
1925 3814 2262 3870 moventur
2295 3802 2576 3887 quidem,

539 3898 652 3963 sed
685 3899 768 3963 ad
803 3899 1126 3982 quoddam
1167 3911 1417 3988 tempus
1450 3902 1777 3975 insistunt;
1814 3920 2081 3983 quarum
2110 3920 2189 3964 ex
2217 3897 2575 3984 disparibus

539 3992 920 4059 motionibus
963 4017 1268 4081 magnum
1315 4002 1554 4061 annum
1597 3990 2029 4059 mathematici
2070 3993 2573 4069 nominaverunt,
