3292 4559
616 645 686 700 30

609 718 685 759 105

724 233 809 298 32
990 281 997 290 .
1330 243 1411 296 M.·
1447 241 1725 298 ‘runnu
1759 219 2166 297 c1cnRoN1s

720 369 997 451 aliquam
1059 365 1518 452 turpitudinem
1576 365 1973 430 ‘delabamun
2080 363 2493 450 suppeditant
2567 378 2784 432 autem

718 474 780 526 et
836 483 1099 546 campus
1151 470 1368 524 noster
1428 471 1493 524 et
1554 461 1770 524 studia·
1825 459 2106 524 venandi
2167 459 2436 526 honesta
2489 463 2788 548 exempla

719 555 999 619 ludendi.

850 646 984 714 Sed
1018 647 1290 734 pertinet
1326 648 1410 712 ad
1446 669 1702 713 omnem
1737 646 1934 712 officii
1971 648 2412 731 quaestionem
2437 669 2696 734 semper
2719 649 2789 714 in

719 753 1021 829 promptu
1058 741 1326 818 habere,
1365 752 1680 824 quantum
1715 752 1946 806 natura
1981 742 2254 806 hominis
2287 743 2652 827 pecudibus
2685 765 2792 808 re·-

718 836 1034 921 liquisque
1079 834 1285 900 beluis
1304 835 1686 901 antecedat:
1733 836 1883 901 illae
1917 836 2076 901 nihil
2113 837 2392 902 sentiunt
2425 837 2552 901 nisi
2605 837 2794 902 volu-

719 941 960 1016 ptatem
1000 930 1081 995 ad
1118 950 1388 1014 eamque
1422 930 1718 996 feruntur
1753 930 1928 995 omni
1961 932 2225 1016 impetu,
2261 930 2537 996 hominis
2569 942 2788 1000 autem

598 1073 601 1076 -
718 1048 899 1090 mens
954 1024 1257 1090 discendo
1312 1025 1503 1089 alitur
1546 1035 1611 1090 et
1657 1024 2028 1110 cogitandO,
2089 1045 2340 1111 semper
2383 1025 2629 1109 aliquid
2675 1037 2788 1090 aut

721 1120 1000 1204 anquirit
1060 1130 1172 1184 aut
1235 1119 1370 1206 agit
1432 1118 1821 1202 videndique
1883 1131 1946 1184 et
2011 1119 2313 1184 audiendi
2363 1119 2790 1185 delectatione

722 1214 993 1279 ducitur.
1082 1213 1241 1297 quin
1304 1213 1525 1289 etiam,
1581 1212 1636 1278 si
1690 1214 1834 1297 quis
1889 1224 1986 1279 est
2036 1214 2230 1298 paulo
2283 1213 2368 1277 ad
2419 1215 2788 1298 voluptates

628 1329 635 1344 ·
718 1305 1121 1392 propensior,
1182 1307 1375 1372 modo
1428 1329 1512 1372 ne
1566 1309 1650 1371 sit
1703 1330 1784 1372 ex
1833 1307 2156 1392 pecudum
2209 1329 2443 1392 genere
2493 1342 2582 1354 --
2631 1319 2790 1370 sunt

518 1725 521 1728 ’
610 1711 685 1751 106

607 2642 681 2682 107

608 3585 681 3624 108

720 1401 890 1466 enim
925 1403 1188 1486 quidam
1222 1401 1509 1469 homines
1546 1425 1678 1466 non
1711 1425 1803 1479 re,
1841 1403 1954 1466 sed
1987 1402 2246 1468 nomine
2263 1437 2370 1480 -,
2401 1401 2514 1466 sed
2549 1402 2605 1466 si
2639 1403 2788 1485 quis

720 1507 817 1560 est
860 1497 1054 1582 paulo
1100 1496 1399 1572 erectior,
1444 1496 1742 1578 quamvis
1777 1496 2107 1581 voluptate
2141 1495 2458 1582 capiatur,
2505 1496 2788 1560 occultat

721 1601 783 1655 et
827 1589 1185 1656 dissimulat
1228 1590 1585 1675 adpetitum
1635 1590 1980 1676 voluptatis
2015 1601 2275 1676 propter
2307 1590 2783 1655 verecundiam.

722 1708 803 1750 ex
856 1706 985 1770 quo
1037 1684 1427 1770 intellegitur
1480 1685 1762 1770 corporis
1815 1685 2211 1770 voluptatem
2261 1706 2392 1751 non
2443 1684 2600 1750 satis
2641 1707 2786 1750 esse

720 1779 982 1865 dignam
1032 1778 1306 1843 hominis
1358 1780 1752 1864 praestantia
1803 1800 2074 1862 eamque
2139 1778 2459 1861 contemni
2511 1789 2578 1843 et
2630 1779 2785 1844 reici

721 1884 1043 1959 oportere,
1092 1873 1193 1938 sin
1238 1873 1321 1938 sit
1354 1874 1704 1959 quispiam,
1749 1874 1859 1957 qui
1896 1872 2140 1957 aliquid
2172 1872 2411 1938 tribuat
2444 1872 2783 1958 voluptati,

720 1966 1059 2052 diligenter
1100 1967 1161 2032 ei
1204 1968 1551 2032 tenendum
1595 1989 1737 2032 esse
1781 1967 1920 2032 eius
1953 1967 2263 2032 fruendae
2298 1966 2580 2031 modum.
2664 1967 2788 2032 ita-

722 2082 847 2144 que
890 2055 1119 2126 victus‘
1143 2061 1481 2145 cultusque
1527 2062 1809 2148 corporis
1855 2062 1938 2126 ad
1989 2061 2422 2126 valetudinem
2464 2061 2784 2126 referatur

722 2166 784 2220 et
820 2155 905 2219 ad
940 2155 1114 2232 viris,
1150 2176 1281 2220 non
1316 2156 1401 2219 ad
1435 2157 1852 2241 voluptatem.
1925 2165 2117 2239 atque
2153 2154 2364 2234 etiam,
2401 2155 2455 2220 si
2489 2155 2786 2222 conside·-

721 2271 863 2314 rare
906 2249 1227 2326 volemus,
1275 2270 1443 2332 quae
1486 2251 1567 2314 sit
1602 2251 1670 2314 in
1703 2261 1938 2315 natura
1971 2249 2348 2316 excellentia
2380 2260 2445 2315 et
2479 2250 2780 2336 dignitas,

723 2343 1184 2426 intellegemus,
1222 2363 1418 2425 quam
1454 2344 1535 2407 sit
1568 2354 1758 2429 turpe
1797 2344 2088 2410 diffluere
2122 2344 2376 2409 luxuria
2409 2354 2474 2408 et
2509 2344 2782 2410 delicate

720 2457 795 2500 ac
839 2435 1116 2499 molliter
1158 2435 1373 2501 vivere
1387 2483 1405 2512 ,
1450 2457 1778 2521 quamque
1813 2438 2150 2505 honestum
2186 2460 2407 2523 parce,
2451 2438 2784 2504 continen-

717 2540 833 2606 ter,
872 2549 1114 2606 severe,
1152 2529 1381 2594 sobrie.

846 2622 1365 2708 Intellegendum
1408 2624 1599 2690 etiam
1644 2636 1744 2690 est
1787 2625 2040 2690 duabus
2086 2626 2270 2710 quasi
2311 2647 2430 2691 nos
2467 2649 2506 2690 a
2547 2645 2784 2692 natura

717 2716 975 2782 indutos
1022 2739 1163 2782 esse
1198 2718 1518 2803 personis,
1562 2739 1838 2802 quarum
1872 2742 2004 2784 una
2040 2720 2394 2785 communis
2429 2731 2528 2786 est
2563 2743 2646 2786 ex
2681 2742 2784 2798 ec,

718 2811 893 2894 quod
954 2833 1175 2876 omnes
1236 2811 1577 2899 participes
1638 2823 1860 2879 sumus
1913 2814 2172 2880 rationis
2224 2815 2784 2899 praestantiaeque

718 2906 885 2982 eius,
938 2926 1071 2988 qua
1120 2907 1555 2972 antecellimus
1608 2906 1856 2984 bestiis,
1924 2929 1966 2972 a
2015 2929 2146 2993 qua
2197 2929 2387 2974 omne
2437 2908 2780 2974 honestum

718 2999 1147 3083 decorumque
1198 3001 1468 3065 trahitur
1520 3011 1585 3066 et
1638 3025 1719 3066 ex
1771 3023 1900 3085 qua
1949 3001 2114 3066 ratio
2165 3002 2532 3068 inveniendi
2585 3002 2781 3068 officii

717 3092 1098 3175 exquiritur,
1153 3095 1353 3158 altera
1397 3104 1609 3160 autem
1624 3143 1642 3172 ,
1697 3099 1865 3179 quae
1909 3096 2164 3182 proprie
2207 3096 2478 3182 singulis
2523 3108 2622 3162 est
2667 3095 2782 3161 tri-

717 3187 893 3250 buta.
1000 3198 1073 3252 ut
1138 3187 1307 3252 enim
1358 3187 1427 3252 in
1480 3189 1854 3275 corporibus
1905 3212 2180 3276 magnae
2209 3190 2782 3264 ⁴dissimilitudines

718 3291 867 3346 sunt
892 3316 981 3328 —
1006 3281 1165 3347 alios
1200 3281 1493 3348 videmus
1530 3285 1868 3350 velocitate
1905 3285 1989 3349 ad
2024 3307 2302 3362 cursum,
2339 3286 2497 3350 alios
2531 3286 2780 3350 viribus

717 3376 801 3440 ad
842 3375 1219 3441 luctandum
1254 3377 1499 3456 valere,
1544 3379 1827 3462 itemque
1861 3379 1929 3443 in
1965 3379 2186 3445 formis
2223 3379 2361 3445 aliis
2399 3379 2778 3468 dignitatem

714 3473 943 3549 inesse,
981 3470 1120 3536 aliis
1156 3483 1557 3540 venustatem
1590 3509 1698 3550 —-,
1735 3473 1828 3538 sic
1861 3473 1930 3537 in
1966 3474 2192 3539 animis
2227 3474 2540 3540 exsistunt
2574 3474 2778 3538 maio-

715 3588 819 3631 res
856 3565 1047 3631 etiam
1081 3567 1442 3632 varietates·
1535 3579 1671 3634 erat
1703 3567 1774 3632 in
1807 3569 1890 3632 L.
1931 3566 2201 3646 Crasse,
2247 3567 2315 3633 in
2349 3569 2431 3633 L.
2470 3568 2776 3654 Philippo

716 3661 953 3725 multus
997 3661 1209 3745 lepos,
1252 3661 1457 3726 maior
1501 3661 1693 3726 etiam
1737 3663 2072 3748 magisque
2119 3662 2200 3728 de
2244 3663 2556 3728 industria
2589 3662 2658 3728 in
2695 3660 2782 3727 C.

718 3753 1025 3833 Caesare,
1072 3756 1153 3822 L.
1190 3755 1353 3833 filio,
1399 3768 1466 3820 at
1508 3755 1714 3822 isdem
1759 3759 2150 3844 temporibus
2187 3758 2253 3822 in
2288 3758 2386 3824 M.
2427 3757 2676 3824 Scauro
2711 3771 2782 3823 et

714 3850 780 3913 in
816 3850 913 3914 M.
950 3849 1170 3914 Druso
1208 3850 1613 3916 adulescente
1652 3851 1990 3937 singularis
2025 3853 2352 3930 severitas,
2386 3851 2455 3917 in
2492 3849 2570 3916 C.
2599 3851 2784 3916 Lae-

714 3943 800 4006 lio
852 3943 1055 4007 multa
1105 3944 1387 4010 hilaritas
1400 3993 1419 4023 ,
1478 3946 1545 4010 in
1608 3945 1744 4010 eius
1797 3946 2096 4030 familiari
2150 3945 2452 4033 Scipione
2504 3945 2778 4012 ambitio

714 4036 944 4115 maior,
993 4038 1125 4102 vita
1168 4031 1424 4106 tristior.
1513 4041 1595 4108 de
1632 4038 1903 4106 Graecis
1949 4053 2162 4108 autem
2205 4041 2459 4108 dulcem
2495 4052 2560 4107 et
2593 4041 2782 4108 face-
