3292 4559
754 238 885 308 226
1380 250 1459 305 M.
1495 248 1772 307 TULLII
1807 244 2222 305 CICERONIS

762 381 850 441 ita
882 374 1241 452 dicendum,
1276 373 1479 460 ipsius
1506 371 1822 438 individui
1848 372 2020 437 hanc
2045 393 2188 437 esse
2214 382 2529 450 naturam,
2563 386 2634 440 ut
2655 399 2794 464 pon-

766 473 918 537 dere
954 481 1019 536 et
1060 469 1377 558 gravitate
1412 478 1777 545 moveatur,
1824 488 2097 552 eamque
2131 466 2343 553 ipsam
2379 490 2516 533 esse
2559 490 2796 536 causam

766 589 878 629 eur
914 565 1006 631 ita
1037 566 1299 631 feratur.
1355 562 1645 629 similiter
1674 562 1761 628 ad
1793 562 2155 628 animorum
2191 573 2407 627 motus
2433 564 2796 631 voluntarios

762 685 890 725 nen
926 670 1023 729 est
1066 658 1449 744 requirenda
1484 668 1750 723 externa
1784 679 2013 735 causa3
2059 667 2280 723 motus
2315 658 2488 724 enim
2529 659 2797 725 volunta-

758 757 890 817 rius
938 777 1079 821 eam
1129 764 1427 819 naturam
1478 753 1547 817 in
1584 774 1654 817 se
1698 752 1836 839 ipse
1883 752 2198 831 continet,
2252 764 2327 818 ut
2372 753 2456 819 sit
2496 754 2564 819 in
2601 766 2796 820 nostra

758 860 1072 933 potestate
1126 848 1443 933 nobisque
1492 858 1747 933 pareat,
1800 868 1921 913 nec
1965 846 2035 911 id
2077 847 2222 913 sine
2268 870 2496 925 causa3
2549 848 2670 914 eius
2708 850 2792 914 rei

762 949 930 1009 enim
967 967 1165 1011 causa
1194 944 1338 1030 ipsa
1371 953 1602 1009 natura
1637 954 1754 1009 est.
1843 941 2018 1026 quod
2053 964 2205 1007 cum
2241 942 2333 1008 ita
2366 944 2480 1021 sit,
2524 943 2670 1028 quid
2708 956 2791 1009 est

661 1533 722 1585 1}

762 1065 874 1105 eur
918 1062 1046 1105 non
1093 1039 1299 1103 omnis
1347 1035 1781 1123 pronuntiatio
1817 1047 1930 1102 aut
1963 1058 2119 1103 vera
2165 1048 2282 1102 aut
2327 1037 2494 1103 falsa
2537 1037 2643 1115 sit,
2689 1036 2796 1102 nisi

762 1157 878 1197 een
886 1134 1259 1201 cesserimus
1295 1132 1430 1198 fato
1475 1132 1615 1198 fieri
1648 1152 2098 1216 quaecumque
2133 1130 2340 1197 fiant?
2393 1131 2571 1217 ‘quia
2602 1130 2797 1196 filtura

762 1229 938 1294 vera*
1000 1230 1212 1314 inquit
1274 1235 1433 1294 ‘non
1495 1238 1768 1314 possunt
1829 1248 1970 1293 esse
2021 1249 2130 1304 ea,
2198 1248 2372 1311 quae
2435 1249 2647 1293 causas
2693 1247 2798 1291 cur

762 1325 977 1389 futura
1010 1324 1137 1388 sint
1169 1344 1300 1389 non
1336 1322 1604 1388 habent:
1641 1322 1925 1387 habeant
1953 1322 2158 1407 igitur
2183 1344 2419 1388 causas
2446 1343 2684 1388 necesse
2708 1331 2798 1385 est

762 1441 834 1481 ea
848 1465 866 1493 J
918 1438 1083 1501 quae
1119 1439 1273 1483 vera
1317 1428 1495 1496 sunt3
1547 1418 1639 1483 ita
1674 1438 1823 1482 cum
1867 1416 2228 1495 evenerint,
2283 1417 2422 1482 fato
2458 1414 2794 1483 evenerint!

762 1513 1121 1577 esnfectum
1174 1512 1535 1598 negotium,
1588 1510 1644 1576 si
1697 1510 1960 1595 quidem
2012 1510 2510 1577 concedendum
2557 1509 2665 1574 tibi
2713 1518 2797 1573 est

758 1617 866 1669 aut
902 1605 1035 1673 fato
1072 1606 1286 1671 omnia
1319 1605 1459 1672 fieri
1494 1617 1607 1671 aut
1641 1605 1988 1691 quicquam
2021 1604 2163 1671 fieri
2208 1627 2404 1693 posse
2438 1605 2573 1671 sine
2606 1625 2795 1668 causa.

666 1737 686 1749 ·-
758 1729 841 1765 an
894 1701 1077 1767 aliter
1128 1701 1288 1766 haec
1343 1700 1695 1766 enuntiatio
1740 1722 1896 1766 vera
1939 1722 2080 1766 esse
2131 1722 2274 1766 non
2325 1710 2538 1787 potest
2587 1696 2796 1782 ‘capiet

758 1796 1171 1861 Numantiam
1208 1794 1467 1881 Scipio,'
1503 1795 1630 1860 nisi
1664 1818 1746 1861 ex
1782 1794 2154 1863 aeternitate
2191 1818 2400 1861 causa
2433 1816 2680 1861 causam
2712 1814 2798 1855 se-

758 1917 902 1957 rens
938 1893 1059 1958 hoc
1095 1890 1212 1957 erit
1260 1888 1606 1957 effectura?
1654 1913 1738 1955 an
1771 1890 1895 1955 hoc
1928 1889 2162 1955 falsum
2196 1891 2521 1977 potuisset
2554 1910 2709 1963 esse,
2749 1885 2797 1948 si

758 1997 922 2049 esset
959 1984 1264 2051 sescentis
1298 1983 1571 2051 saeculis
1606 1995 1757 2051 ante
1793 1983 2074 2049 dictum?
2118 1995 2184 2049 et
2222 1985 2286 2050 si
2321 1995 2460 2049 tum
2494 2006 2618 2049 non
2651 1990 2796 2047 esset

758 2105 910 2145 vera
958 2079 1115 2147 haec
1161 2079 1511 2146 enuntiatio
1557 2079 1800 2166 ‘capiet
1833 2078 2258 2145 Numantiam
2298 2079 2558 2166 Scipio:
2592 2100 2669 2143 ne
2700 2074 2796 2138 illa

758 2173 1016 2257 quidem
1058 2195 1286 2239 eversa
1326 2195 1483 2239 vera
1528 2184 1625 2238 est
1667 2174 1829 2238 haec
1875 2172 2228 2239 enuntiatio
2289 2174 2490 2260 ‘cepit
2531 2172 2596 2237 N
2594 2191 2793 2235 uman-

758 2270 914 2333 tiam
954 2266 1210 2353 Scipio.’
1300 2277 1513 2354 potest
1546 2265 1748 2352 igitur
1782 2266 2132 2351 quicquam
2164 2268 2418 2335 factum
2452 2289 2610 2344 esse,
2641 2260 2793 2350 quod

756 2385 882 2425 nen
934 2382 1158 2425 verum
1209 2360 1407 2426 fuerit
1454 2360 1746 2425 futurum
1799 2361 1977 2427 esse?
2029 2385 2182 2427 nam
2233 2375 2314 2428 ut
2357 2360 2692 2449 praeterita
2728 2378 2792 2421 ea

758 2477 906 2517 vera
942 2453 1241 2531 dicimus,
1288 2474 1562 2538 quorum
1595 2452 1926 2538 superiore
1971 2465 2259 2542 tempore
2297 2480 2456 2524 vera
2497 2454 2682 2521 fuerit
2709 2451 2791 2514 in-

758 2549 1017 2624 stantia,
1072 2547 1166 2627 sic
1216 2546 1463 2624 futura,
1528 2568 1804 2631 quorum
1855 2551 2271 2635 consequenti
2323 2564 2614 2638 tempore
2660 2566 2792 2611 vera

758 2645 870 2709 erit
906 2641 1225 2721 instantia,
1262 2665 1341 2708 ea
1374 2663 1527 2706 vera
1560 2640 1868 2708 dicemus.
1922 2665 2063 2722 nec,
2100 2646 2155 2710 si
2189 2667 2386 2713 omne
2423 2644 2791 2713 enuntiatum

758 2749 866 2801 aut
906 2760 1127 2803 verum
1174 2747 1284 2803 aut
1327 2735 1564 2801 falsum
1599 2749 1726 2814 est,
1775 2739 2062 2822 sequitur
2094 2740 2241 2805 ilico
2277 2764 2424 2810 esse
2460 2760 2676 2808 causas
2706 2735 2792 2800 in·

758 2831 1081 2897 mutabilis
1136 2852 1375 2916 easque
1430 2842 1756 2909 aeternas,
1810 2854 1976 2917 quae
2005 2918 2009 2922 ⁵
2035 2833 2421 2918 prohibeant
2473 2834 2790 2920 quicquam

758 2949 942 2989 secus
988 2923 1216 2991 cadere
1262 2936 1456 3009 atque
1500 2945 1803 2991 casurum
1849 2927 1958 2992 sit:
2012 2926 2314 2995 fortuitae
2365 2940 2518 2996 sunt
2561 2944 2790 2997 causae,

754 3041 838 3101 qu
846 3041 918 3085 as
958 3017 1259 3097 efficiant,
1293 3031 1367 3084 ut
1404 3042 1554 3086 vere
1590 3020 1886 3087 dicantur
1922 3043 2089 3106 quae
2124 3023 2216 3087 ita
2243 3023 2536 3090 dicentur
2569 3017 2790 3086 ‘veniet

756 3117 822 3177 in
870 3122 1163 3178 senatum
1202 3111 1369 3180 Cato
1378 3115 1419 3193 ,'
1472 3136 1602 3180 non
1646 3115 1932 3183 inclusae
1974 3117 2043 3181 in
2086 3139 2299 3183 rerum
2342 3131 2576 3185 natura
2617 3127 2789 3198 atque

754 3229 906 3271 mun
914 3205 1012 3271 do·
1099 3219 1165 3273 et
1216 3219 1432 3274 tamen
1484 3220 1619 3273 tam
1673 3220 1770 3276 est
1813 3210 2190 3278 inmutabile
2237 3224 2606 3290 venturum,
2657 3226 2790 3275 cum

754 3313 850 3369 est
886 3322 1127 3381 verum,
1163 3324 1358 3388 quam
1392 3301 1675 3380 venisse,
1710 3326 1830 3370 nec
1865 3305 1951 3369 ob
1984 3328 2129 3371 eam
2161 3328 2424 3373 causam
2458 3308 2660 3373 fatum
2691 3307 2787 3365 aut

754 3421 830 3461 ne
838 3396 1096 3462 cessitas
1148 3396 1623 3464 extimescenda
1675 3408 1791 3463 est.
1897 3399 2135 3465 etenim
2185 3400 2307 3466 erit
2358 3400 2641 3468 confiteri
2687 3415 2787 3460 ne·

754 3517 926 3557 cesse
981 3493 1067 3557 ‘si
1112 3492 1238 3560 hoc
1282 3492 1684 3560 enuntiatum
1731 3493 1996 3559 “veniet
2039 3494 2106 3559 in
2148 3494 2590 3562 Tusculanum
2631 3492 2784 3557 Hor·

754 3586 1041 3653 tensius''
1078 3609 1303 3654 verum
1336 3610 1467 3654 non
1502 3598 1619 3664 est,
1658 3587 1946 3670 sequitur
1978 3599 2052 3655 ut
2086 3589 2322 3654 falsum
2357 3590 2480 3655 sit.’
2532 3600 2784 3675 quorum

756 3685 854 3745 isti
894 3691 1191 3747 neutrum
1226 3681 1470 3757 volunt,
1508 3679 1684 3765 quod
1716 3679 1854 3747 fieri
1889 3704 2019 3748 non
2053 3694 2282 3769 potest.

882 3777 1020 3841 Nec
1060 3796 1178 3838 nos
1224 3774 1508 3859 inpediet
1553 3773 1667 3840 illa
1707 3775 1947 3862 ignava
1978 3777 2139 3843 ratio
2183 3799 2349 3862 quae
2385 3778 2639 3852 dicitur3
2681 3790 2787 3855 ap·

754 3869 1024 3953 pellatur
1067 3867 1237 3931 enim
1273 3866 1535 3951 quidam
1569 3891 1610 3934 a
1643 3869 2036 3958 philosophis
2082 3867 2285 3958 ἀργὸς
2328 3872 2547 3959 λόγος,
2605 3864 2702 3933 cui
2735 3859 2784 3925 si

754 3981 1111 4045 par-eamus,
1145 3960 1305 4026 nihil
1340 3961 1599 4027 omnino
1634 3986 1903 4050 agamus
1937 3966 2005 4031 in
2038 3966 2190 4032 vita.
2281 3966 2372 4033 sic
2406 3966 2572 4033 enim
2604 3962 2785 4026 inter-

754 4064 979 4137 rogant
1014 4053 1102 4121 ‘si
1137 4056 1341 4124 fatum
1377 4057 1496 4123 tibi
1523 4068 1625 4124 est
1651 4081 1731 4127 ex
1765 4060 1888 4127 hoc
1915 4060 2137 4127 morbo
2166 4062 2627 4135 convalescere,
2663 4050 2788 4117 sive
