3292 4559
697 262 785 327 40
978 250 987 261 ·
1310 240 1387 321 Μ’.
1424 264 1697 323 TULLII
1731 263 2129 322 &canorus

699 392 969 447 obsistere
996 390 1192 460 possit.
1260 388 1413 459 Ergo
1441 402 1566 441 cum
1602 386 1664 439 in
1693 385 1782 456 iis,
1819 403 1965 456 quae
1993 389 2298 460 gignantur
2316 404 2384 443 ex
2398 392 2566 457 terra,
2603 388 2742 443 nihil

699 470 773 523 sit
798 468 909 522 nisi
940 467 1199 537 nutriti0,
1238 466 1457 523 bestiae
1492 470 1788 535 praeterea
1815 482 2036 521 sensum
2072 471 2130 520 et
2161 472 2370 519 motum
2403 465 2656 519 habeant
2687 468 2744 519 et

660 599 664 601 .
700 546 1034 615 appetitum,
1080 544 1295 598 homini
1330 542 1579 600 additam
1615 542 1786 596 etiam
1819 543 2093 596 rationem
2129 559 2277 611 esse,
2316 558 2428 611 qua
2461 542 2742 611 appetitus

698 626 981 693 regantur.
1048 620 1137 675 Ex
1154 637 1263 690 quo
1283 620 1433 675 effici
1460 636 1581 675 esse
1602 619 1773 674 etiam
1802 624 2062 688 quartum
2079 625 2138 674 et
2155 618 2482 673 altissimum
2507 618 2743 689 gradum

700 714 907 767 eorum,
944 696 1043 767 qui
1058 695 1413 751 natura-boni
1430 695 1820 765 sapientesque
1840 694 2162 766 gignantur,
2199 694 2260 747 in
2277 694 2476 764 quibus
2496 694 2568 749 ab
2583 693 2743 747 initio

699 775 831 829 insit
847 780 1003 829 recta
1022 779 1081 829 et
1106 780 1368 829 constans
1394 774 1556 841 ratic,
1595 789 1740 843 quae
1759 773 1864 827 deo
1883 772 2182 827 tribuenda
2207 772 2298 840 sit,
2333 772 2392 825 id
2411 778 2497 827 est
2521 772 2742 825 mundo.

700 851 913 905 Eodem
928 850 1051 906 fere
1076 852 1241 904 modo
1260 849 1412 905 effici
1430 866 1551 903 esse
1568 849 1629 901 in
1644 849 1852 903 mundo
1872 864 2140 904 summam
2163 848 2424 904 virtutem
2442 854 2498 903 et
2523 850 2743 917 sapien·

700 926 839 981 tiam
865 928 1013 997 (cap.
1041 927 1305 998 12—14).
1386 924 1501 981 Sed
1524 925 1718 1000 mundi
1745 924 2036 981 divinitate
2061 930 2360 995 perspecta
2387 924 2548 979 astris
2577 923 2746 978 etiam

702 1003 1051 1057 divinitatem
1086 1019 1208 1059 esse
1242 1003 1613 1057 tribuendam.
1687 1000 1862 1073 Gigni
1897 1002 2046 1056 enim
2070 1002 2180 1055 ista
2208 1000 2662 1057 ex,mobilissima
2689 1005 2747 1054 et

701 1080 997 1150 purissima
1026 1080 1267 1135 aetheris
1292 1084 1479 1149 parte,
1518 1078 1678 1132 nulla
1705 1078 1820 1131 alia
1847 1078 2094 1132 admixta
2118 1084 2338 1147 natura,
2367 1083 2596 1147 totaque
2623 1094 2746 1131 esse

704 1156 890 1211 calida
924 1160 983 1210 et
1016 1156 1327 1225 perlucida.
1396 1155 1720 1209 Absurdum
1747 1159 1934 1209 autem
1958 1170 2099 1223 esse,
2137 1155 2186 1207 si
2217 1172 2308 1209 res
2337 1171 2404 1209 ex
2429 1158 2559 1209 aere
2587 1162 2745 1209 ortae

702 1232 978 1287 rationem
994 1232 1291 1299 haberent,
1314 1248 1457 1301 quae
1475 1232 1536 1285 in
1553 1230 1728 1284 multo
1746 1230 1969 1300 puriore
1989 1231 2215 1285 aethere
2232 1236 2551 1300 nascantur,
2579 1247 2748 1287 sensu

706 1325 806 1363 eas
826 1314 925 1362 aut
942 1308 1160 1362 ratione
1190 1324 1399 1376 carere,
1436 1324 1576 1377 quas
1601 1306 1682 1359 ibi
1711 1306 1884 1359 multo
1913 1308 2152 1361 acriores
2180 1323 2300 1363 esse
2319 1304 2539 1375 debere,
2577 1307 2748 1377 idque

701 1386 793 1438 vel
810 1384 1003 1439 ordine
1022 1400 1213 1438 eorum
1240 1389 1298 1438 et
1325 1382 1640 1438 constantia
1666 1389 1928 1451 motuque
1953 1383 2266 1438 voluntario
2294 1382 2568 1438 declarari
2593 1384 2744 1454 (cap.

705 1460 773 1513 15
789 1459 915 1531 sq.).
986 1458 1100 1515 Sed
1124 1460 1359 1513 maxime
1386 1464 1660 1512 astrorum
1687 1476 1908 1513 sensum
1935 1464 1994 1513 et
2019 1458 2464 1530 intellegentiam
2491 1458 2747 1514 divinita·

702 1542 927 1605 temque
954 1536 1227 1591 declarari
1252 1534 1495 1588 mirabili
1522 1535 1716 1589 ordine
1745 1550 1934 1591 eorum
1951 1540 2008 1590 et
2033 1536 2364 1605 constantia,
2403 1552 2548 1605 quae
2563 1552 2746 1605 neque

704 1618 963 1667 naturam
990 1610 1286 1683 significet,
1323 1610 1473 1681 quod
1492 1611 1565 1665 sit
1586 1612 1758 1681 plena
1773 1612 2024 1679 rationis,
2061 1628 2242 1682 neque
2267 1612 2566 1681 fortunam,
2601 1628 2748 1683 quae

704 1688 1075 1743 constantiam
1098 1692 1343 1757 respuat.
1414 1687 1483 1740 In
1512 1700 1622 1757 quo
1651 1687 1883 1742 ridicule
1922 1704 2106 1743 errare
2135 1687 2272 1742 dicit
2295 1688 2614 1757 Epicurum,
2653 1688 2751 1758 qui

702 1766 1001 1819 humanam
1035 1763 1275 1836 figuram
1300 1763 1387 1817 dis
1418 1764 1692 1818 attribuat
1725 1769 2002 1835 negetque
2036 1764 2334 1819 rotundum
2358 1770 2417 1819 et
2447 1764 2749 1819 volubilem

706 1842 873 1895 deum
890 1840 1125 1912 cogitari
1148 1856 1315 1910 posse
1342 1840 1489 1913 (cap.
1510 1840 1773 1912 16—23).
1845 1839 1957 1896 Sed
1981 1841 2184 1895 multas
2202 1840 2343 1894 alias
2361 1846 2590 1895 naturas
2610 1840 2746 1895 deo-

703 1935 825 1971 rum
840 1917 1061 1989 magnis
1080 1933 1268 1972 eorum
1285 1916 1573 1972 beneficiis
1593 1917 1926 1973 constitutas
1952 1934 2090 1973 esse.
2144 1917 2290 1973 Nam
2307 1918 2560 1987 primum,
2599 1918 2750 1988 quod

705 1988 779 2047 sit
796 2010 831 2048 a
848 1994 952 2049 deo
970 1998 1181 2063 natum,
1210 1994 1269 2046 id
1286 1993 1507 2049 nomine
1528 1994 1701 2064 ipsius
1721 1995 1812 2049 dei
1828 1993 2166 2065 nuncupari3
2193 1994 2394 2048 deinde
2410 2010 2530 2049 rem
2547 1995 2746 2064 ipsam,

703 2070 765 2123 in
783 2086 895 2139 qua
912 2068 985 2123 sit
1000 2070 1083 2124 vis
1100 2070 1275 2124 maior
1294 2070 1502 2139 aliqua,
1516 2070 1593 2123 sic
1612 2070 1913 2141 appellari3
1930 2068 2218 2125 beneficiis
2234 2086 2398 2140 porro
2417 2070 2750 2125 excellentes

702 2146 850 2199 viros
869 2146 928 2199 in
946 2147 1165 2200 caelum
1180 2146 1335 2199 fama
1354 2151 1411 2200 et
1425 2146 1711 2201 voluntate
1731 2147 1982 2201 sublatos
2001 2161 2150 2215 esse3
2173 2146 2410 2217 denique
2427 2164 2496 2203 ex
2511 2147 2754 2216 physica

704 2221 920 2276 ratione
946 2222 1148 2275 multos
1173 2222 1397 2277 fluxisse
1423 2225 1715 2292 poetarum
1741 2223 1874 2277 deos
1901 2224 2047 2293 (cap.
2067 2222 2328 2294 23-—29).
2398 2222 2504 2277 His
2531 2223 2751 2277 duabus

704 2296 871 2351 rebus
890 2296 1231 2365 constitutis,
1270 2304 1328 2352 et
1345 2298 1479 2353 deos
1499 2316 1619 2353 esse
1640 2303 1699 2353 et
1724 2298 1907 2367 qualis
1925 2314 2115 2353 eorum
2139 2304 2342 2353 natura
2369 2298 2463 2369 sit,
2500 2300 2752 2368 sequitur

707 2371 1010 2441 disputatio
1030 2373 1101 2427 de
1126 2372 1477 2441 providentia
1504 2375 1748 2428 deorum.
1819 2374 1906 2429 Ea
1931 2375 2110 2429 tribus
2129 2375 2469 2446 argumentis
2489 2374 2749 2447 astringi-

704 2452 813 2501 tur.
883 2447 1132 2501 Primum
1150 2450 1223 2503 ab
1242 2466 1308 2505 eo
1327 2450 1466 2521 ipso,
1504 2450 1656 2519 quod
1673 2450 1732 2503 di
1749 2450 1876 2518 sint,
1907 2449 2127 2505 ducitur
2143 2453 2290 2523 (cap.
2309 2452 2446 2506 30—
2461 2451 2571 2523 32),
2608 2452 2752 2506 alte-

704 2539 829 2577 rum
842 2524 993 2593 inde,
1031 2526 1181 2595 quod
1197 2542 1388 2582 omnes
1404 2544 1494 2581 res
1514 2526 1796 2581 subiectae
1815 2527 1928 2580 sint
1942 2532 2178 2583 naturae
2197 2528 2461 2583 sentienti
2478 2529 2551 2582 ab
2571 2544 2751 2598 eaque

706 2602 892 2656 omnia
907 2601 1276 2672 pulcherrime
1294 2608 1563 2673 gerantur
1572 2603 1830 2673 (cap.32),
1851 2602 2076 2657 tertium
2093 2611 2279 2659 autem
2299 2622 2365 2659 ex
2383 2604 2752 2659 admiratione

704 2694 889 2733 rerum
906 2678 1233 2734 caelestium
1252 2684 1310 2732 et
1336 2678 1681 2733 terrestrium
1709 2679 2020 2733 arcessitur.
2092 2680 2318 2735 Tertiae
2344 2680 2473 2734 huic
2500 2680 2751 2750 disputa·

704 2754 873 2809 tionis
890 2756 1039 2825 parti
1056 2754 1324 2809 subicitur
1342 2754 1571 2809 tandem
1599 2772 1685 2824 ea,
1725 2772 1868 2825 quae
1895 2756 2060 2809 istam
2077 2762 2292 2811 tantam
2310 2774 2494 2812 rerum
2510 2756 2752 2811 molitio-

704 2846 835 2884 nem
851 2830 1087 2885 hominis
1107 2846 1279 2884 causa
1293 2829 1506 2884 factam
1524 2848 1643 2885 esse
1664 2832 2024 2901 demonstrat,
2034 2832 2428 2903 hominumque
2444 2834 2751 2888 commodis

704 2904 935 2961 mirifice
956 2922 1078 2961 esse
1098 2922 1133 2959 a
1152 2904 1255 2959 deo
1274 2904 1553 2974 provisum
1565 2946 1580 2974 ,
1606 2906 1664 2959 id
1683 2908 1833 2977 quod
1850 2913 2112 2978 quattuor
2138 2911 2476 2981 argumentis
2493 2908 2585 2978 fit,
2614 2924 2752 2979 quo-

704 2997 829 3033 rum
845 2982 1081 3049 primum
1100 2981 1326 3033 ductum
1344 2984 1431 3035 est
1449 2998 1484 3035 a
1502 2983 1746 3051 corporis
1765 2984 1992 3057 humani
2011 2990 2305 3054 structura,
2319 2986 2554 3041 alterum
2573 3002 2609 3040 a
2624 3002 2754 3055 per-

705 3056 1041 3113 fectionibus
1060 3057 1246 3125 animi,
1264 3058 1488 3113 tertium
1507 3058 1579 3113 ab
1598 3059 1842 3115 utilitate
1853 3101 1868 3130 ‚
1898 3078 2065 3131 quam
2080 3079 2172 3116 res
2191 3080 2315 3117 cum
2333 3062 2605 3118 caelestes
2629 3072 2752 3116 tum

705 3138 997 3187 terrestres
1012 3133 1328 3188 hominibus
1345 3132 1619 3205 adferant,
1659 3141 1918 3205 quartum
1937 3138 2176 3208 denique
2195 3137 2268 3192 ab
2287 3138 2600 3209 illustrium,
2631 3138 2752 3208 qui-

706 3211 811 3265 bus
842 3208 899 3261 di
926 3209 1327 3280 consuluerint,
1366 3211 1652 3265 hominum
1679 3214 1946 3283 exemplis
1973 3216 2120 3287 (cap.
2148 3216 2410 3287 33—36).
2488 3214 2751 3285 Denique

706 3286 864 3341 brevi
878 3286 1229 3357 peroratione
1248 3288 1599 3343 concluditur
1616 3289 1763 3359 (cap.
1783 3290 1891 3361 37).

638 3569 671 3622 1
834 3568 1021 3651 Quae
1067 3591 1213 3634 cum
1248 3568 1441 3635 Cotta
1485 3571 1774 3649 dixisset,
1819 3584 1958 3637 tum
1992 3573 2276 3639 Velleius
2321 3580 2432 3639 ‘ne
2467 3573 2616 3658 ego’
2652 3573 2754 3638 in·
2851 3626 2858 3632 .

639 3641 663 3678 ¹
706 3663 843 3745 quit
896 3664 1242 3740 ‘incautus,
1304 3662 1413 3747 qui
1466 3686 1610 3729 cum
1663 3666 2052 3731 Academico
2105 3676 2168 3731 et
2228 3665 2451 3730 eodem
2500 3666 2751 3733 rhetore

709 3756 1008 3841 congredi
1056 3766 1317 3823 conatus
1356 3756 1503 3821 sim:
1556 3782 1708 3822 nam
1749 3781 1958 3842 neque
1999 3758 2374 3823 indisertum
2406 3758 2752 3824 Academi-

710 3868 855 3911 cum
907 3849 1373 3934 pertimuissem
1429 3872 1549 3917 nec
1612 3852 1748 3917 sine
1799 3852 1923 3915 ista
1983 3850 2382 3937 philosophia
2430 3851 2750 3918 rhetorem

712 3941 1001 4021 quamvis
1038 3944 1465 4027 eloquentem3
1502 3965 1712 4027 neque
1747 3944 1912 4009 enim
1949 3944 2208 4009 flumine
2237 3944 2578 4009 conturbor
2609 3943 2749 4007 ina-

708 4031 888 4095 nium
922 4034 1260 4100 verborum
1294 4059 1414 4103 nec
1450 4038 1794 4103 subtilitate
1829 4036 2311 4114 sententiarum,
2357 4037 2410 4101 si
2445 4034 2747 4100 orationis
