3292 4559
1019 259 1126 314 DE
1159 259 1682 319 DIVINATIONE
1715 261 1766 316 I.
1801 263 2039 319 13—17.
2440 253 2569 318 129

673 385 986 469 fuscaque
1021 405 1152 449 non
1185 405 1541 466 numquam
1575 405 1839 453 cursans
1875 407 1992 472 per
2023 386 2211 452 litora
2244 388 2464 454 cornix

675 475 983 546 demersit
1011 489 1207 563 caput
1241 489 1307 543 et
1339 478 1608 544 fluctum
1643 479 1892 546 cervice
1924 482 2227 566 recepit.

499 574 794 643 videmus
822 573 984 639 haec
1013 571 1200 659 signa
1223 593 1579 656 numquam
1606 572 1743 638 fere
1771 574 2163 654 mentientia,
2200 599 2321 652 nec
2348 587 2562 645 tamen
2598 575 2637 628 9

503 693 618 737 οιιι·
649 672 740 738 ita
773 669 888 736 fiat
922 666 1235 734 videmus.

675 786 791 830 vos
827 782 1086 847 quoque
1121 761 1308 847 signa
1341 760 1600 838 videtis,
1639 761 1834 846 aquai
1868 761 2072 828 dulcis
2108 765 2426 844 alumnae,

675 879 822 923 cum
859 857 1134 922 clamore
1167 855 1407 942 paratis
1441 855 1652 922 inanis
1686 856 1957 924 fundere
1992 879 2185 927 voces

675 950 1080 1034 absurdoque
1115 971 1272 1016 sono
1308 948 1504 1016 fontis
1542 961 1604 1016 et
1641 961 1873 1036 stagna
1906 951 2105 1018 cietis.

503 1045 650 1130 quis
685 1055 782 1110 est
817 1044 929 1130 qui
971 1045 1360 1110 ranunculos
1393 1044 1518 1110 hoc
1553 1045 1770 1110 videre
1806 1046 2115 1131 suspicari
2156 1047 2397 1132 possit?
2448 1049 2563 1113 sed

499 1141 667 1206 inest
701 1139 770 1203 in
804 1139 1044 1204 rubetis
1073 1148 1141 1204 et
1169 1138 1543 1204 ranunculis
1578 1149 1811 1204 natura
1839 1141 2158 1223 quaedam
2194 1139 2562 1226 significans

501 1233 769 1320 aliquid,
822 1256 940 1320 per
973 1257 1044 1301 se
1087 1233 1230 1320 ipsa
1267 1233 1420 1300 satis
1466 1245 1670 1311 certa,
1726 1233 2075 1320 cognitioni
2109 1245 2323 1302 autem
2356 1235 2561 1302 homi·-

500 1351 655 1396 num
692 1328 1040 1395 obscurior.

669 1423 1170 1509 mollipedesque
1205 1423 1424 1500 boves,
1463 1433 1825 1509 spectantes
1859 1424 2104 1490 lumina
2140 1425 2327 1504 caeli,

671 1519 933 1583 naribus
968 1516 1314 1582 umiferum
1349 1517 1589 1584 duxere
1625 1540 1709 1586 ex
1744 1523 1891 1584 aere
1927 1540 2172 1584 sucum.

499 1633 626 1677 non
661 1633 901 1696 quaero
938 1632 1071 1688 cur,
1108 1611 1412 1695 quoniam
1447 1611 1604 1696 quid
1639 1611 1893 1678 eveniat
1925 1611 2249 1699 intellego.

667 1707 796 1771 iam
832 1727 984 1771 vero
1021 1726 1275 1789 semper
1308 1704 1527 1769 viridis
1564 1725 1945 1790 semperque
1979 1717 2251 1790 gravata

667 1799 974 1865 lentiscus
1009 1797 1242 1882 triplici
1277 1798 1465 1862 solita
1498 1798 1921 1883 grandescere
1956 1798 2097 1863 fetu

670 1903 768 1957 ter
802 1891 1024 1975 fruges
1058 1890 1336 1958 fundens
1371 1890 1496 1954 tria
1530 1901 1823 1975 tempora
1855 1902 2165 1956 monstrat
2201 1893 2443 1957 arandi.

496 2008 579 2052 ne
613 1983 718 2048 hic
753 1983 1014 2068 quidem
1041 2002 1301 2066 quaero,
1335 2003 1454 2046 cur
1485 1981 1648 2048 haec
1678 1982 1867 2047 arbor
1900 2005 2032 2047 una
2058 1994 2155 2048 ter
2188 1983 2411 2049 floreat
2448 1995 2559 2050 aut
2604 2005 2655 2044 ιε

379 2105 396 2114 ·
497 2101 612 2144 our
628 2076 854 2143 arandi
879 2075 1311 2144 maturitatem
1339 2075 1423 2140 ad
1449 2073 1708 2162 signum
1735 2075 1907 2140 floris
1936 2077 2399 2143 accommodet:
2436 2078 2560 2145 hoc

499 2192 638 2238 sum
678 2181 1036 2248 contentus,
1072 2169 1274 2254 quod,
1313 2169 1504 2236 etiam
1539 2169 1595 2234 si
1631 2191 1747 2235 cur
1782 2169 2065 2254 quidque
2098 2170 2213 2236 fiat
2244 2171 2558 2258 ignorem,

497 2266 654 2353 quid
679 2266 792 2332 fiat
815 2264 1139 2352 intellego.
1193 2286 1312 2350 pro
1339 2265 1516 2333 omni
1539 2263 1739 2351 igitur
1766 2263 2155 2331 divinatione
2182 2265 2355 2332 idem
2385 2267 2560 2351 quod

494 2382 613 2449 pro
628 2361 822 2428 rebus
849 2360 949 2438 iis,
977 2381 1138 2444 quas
1158 2359 1680 2438 commemoravi,
1704 2358 2125 2444 respondebo.
2179 2360 2335 2443 quid
2354 2383 2559 2426 scam-
2594 2380 2665 2434 10

495 2476 761 2521 moneae
787 2453 972 2520 radix
999 2453 1083 2520 ad
1107 2454 1538 2540 purgandum,
1575 2453 1734 2539 quid
1760 2453 2164 2522 aristolochia
2193 2454 2276 2522 ad
2308 2477 2559 2522 morsus
2634 2483 2663 2508 κ

498 2551 887 2638 serpentium
930 2549 1136 2636 possit
1167 2585 1255 2596 —
1287 2571 1454 2633 quae
1493 2570 1728 2615 nomen
1764 2571 1846 2615 ex
1879 2548 2211 2615 inventore
2256 2549 2557 2636 repperit,

496 2668 634 2711 rem
658 2645 866 2732 ipsam
891 2645 1186 2711 inventor
1203 2668 1283 2712 ex
1302 2645 1550 2710 somnio
1566 2680 1655 2692 -
1672 2643 1883 2721 video,
1905 2643 2082 2752 quod
2112 2643 2265 2708 satis
2284 2656 2407 2708 est.
2445 2665 2560 2709 cur

496 2737 696 2826 possit
731 2738 967 2804 nesci0.
1023 2738 1115 2804 sic
1149 2750 1488 2805 ventorum
1523 2749 1587 2805 et
1620 2737 1924 2802 imbrium
1962 2737 2165 2823 signa,
2202 2759 2367 2821 quae
2403 2737 2557 2815 dixi,

494 2833 808 2898 rationem
842 2853 1037 2913 quam
1071 2831 1352 2898 habeant
1384 2853 1516 2896 non
1544 2832 1699 2900 satis
1733 2831 2078 2918 perspicio.
2116 2831 2249 2898 vim
2273 2842 2339 2896 et
2365 2854 2560 2898 even-

497 2939 637 2992 tum
689 2945 999 3010 agnoseO,
1053 2924 1213 3001 scio,
1269 2925 1574 3010 adprobo,
1667 2924 1954 2990 similiter
2004 2926 2162 3008 quid
2214 2925 2438 2993 fissum
2488 2925 2558 2991 in

497 3020 694 3094 extis,
748 3017 908 3100 quid
949 3017 1112 3082 fibra
1155 3017 1366 3084 valeat
1408 3018 1682 3104 accipio:
1737 3040 1903 3102 quae
1948 3040 2144 3086 eausa
2187 3022 2271 3089 sit
2320 3020 2556 3088 nescio.

497 3124 690 3197 atque
733 3110 964 3176 horum
1007 3110 1268 3196 quidem
1309 3112 1502 3198 plena
1545 3112 1679 3176 vita
1731 3123 1856 3188 est3
1910 3113 2073 3178 extis
2122 3115 2293 3182 enim
2338 3138 2558 3182 omnes

496 3207 633 3275 fere
677 3215 965 3274 utuntur.
1053 3204 1248 3289 quid?
1301 3204 1381 3271 de
1415 3204 1749 3292 fulgurum
1784 3206 1850 3270 vi
1884 3206 2179 3275 dubitare
2220 3231 2377 3275 num
2409 3230 2559 3294 pos-

500 3300 762 3366 sumus?
821 3322 1034 3368 nonne
1078 3322 1228 3366 cum
1271 3300 1473 3368 multa
1515 3301 1642 3366 alia
1692 3301 2038 3378 mirabilia,
2090 3313 2229 3371 tum
2279 3302 2441 3368 illud
2490 3301 2559 3367 in

497 3387 749 3482 primis:
785 3415 934 3461 cum
955 3394 1348 3463 Summanus
1382 3395 1451 3460 in
1484 3395 1744 3482 fastigio
1761 3396 1935 3462 Iovis
1971 3396 2219 3482 optumi
2250 3395 2557 3472 maxumi,

499 3489 611 3576 qui
646 3499 784 3554 tum
819 3500 957 3555 erat
989 3489 1198 3556 fictilis
1211 3538 1230 3567 ,
1267 3513 1304 3556 e
1341 3489 1518 3556 caelo
1553 3490 1717 3556 ictus
1756 3501 1924 3556 esset
1956 3511 2077 3556 nec
2110 3509 2385 3572 usquam
2421 3489 2557 3554 eius

498 3583 820 3653 simulacri
855 3596 1050 3670 caput
1081 3585 1490 3662 inveniretur,
1526 3585 1897 3672 haruspices
1928 3584 1997 3648 in
2024 3583 2310 3648 Tiberim
2343 3583 2413 3647 id
2446 3583 2560 3648 de-

495 3680 757 3766 pulsum
791 3701 932 3746 esse
967 3679 1290 3756 dixerunt,
1343 3679 1539 3763 idque
1582 3679 1917 3745 inventum
1960 3688 2058 3746 est
2101 3699 2179 3744 eo
2220 3677 2393 3755 loco,
2444 3675 2557 3763 qui

499 3782 598 3838 est
631 3773 714 3837 ab
747 3771 1192 3860 haruspicibus
1227 3774 1718 3840 demonstratus.

629 3863 763 3931 Sed
805 3887 934 3950 quo
977 3867 1188 3952 potius
1225 3880 1372 3933 utar
1417 3877 1529 3932 aut
1563 3878 1823 3932 auctore
1858 3876 1974 3931 aut
2016 3875 2177 3930 teste
2212 3885 2406 3950 quam
2452 3863 2555 3930 te?
2589 3877 2660 3933 11

502 3957 686 4023 ouius
723 3958 956 4025 edidici
993 3961 1187 4026 etiam
1220 3985 1474 4040 versus,
1522 3973 1585 4027 et
1628 3961 1924 4026 lubenter
1958 3959 2247 4043 quidem,
2292 3981 2454 4045 quos
2486 3958 2555 4023 in
2598 3948 2650 3990 ¹⁷

499 4049 782 4118 secundo
819 4049 1208 4120 Consulatus
1242 4053 1493 4123 Urania
1527 4077 1729 4132 musan
1746 4052 2141 4144 pronuntiat:

605 4150 822 4195 ciceroni·
841 4152 923 4194 vol.
944 4151 1030 4195 ΥΠ.
2161 4153 2195 4210 9
