3292 4559
967 238 1074 296 DE
1107 237 1209 293 RE
1245 236 1588 295 PUBLICA
1620 236 1696 291 11.
1735 236 1977 291 40-45,
2369 221 2490 289 191

401 364 636 433 mixta
681 361 944 428 fuerunt
989 372 1053 427 et
1085 362 1154 425 in
1187 357 1310 426 hac
1347 360 1602 427 civitate
1638 370 1703 427 et
1734 360 1804 425 in
1838 358 2497 428 Lacedaemoniorum

405 470 494 535 et,
521 460 600 523 in
623 454 1282 541 Karthaginiensium,
1318 466 1394 519 ut
1427 464 1783 539 temperata
1814 451 1989 519 nullo
2016 453 2255 519 fuerint
2281 454 2493 523 modo.

406 576 582 617 nam
628 552 700 617 in
743 573 872 635 qua
911 572 982 617 re
1027 549 1290 635 publica
1333 560 1432 615 est
1471 572 1642 613 unus
1688 548 1919 633 aliquis
1963 560 2274 633 perpetua
2318 558 2498 635 pote-
2542 568 2595 608 ιε
2667 546 2673 561 ’

407 656 620 722 state,
659 642 1036 730 praesertim
1070 644 1282 729 regia,
1329 642 1624 727 quamvis
1658 643 1727 709 in
1762 665 1841 709 ea
1874 642 1955 706 sit
1989 654 2057 709 et
2094 652 2385 719 senatus,
2428 652 2502 708 ut

409 754 570 805 tum
617 739 744 805 fuit
785 740 1066 815 Romae,
1111 760 1259 803 cum
1303 749 1486 805 erant
1527 760 1747 824 reges,
1791 746 1867 802 ut
1900 735 2175 822 Spartae
2210 734 2501 823 Lycurgi
2553 730 2569 738 ⁸

409 833 712 919 legibue,
747 843 814 897 et
847 832 930 897 sit
965 831 1230 915 aliquod
1262 833 1456 898 etiam
1490 832 1715 918 populi
1750 830 1760 917 Ι
1797 832 1920 907 ius,
1956 842 2031 895 ut
2060 830 2186 896 fuit
2231 828 2322 915 [p.
2356 828 2499 893 145.
2546 853 2557 866 ’

413 927 612 1012 apud
657 936 907 991 nostros
949 947 1168 1010 reges,
1211 934 1430 991 tamen
1473 925 1635 991 illud
1670 924 1929 991 excellit
1960 923 2211 1009 regium
2246 943 2501 999 nomen,

415 1042 651 1103 neque
696 1028 908 1104 potest
956 1018 1092 1083 eius
1139 1018 1314 1083 modi
1356 1041 1459 1085 res
1494 1018 1757 1105 publica
1790 1039 1920 1083 non
1955 1039 2226 1103 regnum
2263 1025 2328 1082 et
2362 1038 2503 1081 esse

419 1123 498 1179 et
552 1112 795 1177 vocari.
883 1134 960 1177 ea
1013 1122 1230 1177 autem
1281 1112 1492 1177 forma
1541 1111 1815 1177 civitatis
1858 1109 2183 1175 mutabilis
2226 1108 2504 1176 maxime

423 1220 533 1273 est
587 1206 759 1273 hanc
810 1205 894 1271 ob
947 1228 1208 1271 causam
1220 1253 1240 1284 ,
1297 1206 1474 1291 quod
1525 1206 1717 1271 unius
1768 1206 1923 1272 vitio
1977 1204 2395 1291 praecipitata
2436 1204 2505 1269 in

423 1300 1048 1389 perniciosissimam
1097 1311 1348 1386 partem
1401 1300 1703 1367 facillime
1759 1301 2011 1367 decidit.
2099 1323 2251 1367 nam
2292 1294 2505 1386 ipsum

423 1395 659 1480 regale
685 1416 890 1480 genus
923 1395 1200 1461 civitatis
1229 1418 1362 1461 non
1387 1396 1580 1461 modo
1605 1416 1737 1463 non
1766 1406 1864 1461 est
1888 1394 2503 1482 reprehendendum,

427 1490 556 1555 sed
609 1488 787 1555 haud
841 1489 972 1555 scio
1027 1513 1109 1555 an
1161 1489 1424 1574 reliquis
1473 1487 1484 1576 Ι
1531 1490 1925 1576 simplicibus
1976 1489 2169 1574 longe
2222 1487 2317 1575 [p.
2358 1486 2503 1553 146.

432 1585 992 1669 anteponendum,
1039 1585 1095 1651 si
1140 1586 1345 1649 ullum
1389 1584 1729 1670 probarem
1776 1584 2049 1669 simplex
2082 1584 2175 1650 rei
2208 1578 2505 1669 publicae

431 1700 670 1763 genus,
707 1678 824 1743 sed
859 1679 970 1754 ita,
1003 1679 1220 1761 quoad
1255 1690 1492 1747 statum
1529 1701 1721 1745 suum
1752 1677 2003 1745 retinet.
2066 1677 2121 1741 is
2159 1686 2256 1741 est
2290 1687 2506 1765 autem

435 1781 682 1847 status,
734 1781 808 1834 ut
857 1772 1048 1835 unius
1100 1784 1413 1858 perpetua
1458 1782 1773 1858 potestate
1816 1782 1881 1837 et
1920 1770 2163 1837 iustitia
2206 1770 2505 1853 omnique

439 1865 764 1951 sapientia
807 1878 1069 1951 regatur
1115 1868 1288 1933 salus
1324 1878 1392 1932 et
1425 1868 1847 1951 aequabilitas
1898 1878 1962 1933 et
2006 1868 2205 1931 otium
2250 1866 2507 1931 civium.

441 1961 681 2025 desunt
721 1960 979 2024 omnino
1027 1960 1087 2025 ei
1141 1962 1380 2047 populo
1431 1963 1669 2040 multa,
1724 1966 1832 2048 qui
1884 1960 2005 2026 sub
2056 1982 2220 2047 rege·
2262 1970 2389 2037 est,
2440 1960 2510 2025 in

441 2053 796 2139 primisque
837 2053 1134 2132 libertas,
1181 2076 1348 2139 quae
1383 2078 1515 2121 non
1549 2055 1622 2121 in
1658 2076 1735 2121 eo
1772 2066 1898 2133 est,
1941 2066 2017 2119 ut
2047 2055 2217 2119 iusto
2252 2065 2509 2120 utamur

443 2148 728 2225 dominc,
765 2158 864 2215 set
896 2159 969 2213 ut
1002 2150 1176 2213 nullo
1213 2151 1250 2186 *
1287 2150 1322 2185 *
1359 2151 1395 2185 ¹⁸*

984 2240 1458 2327 [Desiderantur
1479 2249 1757 2333 payinooe
1786 2243 1994 2331 duaes]

580 2338 615 2370 ³*
651 2337 687 2371 *
723 2337 760 2372 *
799 2334 810 2421 Ι
847 2335 1156 2403 ferebant.
1245 2338 1482 2405 etenim
1532 2340 1626 2405 illi
1672 2340 1907 2405 iniusto
1953 2337 2211 2403 domino
2274 2336 2364 2424 [Ρ.
2404 2315 2603 2427 15.Ξἰ

449 2442 642 2516 atque
680 2430 910 2495 acerbo
949 2432 1396 2517 aliquamdiu
1375 2457 1446 2498 ιιι
1481 2435 1675 2499 rebus
1710 2434 2015 2520 gerundis
2048 2454 2353 2519 prospera
2378 2430 2509 2495 for-

449 2539 608 2591 tuna
643 2525 944 2592 comitata
978 2538 1105 2603 est3
1161 2551 1314 2593 nam
1347 2539 1416 2595 et
1449 2551 1639 2595 omne
1675 2528 1941 2593 Latium
1974 2528 2143 2594 bello
2177 2525 2411 2593 devicit
2446 2535 2511 2589 et

453 2620 760 2686 Suessam
793 2619 1162 2687 Pometiam
1195 2624 1425 2689 urbem
1459 2625 1833 2709 opulentam
1876 2623 2305 2705 refertamque
2340 2620 2509 2705 cepit

454 2726 518 2779 et
569 2714 848 2777 maxima
899 2716 1040 2781 auri
1091 2717 1472 2802 argentique
1525 2717 1767 2801 praeda
1820 2718 2243 2801 locupletatus
2287 2724 2511 2778 votum

455 2806 651 2892 patris
673 2804 974 2891 Capitolii
1009 2809 1454 2875 aedificatione
1487 2810 1796 2894 persolvit
1830 2821 1897 2875 et
1928 2808 2211 2874 colonias
2245 2804 2509 2871 deduxit

460 2910 527 2967 et
564 2899 864 2963 institutis
909 2922 1160 2978 eorum,
1217 2926 1256 2967 a
1301 2903 1534 2987 quibus
1581 2914 1759 2969 ortus
1794 2915 1959 2980 erat,
2001 2905 2009 2985 Ι
2050 2902 2219 2967 dona
2275 2898 2367 2985 [Ρ.
2408 2899 2508 2964 16.

462 2992 799 3079 magnifica-
843 2996 1029 3078 quasi
1061 2996 1410 3063 libamenta
1441 2997 1828 3083 praedarum
1861 2994 2153 3082 Delphos
2189 2995 2273 3059 ad
2305 2994 2513 3080 Apol·

461 3090 652 3154 linem
684 3088 874 3153 misit.

588 3183 716 3248 Hic
757 3184 928 3249 ille
909 3208 1040 3249 iam
1085 3195 1368 3251 vertetur
1403 3186 1609 3262 orbis,
1658 3186 1839 3251 cuius
1874 3183 2232 3249 naturalem
2264 3192 2511 3247 motum
2544 3167 2615 3221 25

467 3289 652 3386 atque
705 3278 1038 3345 circuitum
1093 3304 1134 3345 a
1185 3280 1390 3366 primo
1443 3281 1667 3347 discite
1728 3290 1921 3363 atque
1984 3278 2375 3364 cognoscite.
2445 3240 2606 3341 id4⁵

468 3372 632 3437 enim
682 3381 779 3435 est
831 3385 1024 3459 caput
1077 3375 1281 3439 civilis
1334 3375 1741 3461 prudentiae,
1791 3375 1863 3439 in
1914 3395 2043 3458 qua
2094 3372 2301 3437 omnis
2354 3370 2514 3435 haec

469 3476 676 3531 nostra
726 3479 1020 3533 versatur
1071 3468 1272 3533 oratio
1287 3517 1305 3546 ,
1371 3469 1588 3534 videre
1637 3469 1866 3534 itinera
1915 3468 2248 3551 flexusque
2298 3486 2515 3529 rerum

469 3560 892 3647 publicarum,
946 3574 1046 3640 ut,
1103 3587 1249 3629 cum
1297 3565 1508 3629 sciatis
1521 3612 1540 3641 ,
1585 3584 1717 3647 quo
1760 3584 2055 3648 quaeque
2097 3584 2199 3629 res
2233 3558 2513 3635 inclinet,

473 3654 732 3721 retinere
777 3669 888 3723 aut
923 3669 1071 3723 ante
1105 3659 1360 3745 possitis
1400 3656 1410 3744 Ι
1449 3679 1801 3725 occurrere.
1886 3679 2038 3722 nam
2073 3679 2187 3721 rex
2234 3652 2329 3741 [p.
2365 3651 2513 3717 255.

475 3749 602 3825 ille,
643 3748 724 3814 de
766 3771 896 3833 quo
930 3752 1186 3837 loquor,
1230 3752 1508 3838 primum
1542 3751 1766 3837 optimi
1800 3750 1969 3837 regis
2004 3750 2201 3815 caede
2234 3746 2514 3813 macula-

476 3856 603 3919 tus,
645 3844 896 3929 integra
929 3858 1140 3913 mente
1174 3868 1305 3912 non
1341 3858 1477 3912 erat
1511 3858 1604 3923 et,
1650 3868 1799 3911 cum
1842 3855 2155 3911 metueret
2187 3844 2325 3929 ipse
2360 3862 2515 3927 poe-

479 3958 620 4001 nam
677 3938 930 4005 sceleris
994 3942 1096 4005 sui
1148 3964 1464 4007 summam
1477 3989 1494 4017 ,
1557 3939 1757 4005 metui
1808 3962 1879 4006 se
1930 3939 2210 4015 volebat;
2282 3934 2512 4001 deinde

482 4030 743 4099 victoriis
789 4032 1148 4120 divitiisque
1193 4036 1503 4101 subnixus
1539 4035 1901 4101 exsultabat
1934 4031 2271 4099 insolentia
2303 4048 2511 4115 neque
