3292 4559
637 533 710 588 42

648 608 700 647 93

647 2061 702 2100 94

642 2875 711 2928 43

651 2946 704 2986 95

711 207 718 218 ’
745 205 876 273 154
1361 210 1439 265 Μ.
1476 207 1753 267 TULLII
1786 201 2187 262 CICERONIS

739 365 924 410 mum
957 339 1424 423 obtemperant,
1470 331 1644 418 quod
1676 329 1851 397 idem
1884 327 2245 394 factitatum
2278 326 2345 392 in
2379 323 2659 392 Umbria
2690 349 2805 394 ac-

744 437 1049 524 cepimus.

871 531 978 595 Ac
1011 527 1168 593 mihi
1202 526 1460 609 quidem
1494 521 1792 587 videntur
1826 542 1865 586 e
1896 519 2052 586 locis
2086 538 2343 603 quoque
2377 516 2567 602 ipsis,
2612 516 2725 600 qui
2760 539 2803 580 a

743 627 1106 711 quibusque
1140 621 1599 695 incolebantur,
1637 615 2100 682 divinationum
2128 612 2633 725 opportunitates
2661 634 2800 677 esse

733 722 995 786 ductae.
1083 716 1317 783 etenim
1343 712 1657 799 Aegyptii
1692 722 1756 776 et
1790 709 2191 796 Babylonii
2170 733 2241 775 ιιι
2275 729 2649 794 camporum
2682 731 2801 794 pa-

745 815 1014 880 tentium
1061 809 1445 894 aequoribus
1493 806 1885 881 habitantes,
1930 827 2080 870 cum
2124 825 2204 869 ex
2239 814 2409 868 terra
2449 801 2610 869 nihil
2643 802 2799 868 emi-

740 920 950 984 neret,
997 905 1171 1016 quod
1207 900 1727 1012 contemplationi
1774 899 1932 965 caeli
1968 897 2225 964 officere
2258 908 2507 983 posset,
2544 918 2797 963 omnem

742 1025 962 1068 curam
1004 1002 1072 1066 in
1117 999 1398 1066 siderum
1443 996 1806 1082 cognitione
1849 1003 2233 1080 posuerunt;
2266 991 2528 1058 Etrusci
2563 1002 2797 1070 autem,

741 1096 916 1182 quod
956 1093 1264 1181 religione
1309 1092 1518 1157 inbuti
1564 1089 1907 1155 studiosius
1954 1100 2020 1154 et
2064 1086 2348 1154 crebrius
2392 1086 2633 1152 hostias
2678 1087 2798 1152 im-

741 1190 1099 1266 molabant,
1162 1198 1456 1253 extorum
1491 1185 1858 1295 cognitioni
1910 1207 1979 1250 se
2037 1205 2341 1248 maxume
2394 1181 2795 1260 dediderunt,

743 1285 1044 1370 quodque
1088 1292 1347 1369 propter
1381 1280 1544 1346 ae'ris
1590 1278 2075 1346 crassitudinem
2118 1278 2199 1344 de
2244 1275 2422 1342 caelo
2470 1277 2642 1363 apud
2684 1297 2796 1342 eos

742 1378 946 1444 multa
997 1377 1239 1442 fiebant
1290 1386 1354 1442 et
1405 1375 1579 1458 quod
1625 1375 1709 1440 ob
1763 1373 2033 1439 eandem
2076 1395 2337 1438 causam
2379 1372 2585 1436 multa
2632 1370 2798 1436 invi-

747 1472 938 1538 sitata
971 1471 1205 1556 partim
1239 1492 1276 1534 e
1313 1470 1518 1545 cae10,
1564 1469 1691 1533 alia
1724 1490 1807 1533 ex
1840 1479 2009 1534 terra
2043 1466 2439 1543 oriebantur,
2475 1465 2795 1550 quaedam

747 1565 938 1632 etiam
975 1588 1056 1630 ex
1102 1564 1431 1628 hominum
1467 1563 1869 1649 pecudumve
1906 1571 2219 1648 conceptu
2254 1572 2321 1626 et
2352 1571 2530 1638 satu,
2584 1571 2795 1627 osten-

746 1753 1006 1838 quidem
1047 1753 1206 1828 vim,
1252 1763 1326 1818 ut
1369 1763 1441 1817 tu
1475 1752 1643 1818 soles
1680 1751 1923 1829 dicere,
1968 1750 2218 1815 verba'
2198 1773 2341 1836 ipsa
2375 1749 2721 1835 prudenter
2758 1773 2798 1814 a

742 1849 1090 1914 maioribus
1124 1848 1334 1934 posita
1368 1846 1721 1912 declarant:
1760 1846 1912 1930 quia
1946 1845 2117 1911 enim
2145 1844 2507 1922 ostendunt,
2540 1855 2799 1930 porten-

744 1941 932 2021 dunt,
968 1953 1352 2019 monstrant,
1389 1941 1796 2028 praedicunt,
1833 1950 2104 2017 ostenta,
2139 1943 2457 2025 portenta,
2491 1951 2797 2018 monstra,

741 2037 1038 2123 prodigia
1073 2037 1390 2102 dicuntur.
1463 2036 1720 2101 Arabes
1756 2045 1973 2100 autem
2008 2045 2073 2099 et
2104 2033 2403 2120 Phryges
2441 2043 2506 2100 et
2542 2032 2801 2112 Cilices,

743 2131 920 2216 quod
953 2142 1142 2216 pastu
1175 2130 1499 2216 pecudum
1527 2151 1829 2195 maxume
1855 2139 2144 2206 utuntur,
2182 2150 2443 2214 campos
2470 2139 2531 2195 et
2564 2130 2801 2194 montis

741 2223 952 2290 hieme
997 2235 1062 2290 et
1105 2235 1342 2290 aestate
1387 2234 1835 2310 peragrantes,
1888 2234 2226 2311 propterea
2276 2223 2529 2290 facilius
2574 2234 2801 2290 cantus

744 2320 962 2384 avium
996 2329 1059 2383 et
1087 2319 1336 2384 volatus
1369 2328 1783 2395 notaverunt;
1820 2317 2173 2402 eademque
2210 2329 2274 2384 et
2289 2317 2575 2385 Pisidiae
2604 2339 2804 2384 causa

743 2411 868 2476 :fuit
921 2420 986 2475 et
1034 2410 1185 2476 huic
1225 2422 1478 2476 nostrae
1521 2409 1855 2477 Umbriae.
1951 2423 2091 2476 tum
2135 2408 2331 2478 Caria
2372 2422 2506 2478 tota
2554 2413 2806 2498 praeci-

743 2525 1002 2591 pueque
1037 2504 1386 2583 TelmeseS,
1423 2527 1583 2590 quos
1621 2517 1770 2571 ante
1805 2506 1957 2584 dixi,
1992 2505 2167 2589 quod
2202 2528 2393 2593 agros
2420 2507 2803 2574 uberrumos

745 2597 1149 2683 maximeque
1199 2600 1424 2665 fertilis
1475 2601 1789 2677 incolunt,
1852 2601 1921 2665 in
1980 2601 2213 2682 quibus
2274 2601 2479 2666 multa
2538 2612 2805 2688 propter

745 2693 1204 2760 fecunditatem
1235 2693 1394 2778 fingi
1427 2694 1737 2780 gignique
1772 2705 2072 2780 possunt,
2106 2695 2175 2760 in
2210 2697 2475 2763 ostentis
2510 2696 2805 2761 animad-

745 2789 1066 2854 vertendis
1103 2788 1439 2874 diligentes
1474 2789 1752 2855 fuerunt.

877 2880 1044 2964 Quis
1097 2905 1249 2947 vero
1293 2905 1422 2948 non
1466 2885 1642 2949 videt
1692 2885 1761 2950 in
1806 2894 2071 2970 optuma
2118 2905 2373 2969 quaque
2417 2908 2489 2953 re
2540 2885 2806 2972 publica

747 2977 1094 3062 plurimum
1131 2977 1412 3062 auspicia
1447 2989 1512 3044 et
1552 2979 1799 3062 reliqua
1833 2978 2162 3044 divinandi
2208 3001 2449 3065 genera
2482 2981 2807 3046 valuisse?

748 3071 890 3154 quis
935 3093 1051 3135 rex
1093 3093 1401 3155 umquam
1446 3073 1598 3150 fuit,
1654 3073 1799 3158 quis
1841 3074 2147 3158 populus,
2199 3075 2313 3158 qui
2346 3098 2478 3142 non
2511 3088 2805 3142 uteretur

745 3163 1172 3250 praedictione
1217 3166 1472 3231 divina?
1522 3189 1733 3250 neque
1770 3167 1977 3232 solum
2010 3167 2079 3232 in
2113 3190 2301 3254 pace,
2356 3168 2470 3235 sed
2513 3169 2582 3236 in
2626 3169 2809 3236 bello

745 3259 945 3323 multo
990 3260 1182 3324 etiam
1226 3261 1433 3346 magis
1447 3309 1466 3339 ,
1521 3283 1651 3346 quo
1686 3262 1894 3326 maius
1932 3273 2069 3328 erat
2112 3274 2433 3329 certamen
2468 3275 2535 3330 et
2576 3265 2807 3330 discri-

743 3376 891 3419 men
927 3353 1168 3418 salutis.
1259 3355 1480 3420 omitto
1514 3366 1785 3432 nostros,
1823 3357 1935 3440 qui
1966 3357 2125 3421 'nihil
2157 3357 2226 3422 in
2259 3359 2428 3423 bello
2464 3358 2599 3424 sine
2635 3360 2807 3424 extis

747 3458 974 3533 agunt,
1026 3449 1184 3513 nihil
1229 3451 1364 3516 sine
1411 3451 1709 3537 auspiciis
1746 3452 1918 3516 domi
1952 3450 2219 3517 habent:
2275 3463 2537 3518 externa
2580 3453 2809 3518 videa—-

743 3565 908 3608 mus.
995 3566 1273 3626 namque
1320 3555 1384 3610 et
1417 3544 1847 3610 Athenienses
1894 3547 2191 3612 omnibus
2226 3569 2478 3633 semper
2521 3547 2811 3634 publicis

747 3635 1021 3702 consiliis
1051 3637 1300 3702 divinos
1327 3639 1640 3721 quosdam
1668 3640 2051 3718 sacerdotes,
2082 3663 2242 3725 quos
2258 3641 2526 3722 μάντεις
2543 3651 2807 3720 vocant,

747 3731 1202 3809 adhibuerunt,
1239 3742 1304 3798 et
1337 3731 1837 3799 Lacedaemonii
1868 3736 2130 3820 regibus
2166 3735 2299 3802 suis
2334 3737 2649 3822 augurem
2680 3737 2812 3801 ad-

745 3846 1056 3892 sessorem
1094 3826 1436 3904 dederunt,
1470 3827 1754 3911 itemque
1790 3829 2049 3894 senibus
2062 3879 2079 3906 ,
2126 3829 2219 3896 sic
2254 3829 2424 3894 enim
2459 3831 2806 3896 consilium-

745 3917 1074 4002 publicum
1093 3920 1434 4005 appellant,
1455 3944 1769 4007 augurem
1795 3923 2100 3990 interesse
2119 3926 2477 4000 voluerunt,
2494 3925 2809 4008 idemque

749 4008 832 4074 de
865 4010 1058 4077 rebus
1101 4013 1448 4080 maioribus
1486 4037 1739 4102 semper
1786 4025 1897 4082 aut
1930 4017 2205 4104 Delphis
2244 4019 2527 4086 oraclum
2564 4023 2675 4084 aut
2712 4019 2813 4084 ab
