3292 4559
1193 252 1301 308 DE
1332 250 1543 309 FATO
1581 253 1818 308 14-18,
2404 239 2533 304 223

472 386 627 442 sunt
667 375 735 442 in
781 375 1051 462 sphaera
1092 365 1356 440 maximi
1400 375 1617 452 orbes,
1644 364 1755 444 'et‘
1781 375 1828 458 ii
1872 397 2003 441 non
2037 376 2232 442 medii
2264 370 2432 442 inter
2465 372 2535 442 se

474 470 889 535 dividuntur-⁹
993 470 1153 554 quid
1204 480 1303 536 est
1354 470 1527 554 quod
1580 483 1711 536 non
1761 471 1964 557 possit
2025 470 2148 536 isto
2209 470 2401 536 modo
2453 493 2534 536 ex
2561 493 2614 534 w

475 585 723 629 conexo
758 563 1086 630 transferri
1118 563 1202 629 ad
1238 564 1758 631 coniunctionum
1791 564 2242 652 negationem?
2295 574 2360 630 et
2392 565 2536 648 qui-

476 659 627 723 dem
679 657 818 722 aliis
870 659 1078 724 modis
1132 659 1393 725 easdem
1444 682 1547 726 res
1600 659 1828 726 efferre
1881 678 2244 746 possumus.
2340 660 2534 724 modo

475 752 609 817 dixi
644 752 739 817 ‘in
774 752 1047 838 sphaera
1078 753 1345 817 maximi
1372 753 1559 819 orbes
1584 755 1782 820 medii
1813 755 1980 820 inter
2009 777 2078 819 se
2105 754 2503 832 dividuntur3
2516 753 2532 781 '

476 868 740 932 possum
776 846 987 913 dicere
1040 847 1129 912 ‘si
1159 847 1229 912 in
1264 846 1539 932 sphaera
1570 848 1835 912 maximi
1870 846 2054 912 orbes
2091 849 2334 926 erunt3’
2387 871 2536 934 pos·

476 964 621 1006 sum
656 940 873 1007 dicere
908 941 1089 1026 ‘quia
1121 941 1191 1005 in
1226 941 1497 1026 sphaera
1530 942 1797 1005 maximi
1832 941 2018 1006 orbes
2055 941 2281 1006 erunt?
2335 943 2538 1006 multa

476 1055 721 1122 genera
764 1045 919 1099 sunt
962 1034 1336 1100 enuntiandi
1380 1057 1503 1100 nec
1544 1035 1749 1100 ullum
1795 1035 2118 1100 distortius
2153 1056 2352 1119 quam
2394 1026 2538 1111 hoc,

476 1143 616 1214 quo·
652 1123 1060 1216 Chrysippus
1112 1118 1329 1215 sperat
1374 1126 1737 1195 Chaldaeos
1791 1138 2124 1194 contentos
2171 1127 2536 1194 Stoicorum

476 1245 675 1289 causa
706 1222 875 1290 fore:
928 1223 1184 1289 illorum
1218 1235 1435 1290 tamen
1469 1246 1660 1290 nemo
1695 1224 1788 1289 ita
1830 1223 2116 1309 loquitur
2123 1248 2142 1301 3
2195 1223 2402 1290 maius
2439 1233 2539 1288 est
2564 1207 2614 1320 f}

476 1319 649 1385 enim
702 1319 819 1386 has
872 1320 1299 1386 contortiones
1352 1320 1656 1386 orationis
1722 1342 1916 1405 quam
1977 1319 2310 1407 signorum
2361 1329 2536 1386 ortus

478 1415 819 1500 obitusque
852 1415 1233 1502 perdiscere.
1289 1415 1404 1484 sed
1432 1415 1517 1480 ad
1549 1415 1726 1480 illam
1743 1414 2018 1480 Diodori
2043 1413 2535 1490 contentionem,

476 1531 677 1592 quam
720 1511 878 1596 περὶ
924 1510 1217 1577 δυνατῶν
1263 1512 1618 1597 appellant,
1656 1521 2080 1587 revertamur,
2114 1510 2182 1575 in
2217 1531 2348 1594 qua
2382 1508 2538 1596 quid

479 1603 689 1670 valeat
740 1603 839 1680 id,
892 1605 1067 1689 quod
1118 1605 1259 1671 fleri
1311 1606 1555 1692 possit,
1596 1605 1974 1690 anquiritur.
2079 1605 2292 1690 placet
2341 1603 2538 1688 igitur

478 1696 767 1763 Diodoro
811 1697 881 1762 id
932 1699 1141 1764 solum
1182 1700 1323 1765 fieri
1365 1721 1587 1784 posse,
1640 1698 1816 1783 quod
1869 1709 1982 1762 aut
2024 1719 2248 1762 verum
2293 1695 2374 1760 sit
2427 1705 2541 1761 aut

477 1813 704 1856 verum
737 1790 1030 1855 futurum
1066 1793 1175 1868 sit3
1222 1793 1336 1875 qui
1370 1794 1549 1856 locus
1584 1791 1842 1876 attingit
1874 1792 2042 1856 hanc
2077 1789 2536 1873 quaestionem,

475 1883 638 1948 nihil
688 1883 857 1960 fieri,
912 1884 1086 1966 quod
1128 1905 1260 1948 non
1304 1905 1566 1949 necesse
1618 1884 1841 1962 fuerit,
1897 1894 1990 1959 et,
2044 1882 2350 1966 quicquid
2399 1882 2539 1947 fieri

476 1977 699 2064 possit,
735 1975 803 2042 id
838 1987 951 2041 aut
986 1999 1125 2042 esse
1160 1977 1291 2041 iam
1320 1988 1431 2041 aut
1465 1977 1756 2042 futurum
1782 1999 1942 2055 esse,
1977 1998 2100 2040 nec
2127 1975 2334 2062 magis
2363 1997 2540 2040 com-

478 2070 715 2136 mutari
751 2093 832 2136 ex
867 2069 1035 2136 veris
1070 2070 1139 2134 in
1171 2069 1339 2136 falsa
1372 2091 1561 2156 posse
1598 2093 1695 2148 ea,
1731 2091 1899 2155 quae
1934 2069 2171 2148 futura,
2208 2091 2406 2154 quam
2441 2092 2536 2146 ea,

476 2187 645 2250 quae
679 2165 855 2230 facta
888 2175 1063 2242 sunt,
1112 2164 1227 2231 sed
1270 2165 1338 2230 in
1380 2164 1569 2230 factis
1614 2164 2176 2230 inmutabilitatem
2209 2163 2536 2248 adparere,

474 2262 545 2327 in
578 2260 811 2327 futuris
859 2260 1275 2346 quibusdam,
1332 2261 1487 2345 quia
1520 2281 1651 2324 non
1687 2261 1982 2348 adparet,
2035 2281 2118 2325 ne
2153 2259 2362 2325 inesse
2398 2257 2540 2343 qui-

476 2355 626 2421 dem
668 2354 899 2430 videri,
952 2368 1025 2419 ut
1067 2355 1135 2420 in
1181 2375 1288 2433 e0,
1343 2355 1455 2439 qui
1507 2353 1836 2420 mortifero
1887 2352 2114 2419 morbo
2165 2362 2537 2439 urgueatur,

480 2473 702 2516 verum
737 2449 819 2515 sit
854 2449 988 2514 ‘hic
1022 2449 1327 2514 morietur
1361 2449 1486 2517 hoc
1520 2448 1798 2527 morb0,'
1833 2459 1902 2514 at
1935 2447 2058 2513 hoc
2091 2447 2262 2513 idem
2299 2447 2355 2512 si
2388 2469 2538 2513 vere

476 2545 725 2610 dicatur
758 2545 825 2610 in
855 2565 953 2621 ec,
988 2543 1055 2609 in
1083 2565 1214 2628 quo
1242 2543 1340 2608 vis
1367 2543 1577 2608 morbi
1611 2555 1791 2609 tanta
1817 2565 1950 2608 non
1979 2541 2304 2628 adpareat,
2339 2541 2538 2606 nihilo

476 2641 687 2704 minus
722 2639 1014 2704 futurum
1060 2639 1167 2702 sit:
1213 2637 1305 2703 ita
1336 2639 1410 2702 fit
1442 2650 1517 2703 ut
1551 2637 1968 2703 commutatio
2002 2659 2084 2702 ex
2120 2657 2272 2701 vero
2315 2635 2384 2699 in
2417 2633 2538 2700 fal-

477 2755 623 2799 sum
654 2756 737 2798 ne
770 2733 840 2796 in
873 2733 1089 2798 futuro
1115 2731 1379 2816 quidem
1412 2733 1546 2797 ulla
1579 2732 1719 2797 fieri
1753 2731 1983 2818 possit3
2018 2753 2170 2795 nam
2207 2729 2540 2794 ‘morietur

478 2827 727 2912 Scipio’
765 2826 959 2890 talem
995 2827 1125 2890 vim
1160 2825 1385 2902 habet,
1431 2837 1534 2903 ut,
1582 2845 1974 2909 quamquam
2013 2824 2092 2890 de
2128 2823 2345 2889 futuro
2383 2822 2540 2888 dici-

476 2934 605 2998 tur,
642 2931 857 2984 tamen
890 2929 965 2982 ut
998 2918 1063 2981 id
1098 2939 1229 2982 non
1263 2919 1465 3004 possit
1492 2928 1866 2984 convertere
1901 2918 1967 2981 in
2004 2919 2269 2995 falsum3
2307 2917 2388 2985 de
2423 2916 2540 2982 ho-

478 3016 650 3079 mine
686 3012 857 3078 enim
894 3011 1145 3088 dicitur,
1182 3012 1286 3076 cui
1319 3033 1582 3078 necesse
1617 3021 1717 3076 est
1749 3011 1933 3076 mori.
2007 3012 2098 3076 sic
2131 3011 2186 3077 si
2220 3010 2538 3078 diceretur
2571 3034 2622 3074 18

476 3107 815 3175 ‘morietur
864 3116 1060 3171 noctu
1111 3105 1179 3169 in
1232 3105 1529 3171 cubiculo
1584 3127 1704 3170 suo
1756 3105 1824 3170 vi
1875 3126 2220 3191 oppressus
2273 3105 2550 3194 Scipi0,’-

478 3219 631 3269 v-'ere
648 3201 994 3278 diceretur3
1013 3200 1082 3265 id
1111 3199 1283 3265 enim
1310 3199 1449 3266 fore
1469 3199 1808 3278 diceretur,
1828 3199 2004 3285 quod
2029 3211 2200 3266 esset
2223 3200 2536 3276 futurum,

478 3298 770 3361 futurum
804 3307 1019 3360 autem
1054 3295 1282 3372 fuisse,
1337 3317 1417 3361 ex
1453 3317 1529 3360 eo
1542 3343 1560 3372 ,
1608 3295 1761 3380 quia
1795 3295 2040 3360 factum
2074 3305 2202 3371 est,
2253 3293 2540 3379 intellegi

480 3386 676 3452 debet
682 3411 702 3463 3
753 3409 875 3452 nec
925 3388 1133 3472 mag-is
1186 3400 1323 3453 erat
1375 3409 1601 3454 verum
1655 3389 1988 3454 ‘morietur
2040 3386 2288 3473 Scipio’
2343 3405 2541 3469 quam

482 3477 817 3546 ‘morietur
866 3480 977 3544 illo
1021 3481 1265 3559 modo,'
1305 3503 1443 3548 ‚nec
1482 3484 1692 3569 magis
1735 3501 1998 3547 necesse
2043 3479 2206 3544 mori
2251 3478 2540 3565 Scipioni

481 3567 679 3662 quam
711 3575 821 3641 illo
856 3575 1051 3640 modo
1084 3575 1277 3652 mori,
1322 3597 1445 3642 nec
1487 3578 1696 3664 magis
1740 3574 2116 3642 inmutabile
2149 3596 2233 3639 ex
2273 3595 2432 3639 vero
2468 3575 2539 3639 in

480 3671 718 3739 falsum
754 3677 1047 3736 ‘necatus
1074 3680 1171 3736 est
1190 3669 1428 3758 Scipio'
1466 3691 1662 3756 quam
1699 3669 2060 3736 ‘necabitur
2080 3667 2327 3755 Scipi03
2344 3668 2370 3697 ⁷
2397 3689 2538 3746 nec,

483 3786 635 3830 cum
667 3767 829 3832 haec
858 3766 951 3830 ita
986 3766 1131 3843 sint,
1166 3776 1264 3832 est
1298 3787 1493 3830 causa
1528 3787 1643 3830 cur
1675 3764 1998 3852 Epicurus
2032 3764 2240 3828 fatum
2277 3761 2546 3829 extime-

486 3870 624 3924 scat
656 3871 720 3925 et
752 3861 839 3924 ab
866 3860 1094 3925 atomis
1128 3871 1307 3946 petat
1341 3859 1732 3946 praesidium
1761 3879 1998 3942 easque
2028 3857 2108 3924 de
2133 3859 2238 3923 via
2253 3853 2542 3924 ⁵deducat

488 3965 553 4019 et
582 3973 717 4017 uno
749 3964 1035 4040 tempore
1070 3950 1379 4043 suscipiat
1409 3977 1511 4021 res
1540 3955 1702 4022 duas
1737 3951 2182 4032 inenodabilis,
2215 3975 2435 4033 unam,
2471 3965 2557 4019 ut

488 4048 625 4115 sine
662 4069 857 4114 causa
886 4051 1001 4116 fiat
1034 4049 1297 4136 aliquid,
1333 4073 1415 4116 ex
1451 4071 1581 4137 quo
1608 4051 1875 4118 exsistet
1907 4059 1982 4116 ut
2016 4050 2096 4116 de
2131 4049 2344 4115 nihilo.
2357 4049 2560 4140 quipp
