3292 4559
1127 264 1237 322 DE
1271 262 1607 321 LEGIBUS
1642 264 1720 319 ΙΙ.
1761 266 2000 323 22-26.
2457 259 2590 327 279

524 392 845 475 discrepat
904 388 1037 453 ista·
1084 386 1449 475 constitutio
1501 387 1884 473 religionum
1938 412 1978 454 a
2027 389 2280 477 legibus
2331 394 2586 464 Numae

520 485 881 569 nostrisque
926 480 1231 547 moribus.
1318 482 1411 546 M.
1474 482 1587 545 An
1632 504 1885 561 censes,
1931 504 2079 548 cum
2119 485 2189 549 in
2229 486 2354 552 illis
2399 488 2495 555 de'
2513 512 2584 556 re

519 579 783 666 publica
833 576 1013 642 libris
1064 576 1449 661 persuadere
1513 576 1806 642 videatur
1857 577 2236 656 Africanae,
2299 584 2584 649 omnium

519 694 736 739 rerum
789 670 1193 756 publicarum
1242 680 1529 735 nostram
1580 684 1866 737 veterem
1915 672 2092 737 illam
2144 673 2344 741 fuisse
2395 688 2583 763 optu-

518 790 725 844 m,
770 788 901 831 non
944 786 1206 832 necesse
1243 788 1383 831 esse
1418 776 1722 851 optumae
1752 767 1851 831 mi
1883 766 2181 852 publicae
2214 770 2392 855 leges
2429 773 2582 839 dare

520 860 1023 929 consentaneas?
1090 862 1224 927 Act.
1278 860 1489 943 Immo
1523 881 1786 945 prorsus
1819 861 1912 926 ita
1945 882 2195 927 censeo.
2265 865 2356 927 M.
2402 864 2580 951 Ergo

519 956 683 1021 adeo
736 964 1101 1041 exspectate
1152 954 1359 1040 leges,
1412 974 1581 1038 quae
1632 976 1840 1040 genus
1892 955 2054 1021 inud
2101 968 2438 1042 optumum
2489 960 2582 1024 rei

516 1050 817 1137 publicae
862 1049 1257 1124 contineant,
1302 1059 1399 1126 et,
1444 1049 1499 1113 si
1544 1066 1712 1131 quae
1755 1048 1921 1115 forte
1957 1072 1998 1115 a
2031 1072 2134 1115 me
2169 1051 2358 1117 hodie
2393 1072 2582 1139 roga—

517 1146 788 1222 buntur,
834 1164 1001 1227 quae
1042 1165 1175 1209 non
1220 1143 1348 1208 sint
1393 1144 1463 1207 in
1504 1155 1724 1209 nostra
1768 1167 1836 1211 re
1876 1144 2136 1230 publica
2168 1168 2287 1215 nec
2321 1146 2578 1224 fuerint,

517 1252 737 1303 tamen
771 1249 959 1303 erunt
992 1236 1127 1303 fere
1160 1238 1229 1301 in
1262 1259 1440 1303 more
1475 1237 1815 1315 maiorum,
1847 1238 1960 1322 qui
1995 1249 2136 1303 tum
2169 1252 2242 1305 ut
2274 1239 2380 1305 lex
2407 1242 2580 1306 vale-

515 1334 649 1397 bat.
721 1334 855 1396 Act.
913 1329 1133 1397 Suade
1166 1332 1382 1417 igitur,
1418 1332 1475 1396 si
1506 1332 1740 1417 placet,
1773 1332 1963 1397 istam
1997 1334 2206 1418 ipsam
2240 1334 2470 1420 legem,
2505 1347 2579 1401 ut
2621 1358 2676 1400 24

518 1448 645 1511 ego
682 1425 845 1491 ‘utei
878 1435 951 1489 tu
984 1425 1204 1509 rogas’
1242 1426 1485 1511 possim
1518 1425 1751 1491 dicere.
1822 1427 1914 1491 M.
1968 1426 2104 1491 Ain
2139 1427 2416 1505 tandem,
2453 1429 2579 1494 At-

517 1521 673 1597 tice,
710 1540 840 1584 non
876 1542 945 1583 es
980 1518 1267 1583 dicturus
1304 1520 1526 1585 aliter?
1594 1524 1730 1583 Att.
1783 1520 2060 1587 Prorsus
2095 1521 2400 1587 maiorem
2437 1524 2580 1607 qui-

517 1614 669 1679 dem
711 1636 849 1678 rem
890 1612 1135 1678 nullam
1180 1612 1449 1677 sciscam
1494 1613 1706 1690 aliter,
1749 1613 1821 1678 in
1863 1614 2246 1692 minoribus,
2291 1616 2345 1680 si
2379 1618 2577 1693 voles,

514 1707 837 1772 remittam
880 1705 1005 1771 hoc
1058 1706 1196 1771 tibi.
1290 1706 1363 1787 Q.
1427 1707 1648 1790 Atque
1699 1730 1846 1773 mea
1889 1707 2154 1791 quidem
2196 1713 2403 1775 eadem
2439 1732 2580 1775 sen-

516 1802 719 1867 tentia
754 1812 869 1865 est.
941 1800 1033 1865 Μ.
1080 1801 1194 1878 At,
1230 1824 1313 1867 ne
1348 1803 1615 1886 longum
1648 1801 1783 1879 fiat,
1819 1802 2052 1867 videte.
2123 1804 2255 1868 Ate.
2309 1800 2580 1869 Utinam

518 1896 807 1983 quidem!
881 1895 1040 1979 quid
1075 1896 1245 1961 enim
1282 1918 1473 1982 agere
1507 1897 1865 1980 malumus?

588 2001 593 2006 '
648 1994 739 2057 M.
788 1989 985 2057 Caste
1018 1991 1200 2057 iubet
1233 1993 1341 2057 lex
1376 1992 1550 2057 adire
1586 1992 1670 2057 ad
1706 1992 1880 2068 deos,
1917 1992 2130 2057 animo
2159 1992 2475 2070 videlicet,
2510 1994 2578 2057 in

517 2108 647 2171 quo
684 2098 833 2151 sunt
868 2086 1113 2164 omnia3
1150 2108 1271 2152 nec
1304 2087 1469 2151 tollit
1505 2086 1946 2151 castimoniam
1973 2086 2277 2171 corporis,
2316 2087 2432 2152 sed
2455 2087 2578 2151 hoc

518 2193 771 2268 oportet
822 2181 1141 2269 intellegi,
1196 2204 1342 2246 cum
1386 2182 1664 2245 multum
1709 2180 1960 2245 animus
2007 2181 2257 2266 corpori
2299 2191 2578 2265 praestet

519 2278 1047 2361 observeturque‚
1084 2286 1157 2341 ut
1194 2288 1371 2341 casta
1406 2298 1675 2361 corpora
1709 2274 2164 2352 adhibeantur,
2197 2276 2402 2340 multo
2439 2297 2578 2340 esse

514 2372 588 2435 in
623 2371 849 2435 animis
881 2371 949 2435 id
986 2372 1372 2437 servandum
1406 2371 1643 2457 magis:
1689 2393 1842 2433 nam
1876 2370 2037 2435 illud
2075 2369 2190 2435 vel.
2215 2370 2577 2456 aspersione

520 2486 727 2547 aquae
769 2466 872 2531 vel
914 2465 1165 2532 dierum
1206 2488 1475 2533 numero
1510 2465 1783 2542 tollitur3
1837 2464 2035 2529 animi
2067 2464 2244 2529 labes
2277 2485 2402 2530 nec
2435 2464 2577 2528 diu-

519 2560 821 2625 turnitate
858 2584 1239 2627 evanescere
1274 2584 1397 2627 nec
1430 2560 1728 2627 amnibus
1763 2559 1912 2623 ullis
1947 2558 2076 2624 elui
2109 2569 2341 2645 potest.
2402 2557 2576 2641 quod
2623 2581 2674 2622 25

520 2666 735 2719 autem
778 2655 1083 2739 pietatem
1126 2655 1443 2729 adhiberi,
1489 2676 1643 2740 opes
1691 2654 1975 2717 amoveri
2007 2652 2214 2728 iubet,
2261 2652 2578 2737 significat

518 2747 902 2833 probitatem
936 2764 1186 2831 gratam
1220 2770 1360 2813 esse
1388 2749 1531 2823 de0,
1568 2758 1895 2830 sumptum
1921 2768 2062 2811 esse
2089 2745 2575 2809 removendum.-

521 2841 635 2925 qui
678 2842 843 2905 enim
890 2851 1332 2925 paupertatem
1377 2863 1525 2905 cum
1570 2839 1806 2903 divitiis
1853 2840 2048 2903 etiam
2089 2838 2256 2901 inter
2287 2837 2576 2901 homines

521 2958 661 3003 esse
698 2936 1032 3019 aequalem
1070 2936 1361 3012 velimus,
1400 2956 1515 2999 cur
1550 2956 1696 2998 eam
1729 2944 1990 3019 sumptu
2025 2932 2108 2996 ad
2143 2954 2324 2995 sacra
2359 2932 2574 2996 addito

522 3032 788 3095 deorum
832 3029 1011 3095 aditu
1055 3028 1421 3093 arceamus?
1491 3026 1867 3112 praesertim
1913 3048 2060 3089 cum
2101 3024 2226 3111 ipsi
2261 3024 2382 3091 deo
2418 3024 2576 3089 nihil

518 3125 731 3191 minus
774 3135 1029 3210 gratum
1073 3122 1360 3187 futurum
1396 3122 1481 3187 sit
1514 3142 1710 3204 quam
1744 3113 1875 3185 non
1909 3119 2204 3184 omnibus
2239 3131 2456 3205 patere
2491 3120 2576 3184 ad

522 3242 590 3284 se
634 3218 1019 3304 placandum
1062 3229 1127 3282 et
1170 3216 1507 3283 colendum
1552 3214 1744 3279 viam.
1831 3214 2005 3299 quod
2050 3224 2262 3278 autem
2305 3236 2435 3279 non
2477 3214 2576 3278 iu-

522 3314 667 3389 dex,
704 3314 816 3378 sed
855 3314 1013 3377 deus
1046 3313 1183 3397 ipse
1220 3311 1456 3375 vindex
1494 3308 1917 3385 constituitur,
1953 3308 2304 3394 praesentis
2331 3330 2576 3393 poenae

520 3418 697 3472 metu
732 3408 954 3493 religio
992 3406 1353 3472 confirmari
1388 3406 1664 3470 videtur.
1732 3424 2010 3487 suosque
2047 3403 2200 3469 deos
2237 3414 2348 3467 aut
2376 3424 2575 3467 novos

522 3512 635 3565 aut
695 3500 1085 3586 alienigenas
1150 3501 1269 3565 coli
1332 3498 1773 3565 confusionem
1833 3497 2029 3563 habet
2079 3494 2462 3581 religionum
2513 3505 2577 3559 et

518 3596 775 3681 ignotas
810 3594 1225 3659 caerimonias
1260 3597 1491 3659 nostrie
1527 3592 1982 3658 sacerdotibus.
2051 3591 2179 3654 iam
2215 3613 2255 3653 a
2289 3588 2576 3673 patribus
2619 3609 2672 3680 2.ss

520 3700 818 3775 acceptos
863 3690 1017 3756 deos
1060 3690 1153 3755 ita
1195 3690 1407 3775 placet
1452 3684 1605 3765 coli,
1651 3687 1705 3751 si
1749 3686 1900 3751 huic
1932 3684 2063 3770 legi
2096 3684 2422 3770 paruerint
2455 3683 2574 3768 ipsi

527 3782 766 3869 [patres
800 3832 819 3848 .

650 3780 947 3943 Del]ubra
991 3900 1131 3945 esse
1176 3878 1244 3942 in
1286 3876 1556 3942 urbibus
1602 3896 1861 3952 censeo,
1905 3896 2026 3938 nec
2069 3892 2300 3955 sequor
2340 3870 2577 3956 Magos

523 3971 892 4051 Persarum,
930 3974 1165 4057 quibus
1202 3971 1569 4037 auctoribus
1596 3969 1844 4035 Xerses
1878 3969 2304 4033 inflammasse
2341 3966 2580 4051 templa

527 4063 841 4131 Graeciae
886 4068 1145 4145 dicitur,
1188 4067 1361 4152 quod
1394 4064 1746 4152 parietibus
1777 4063 2176 4129 includerent
2210 4060 2392 4136 deos,
2437 4060 2580 4144 qui-
