3292 4559
885 290 897 294 “
958 319 962 321 ·
1001 306 1111 363 DE
1142 304 1666 365 DIVINATIONE
1697 306 1776 363 Π.
1813 308 2053 365 11-16.
2437 299 2562 367 173

484 460 613 523 que
657 435 755 501 ita
797 430 1097 499 definire:
1152 428 1607 497 divinationem
1653 451 1794 501 esse
1841 453 2064 499 earum
2107 456 2322 500 rerum
2375 458 2562 523 prae-

486 532 838 599 dictionem
874 538 941 595 et
981 525 1529 613 praesensionem,
1566 548 1736 612 quae
1771 538 1988 594 essent
2021 526 2342 596 fortuitae.
2431 532 2562 617 pri-

491 648 673 692 mum
726 622 961 691 eodem
1006 621 1385 699 revolveris3
1437 644 1591 689 nem
1636 633 1705 694 et⁴
1739 622 1975 689 medici
2018 633 2086 691 et
2115 624 2562 711 gubernatoris

492 734 556 787 et
606 715 1013 805 imperatoris
1066 717 1435 805 praesensio
1483 728 1587 785 est
1644 740 1861 785 rerum
1915 717 2352 787 fortuitarum:
2403 743 2562 787 num

487 816 687 903 igitur
720 823 837 879 aut
879 810 1205 898 haruspex
1240 822 1353 877 aut
1396 834 1607 899 augur
1642 824 1754 879 aut
1800 813 1965 879 vatis
2001 814 2144 899 quis
2179 824 2294 881 aut
2326 815 2562 883 somni-

486 932 605 975 ans
640 906 875 975 melius
920 906 1292 984 coniecerit,
1338 916 1452 971 aut
1494 929 1531 971 e
1566 908 1794 972 morbo
1837 930 2182 974 evasurum
2217 920 2558 995 aegrotum

488 1014 609 1071 aut
656 1025 693 1069 e
732 1001 1019 1088 periculo
1071 1022 1305 1067 navem
1348 1012 1463 1066 aut
1505 1024 1586 1067 ex
1630 1001 1880 1067 insidiis
1927 1002 2308 1080 exereitum,
2361 1024 2560 1087 quam

486 1098 813 1175 medicus,
867 1116 1067 1180 quam
1102 1096 1524 1181 gubernator,
1580 1116 1777 1181 quam
1820 1096 2204 1183 imperator?
2255 1096 2436 1181 atqui
2473 1119 2560 1165 ne
2581 1129 2638 1168 14

488 1192 613 1259 illa
648 1190 907 1276 quidem
932 1189 1281 1256 divinantis
1308 1212 1447 1257 esse
1484 1189 1765 1269 dicebas,
1801 1200 2026 1256 ventos
2062 1201 2174 1257 aut
2203 1190 2428 1256 imbris
2461 1190 2560 1257 in-

485 1285 834 1376 pendentis
867 1285 1261 1371 quibusdam
1292 1286 1684 1372 praesentire
1721 1286 1920 1373 signis
1953 1323 2040 1335 -—
2073 1287 2144 1352 in
2177 1308 2306 1373 quo
2339 1296 2560 1355 nostra

486 1382 815 1469 quaedam
860 1382 1111 1447 Aratea
1162 1380 1528 1448 memoriter
1578 1404 1619 1445 a
1671 1392 1735 1447 te
1786 1382 2199 1469 pronuntiata
2250 1392 2400 1467 sunt
2447 1394 2560 1431 --'

484 1477 615 1545 etsi
638 1477 803 1543 haee
830 1476 975 1563 ipsa
998 1476 1265 1543 fortuita
1290 1487 1467 1555 sun-t,
1501 1476 1880 1563 plerumque
1903 1478 2110 1557 enim,
2141 1498 2273 1543 non
2305 1499 2558 1563 semper

488 1572 827 1640 eveniunt:
885 1592 1053 1657 quae
1097 1582 1195 1637 est
1235 1570 1463 1657 igitur,
1517 1582 1631 1637 aut
1663 1572 1778 1639 ubi
1820 1583 2115 1639 versatur
2147 1572 2557 1639 fortuitarum
2679 1619 2682 1625 ,

484 1688 706 1734 rerum
741 1665 1142 1752 praesensio,
1174 1686 1373 1751 quam
1407 1666 1866 1733 divinationem
1899 1666 2137 1733 vocas?
2183 1688 2349 1751 quae
2383 1664 2557 1733 enim

482 1760 875 1850 praesentiri
920 1771 1034 1827 aut
1074 1770 1212 1827 arte
1258 1772 1368 1827 aut
1410 1761 1658 1828 ratione
1698 1772 1815 1827 aut
1857 1784 1980 1829 usu
2034 1772 2148 1829 aut
2191 1762 2558 1829 coniectura

482 1867 785 1945 possunt,
816 1878 899 1923 ea
930 1877 1063 1923 non
1096 1854 1327 1923 divinis
1362 1856 1705 1923 tribuenda
1738 1867 1949 1943 putas,
1987 1856 2101 1922 sed
2134 1856 2376 1941 peritis.
2464 1857 2556 1923 ita

480 1949 875 2036 relinquitur
899 1961 977 2016 ut
1010 1973 1089 2017 ee
1121 1948 1385 2017 fortuita
1413 1949 1686 2018 divinari
1721 1950 1986 2036 possint,
2021 1971 2190 2034 quae
2225 1950 2404 2017 nulla
2435 1972 2558 2015 nee

482 2056 624 2113 arte
658 2068 788 2111 nee
820 2043 1138 2131 sapientia
1170 2043 1493 2131 provideri
1530 2055 1820 2131 possunt,
1857 2054 1949 2121 ut,
1985 2044 2042 2111 si
2075 2044 2218 2127 quis
2245 2042 2345 2109 M.
2372 2042 2558 2107 Mar-

484 2140 724 2207 eellum
752 2138 958 2217 illum,
983 2138 1101 2224 qui
1127 2149 1223 2205 ter
1240 2138 1465 2206 eonsul
1490 2138 1635 2216 fuit,
1661 2137 1878 2203 multis
1909 2136 2094 2203 anni-s
2121 2148 2268 2205 ante
2293 2136 2559 2203 dixisset

482 2232 835 2319 naufragio
863 2255 1005 2299 esse
1030 2232 1407 2319 periturum,
1440 2232 1794 2299 divinasset
1826 2232 2146 2319 profect03
2181 2233 2358 2299 nulla
2382 2232 2557 2309 enim

482 2339 635 2395 arte
689 2326 813 2393 alia
858 2327 928 2393 id
979 2348 1101 2393 nee
1140 2327 1459 2413 sapientia
1499 2326 1664 2393 seire
1708 2327 2038 2413 potuisset..
2299 2327 2558 2393 Talium

484 2443 655 2509 ergo
692 2444 921 2501 rerum,
958 2437 1128 2507 quae
1160 2422 1229 2487 in
1264 2422 1525 2489 fortuna
1558 2422 1808 2509 positae
1845 2434 2015 2502 sunt,
2051 2423 2420 2509 praesensio
2455 2423 2554 2491 di-

486 2516 735 2584 vitiatio
786 2528 904 2585 est.
1008 2524 1308 2603 potestne
1354 2516 1553 2603 igitur
1604 2540 1828 2583 earum
1879 2538 2124 2596 rerum,
2178 2540 2345 2603 quae
2397 2499 2636 2611 nihils}

488 2611 734 2678 habent
766 2611 1053 2689 rationis,
1087 2631 1221 2695 qua
1244 2634 1315 2677 re
1340 2610 1597 2677 futurae
1626 2612 1773 2691 sint,
1809 2633 1951 2683 esse
1979 2613 2114 2677 ulla
2147 2570 2636 2699 praesensio?⁵

492 2705 649 2791 quid
680 2716 785 2773 est
818 2706 992 2772 enim
1027 2704 1205 2771 aliud
1238 2704 1401 2781 fors,
1437 2704 1594 2790 quid
1627 2705 1915 2783 fortuna,
1951 2704 2110 2791 quid
2144 2727 2362 2783 casus,
2396 2705 2555 2789 quid
2643 2781 2648 2785 .

490 2812 794 2877 eventus,
847 2799 973 2867 nisi
1008 2820 1157 2865 eum
1190 2798 1285 2865 sie
1320 2798 1565 2883 aliquid
1608 2798 1866 2879 oeeidit,
1921 2800 2014 2866 sie
2049 2800 2290 2877 evenit,
2343 2810 2417 2867 ut
2451 2799 2556 2865 vel

488 2895 677 2961 aliter
708 2894 945 2961 eadere
988 2907 1181 2978 atque
1216 2894 1471 2961 evenire
1504 2894 1824 2980 potuerit?
1869 2916 1998 2979 quo
2043 2893 2236 2960 modo
2271 2916 2428 2981 ergo
2463 2894 2554 2973 id,

486 2989 665 3074 quod
698 2999 944 3057 temere
976 2988 1051 3055 fit
1081 3008 1279 3055 eaeeo
1314 3009 1469 3054 casu
1496 3000 1560 3056 et
1589 2988 1989 3055 volubilitate
2015 2988 2333 3066 fortunae,
2369 3012 2554 3077 prae-

486 3082 711 3151 sentiri
746 3094 815 3150 vet
844 3082 1131 3170 praedici
1163 3082 1413 3169 potest?
1446 3082 1735 3149 medieas
1771 3082 2069 3149 morbum
2101 3084 2554 3171 ingr'avescen-
2579 3101 2637 3143 16

484 3190 619 3245 tem
672 3176 922 3247 ratione
981 3175 1309 3263 providet,
1368 3176 1632 3243 insidias
1691 3176 2070 3264 imperator,
2143 3188 2554 3265 tempestates

482 3272 916 3358 gubernatum
972 3282 1040 3338 et
1086 3282 1305 3338 tamen
1344 3270 1390 3336 ii
1430 3272 1556 3357 ipsi
1600 3294 1794 3358 saepe
1837 3272 2180 3350 falluntur,
2233 3274 2346 3357 qui
2397 3274 2556 3339 nihil

486 3367 637 3433 sine
688 3378 861 3435 certa
906 3366 1157 3433 ratione
1210 3366 1584 3453 opinantur,
1637 3377 1712 3433 ut
1763 3368 2076 3453 agricola,
2129 3390 2280 3434 eum
2329 3367 2554 3433 florem

485 3461 679 3527 oleae
713 3460 915 3539 videt,
968 3461 1199 3527 bacam
1238 3482 1499 3546 quoque
1542 3483 1614 3528 se
1650 3462 1938 3529 visurum
1983 3472 2198 3548 putat,
2249 3482 2382 3525 non
2415 3460 2556 3526 sine

485 3557 739 3625 ratione
780 3557 890 3625 ille
930 3556 1224 3643 quidem,
1276 3557 1393 3624 sed
1442 3578 1577 3623 non
1618 3578 1972 3641 numquam
2025 3566 2242 3621 tamen
2291 3554 2554 3620 fallitur.

486 3654 667 3738 quod
698 3653 759 3719 si
790 3652 1105 3723 fanuntm·
1146 3654 1223 3733 ii,
1272 3654 1389 3739 qui
1420 3652 1579 3719 nihil
1626 3654 1764 3719 sine
1797 3652 2018 3737 aliqua
2049 3649 2369 3738 probabili
2400 3670 2557 3716 eon·-

486 3748 736 3817 ieetura
768 3770 850 3817 ao
879 3748 1131 3819 ratione
1165 3748 1407 3827 dieunt,
1444 3748 1599 3834 quid
1623 3746 2124 3815 existimandum
2161 3755 2257 3811 est
2293 3744 2374 3811 de
2399 3766 2558 3811 eon·

489 3842 737 3911 iectura
790 3865 1045 3923 eomm,
1104 3844 1221 3929 qui
1270 3844 1435 3911 extis
1488 3854 1600 3910 aut
1659 3844 1887 3911 avibus
1949 3853 2064 3909 aut
2115 3840 2378 3907 ostentis
2443 3850 2555 3907 aut

492 3938 719 4005 oraclis
777 3949 894 4004 aut
941 3939 1209 4005 somniis
1259 3938 1480 4005 futura
1530 3938 2008 4025 praesentiunt?
2069 3934 2358 4009 nondum
2409 3933 2555 4001 dieo

486 4052 685 4117 quam
717 4032 885 4100 haee
916 4032 1107 4121 signa
1138 4034 1318 4101 nulla
1348 4032 1508 4110 sint,
1542 4032 1768 4099 fissum
1799 4030 2058 4109 ieeoris,
2093 4029 2270 4097 eorvi
2305 4040 2554 4106 cantus,

480 4124 745 4195 volatus
779 4126 1057 4214 aquilae,
1094 4128 1313 4198 stellae
1350 4127 1658 4207 traiectio,
1693 4148 1884 4195 voees
1919 4125 2290 4207 furentium,
2327 4137 2556 4205 sortes,
