3292 4559
605 1179 657 1221 88

607 2685 657 2726 34

704 269 843 337 228
1320 281 1397 334 Μ.
1436 277 1713 338 TULLII
1747 277 2150 336 CICERONIS

705 429 895 472 omne
930 407 1221 472 futurum
1250 427 1331 472 ex
1368 402 1742 470 aeternitate
1769 425 1994 470 verum
2031 412 2148 480 est,
2184 413 2256 469 ut
2291 404 2383 471 ita
2420 418 2590 475 certe
2627 433 2777 477 eve-

702 499 867 578 niat,
924 521 1117 585 quem
1164 499 1247 564 ad
1301 497 1565 562 modum
1610 495 1696 561 sit
1737 495 2055 575 futurum,
2111 499 2326 565 omnia
2369 523 2632 570 necesse
2678 519 2775 571 est

603 611 607 615 ·
703 593 1133 681 conligatione
1183 592 1460 658 naturali
1515 602 1806 657 conserte
1869 602 2296 677 contexteque
2364 595 2553 674 fieri,'
2615 598 2776 664 nihil

702 688 903 767 dicat3
957 689 1231 754 multum
1284 687 1455 754 enirn
1510 685 1754 764 differt,
1810 697 2024 751 utrum
2081 708 2278 753 causa
2328 692 2634 756 naturalis
2691 718 2774 760 ex.

703 782 1075 848 aeternitate
1118 781 1339 846 futura
1372 802 1527 846 vera
1564 778 1831 858 efficiat,
1871 803 1954 844 an
1991 779 2184 846 etiam
2223 781 2359 848 sine
2395 785 2772 853 aeternitate

700 877 1005 959 naturali,
1050 875 1270 941 futura
1304 895 1472 959 quae
1508 873 1665 952 sint,
1703 893 1781 939 ea
1815 895 1969 939 vera
2005 897 2146 941 esse
2184 876 2432 962 possint
2463 877 2766 966 intellegi.

698 970 919 1055 itaque
967 969 1222 1036 dicebat
1269 967 1639 1034 Carneades
1688 990 1772 1034 ne
1815 969 2187 1054 Apollinem
2246 971 2509 1054 quidem
2552 971 2770 1040 futura

700 1086 891 1151 posse
928 1063 1168 1142 dicere,
1204 1063 1329 1148 nisi
1364 1085 1469 1141 ea,
1517 1083 1792 1147 quorum
1827 1085 2056 1128 causas
2092 1074 2328 1130 natura
2362 1065 2454 1131 ita
2489 1067 2768 1134 contine-

699 1168 825 1237 ret,
871 1169 945 1225 ut
989 1181 1067 1224 ea
1110 1158 1251 1223 fieri
1285 1178 1546 1223 necesse
1582 1167 1770 1223 esset.
1861 1156 2018 1242 quid
2055 1157 2226 1223 enim
2277 1171 2575 1245 spectans
2612 1161 2771 1228 deus

702 1254 842 1339 ipse
880 1252 1120 1318 diceret
1152 1252 1538 1318 Marcellum
1577 1273 1748 1329 eum,
1785 1251 1900 1336 qui
1934 1262 2036 1318 ter
2069 1253 2294 1318 consul
2330 1253 2473 1330 fuit,
2507 1255 2575 1319 in
2605 1257 2770 1322 mari

701 1369 841 1412 esse
884 1347 1280 1434 periturum?
1336 1357 1473 1411 erat
1516 1345 1640 1420 hoc
1689 1345 1950 1431 quidem
1995 1367 2220 1412 verum
2255 1369 2337 1413 ex
2373 1349 2770 1426 aeternitate,

702 1440 816 1506 sed
853 1462 1079 1506 causas
1122 1440 1191 1505 id
1228 1439 1562 1506 efficientis
1596 1461 1729 1505 non
1772 1440 2074 1507 habebat.
2163 1443 2252 1506 ita
2295 1465 2378 1508 ne
2423 1443 2770 1527 praeterita

701 1532 964 1619 quidem
1000 1558 1096 1613 ea,
1134 1554 1409 1619 quorum
1442 1534 1622 1599 nulla
1657 1533 1845 1620 signa
1879 1544 2208 1620 tamquam
2225 1533 2518 1622 ‘vestigia
2551 1549 2772 1602 exsta-

700 1639 871 1706 rent,
924 1628 1215 1714 Apollini
1276 1639 1431 1694 nota
1482 1650 1622 1694 esse
1677 1628 2007 1706 censebat3
2065 1649 2194 1713 quo
2243 1629 2458 1694 minus
2510 1630 2764 1696 futural

692 1721 913 1788 'causis
967 1721 1137 1787 enim
1199 1721 1625 1788 efficientibus
1679 1743 2004 1807 quamque
2055 1745 2194 1788 rem
2243 1723 2516 1810 cognitis
2574 1725 2768 1810 posse

698 1815 985 1900 denique
1023 1815 1171 1882 sciri
1206 1815 1362 1901 quid
1397 1816 1689 1881 futurum
1723 1827 1920 1883 esset:
1959 1839 2114 1904 ergo
2151 1840 2272 1884 nec
2303 1817 2389 1884 de
2425 1815 2768 1905 Oedipode

700 1910 984 1996 potuisse
1031 1910 1402 1996 Apollinem
1455 1911 1853 1996 praedicere,
1907 1913 2100 1978 nullis
2156 1912 2226 1977 in
2277 1935 2494 1979 rerum
2537 1925 2769 1980 natura

700 2004 913 2070 causis
946 2005 1328 2115 praepositis
1347 2026 1463 2070 cur
1490 2005 1574 2070 ab
1605 2027 1681 2070 eo
1706 2017 1956 2092 patrem
1990 2005 2261 2072 interfici
2287 2029 2550 2074 necesse
2577 2021 2767 2086 esset,

600 2113 669 2168 15
701 2120 822 2166 nec
857 2100 1203 2184 quicquam
1242 2100 1379 2166 eius
1414 2099 1609 2164 modi.
1684 2099 1986 2185 quocirca
2019 2101 2076 2165 si
2111 2099 2367 2180 Stoicis,
2405 2102 2516 2186 qui
2552 2103 2771 2168 omnia

702 2194 837 2260 fato
880 2193 1022 2259 fieri
1068 2194 1319 2272 dicunt,
1376 2204 1876 2260 consentaneum
1930 2205 2029 2260 est
2080 2193 2271 2260 huius
2324 2197 2501 2262 modi
2553 2198 2766 2263 oracla

702 2299 1071 2373 ceteraque,
1115 2310 1283 2373 quae
1328 2309 1367 2352 a
1403 2287 1792 2354 divinatione
1829 2288 2181 2366 ducuntur,
2229 2291 2653 2376 conprobare,
2687 2292 2767 2356 iis

702 2393 936 2458 autem,
974 2381 1105 2466 qui,
1143 2404 1309 2467 quae
1344 2381 1563 2448 futura
1599 2394 1766 2460 sunt,
1803 2404 1881 2449 ea
1915 2405 2070 2449 vera
2105 2407 2258 2453 esse
2277 2407 2358 2450 ex
2395 2386 2770 2453 aeternitate

702 2474 955 2551 dicunt,
1000 2497 1131 2540 non
1174 2476 1347 2542 idem
1383 2477 1726 2542 dicendum
1763 2489 1890 2555 est,
1942 2477 2092 2544 vide
2136 2500 2221 2544 ne
2255 2494 2386 2545 ιισιι
2424 2481 2645 2546 eadem
2682 2481 2766 2545 sit

698 2569 953 2634 illorum
983 2591 1177 2636 causa
1208 2580 1273 2636 et
1293 2569 1686 2648 Stoicorum3
1726 2571 1792 2636 hi
1827 2571 1997 2638 enim
2024 2584 2383 2660 urguentur
2407 2574 2766 2660 angustius,

702 2663 955 2729 illorum
1006 2665 1167 2730 ratio
1224 2664 1433 2730 soluta
1484 2687 1561 2730 ac
1604 2665 1809 2732 libera
1852 2676 1966 2732 est.
2057 2665 2232 2750 quod
2277 2668 2333 2734 si
2380 2669 2768 2734 concedatur

701 2757 860 2824 nihil
895 2779 1085 2846 posse
1122 2759 1379 2825 evenire
1413 2760 1536 2825 nisi
1574 2782 1772 2826 causa
1807 2760 2243 2838 antecedente,
2280 2763 2437 2847 quid
2471 2762 2767 2849 proficia-

698 2865 837 2932 tur,
894 2855 950 2919 si
1001 2876 1079 2919 ea
1130 2875 1327 2919 causa
1370 2876 1499 2920 non
1544 2878 1626 2920 ex
1682 2855 1954 2921 aeternis
2011 2856 2221 2922 causis
2275 2869 2426 2943 apta
2480 2857 2766 2924 dicatur?

704 2969 901 3013 causa
936 2959 1149 3014 autem
1187 2971 1265 3014 ea
1300 2959 1426 3026 est,
1480 2971 1646 3034 quae
1684 2949 1752 3014 id
1788 2949 2013 3028 efficit,
2067 2951 2251 3016 cuius
2288 2963 2385 3018 est
2419 2975 2646 3031 causa,
2693 2963 2768 3016 ut

700 3040 931 3106 volnus
966 3042 1216 3120 mortis,
1256 3042 1537 3108 cruditas
1570 3042 1867 3119 morbi,
1848 3043 2015 3129 1gnis
2053 3043 2316 3110 ardoris.
2383 3045 2600 3128 itaque
2635 3066 2767 3110 non

702 3133 793 3199 sic
828 3156 1024 3200 causa
1056 3135 1343 3222 intellegi
1378 3136 1598 3214 debet,
1652 3149 1758 3215 ut,
1807 3137 1982 3221 quod
2020 3138 2251 3222 cuique
2287 3139 2650 3214 antecedat,
2695 3139 2765 3202 id

700 3228 759 3296 ei
794 3253 989 3296 causa
1032 3231 1144 3310 sit,
1198 3231 1313 3297 sed
1348 3231 1522 3315 quod
1558 3233 1790 3315 cuique
1827 3232 2180 3299 efficienter
2225 3230 2586 3308 antecedat3
2641 3253 2764 3297 nec

698 3325 875 3409 quod
912 3325 983 3390 in
1020 3347 1321 3412 campum
1355 3325 1824 3402 descenderim,
1869 3326 1937 3391 id
1977 3325 2178 3392 fuisse
2214 3346 2447 3391 causae
2483 3346 2598 3390 cur
2631 3325 2768 3410 pila

696 3417 1003 3498 luderem,
1040 3443 1161 3486 nec
1194 3419 1539 3486 Hecubam
1575 3441 1836 3485 causam
1871 3421 2165 3486 interitus
2204 3418 2408 3486 fuisse
2442 3419 2764 3496 Troianis,

698 3513 872 3598 quod
914 3514 1363 3580 Alexandrum
1406 3515 1730 3600 genuerit,
1777 3535 1897 3580 nec
1943 3514 2362 3600 Tyndareum
2388 3509 2765 3601 'Agamem-

697 3607 894 3683 noni,·
908 3609 1082 3691 quod
1120 3605 1716 3693 Clytaemnestram.
1772 3607 1895 3675 hoc
1931 3610 2102 3675 enim
2135 3608 2328 3674 modo
2365 3608 2573 3674 viator
2604 3627 2768 3693 quo-

700 3722 827 3785 que
870 3701 1036 3767 bene
1079 3702 1349 3767 vestitus
1392 3723 1591 3767 causa
1632 3703 1980 3788 grassatori
2031 3702 2234 3768 fuisse
2279 3703 2597 3770 diceretur
2650 3723 2767 3767 cur

611 3819 661 3862 85
706 3794 788 3860 ab
827 3814 902 3860 eo
940 3795 1337 3882 spoliaretur.
1428 3817 1509 3861 ex
1543 3795 1668 3861 hoc
1701 3817 1940 3882 genere
1971 3796 2133 3861 illud
2169 3807 2266 3862 est
2291 3792 2528 3861 Ennii·

965 3889 1217 3956 utinam
1250 3911 1333 3956 ne
1368 3889 1437 3954 in
1472 3911 1732 3956 nemore
1765 3890 1952 3958 Pelio
1988 3891 2320 3958 securibus

962 4003 1151 4050 caesa
1185 3983 1521 4051 accidisset
1556 3985 1834 4070 abiegna
1868 3985 1952 4049 ad
1985 3996 2224 4050 terram
2260 3983 2503 4050 trabes!

699 4072 879 4138 licuit
922 4077 1041 4172 vel·
1072 4077 1261 4143 altius
1308 4078 1582 4142 ‘utinam
1626 4098 1710 4142 ne
1745 4079 1812 4142 in
1847 4079 2031 4144 Pelio
2079 4091 2233 4145 nata
2277 4079 2410 4143 ulla
2455 4098 2764 4162 umquam
