3292 4559
948 270 956 277 ‚
1050 244 1157 298 DE
1191 241 1531 304 LEGIBUS
1565 245 1613 300 1.
1651 244 1896 301 57—63.
2373 228 2502 297 269

411 370 799 446 oculorum,
856 366 953 433 sic
1003 366 1246 453 ingenii
1299 366 1501 434 aciem
1554 367 1642 433 ad
1696 368 1867 434 bona
1919 367 2218 455 eligenda
2269 378 2334 435 et
2377 368 2503 434 rei·
2563 414 2568 421 -

412 465 652 533 cienda
707 462 1068 540 contraria,
1126 483 1293 546 quae
1338 460 1540 527 virtus
1586 484 1669 527 ex
1713 462 2107 549 providendo
2152 472 2250 529 est
2283 463 2503 550 appel-

410 561 548 626 lata
579 553 975 646 prudentia,
1018 556 1177 641 quid
1215 578 1293 623 eo
1328 556 1456 622 dici
1490 567 1604 623 aut
1636 556 1909 643 cogitari
1942 556 2176 643 poterit
2210 556 2502 623 beatius?

410 654 727 738 idemque
776 673 933 717 cum
978 650 1256 729 caelum,
1300 662 1533 729 terras,
1584 652 1789 717 maria
1829 672 2191 737 rerumque.
2217 650 2503 716 omnium
2546 669 2601 713 σι

411 758 727 815 naturam
782 744 1215 832 perspexerit,
1270 766 1475 831 eaque
1528 745 1702 810 unde
1756 755 2064 831 generata
2118 766 2246 829 quo
2289 764 2505 811 recur-

411 853 593 921 rant,
649 839 955 927 quando,
1000 859 1131 924 quo
1183 839 1377 904 modo
1430 839 1714 916 obitura,
1761 838 1918 924 quid
1967 840 2036 905 in
2086 839 2188 904 his
2237 838 2504 904 mortale

414 948 481 1003 et
554 935 926 1011 caducum,
995 932 1153 1017 quid
1222 932 1511 1000 divinum
1576 944 2032 1019 aeternumque
2097 933 2206 1011 sit,
2275 931 2506 998 viderit

413 1030 778 1117 ipsumque
834 1049 915 1093 ea
963 1026 1403 1093 moderantem
1464 1038 1528 1094 et
1583 1038 1916 1114 regentem
1965 1050 2172 1113 paene
2232 1025 2508 1113 prende-

413 1124 499 1189 rit
564 1143 858 1206 seseque
920 1142 1051 1186 non
1110 1119 1301 1186 unius
1355 1121 1746 1187 circumdati
1785 1122 2121 1187 moenibus
2172 1122 2327 1198 loci,
2391 1120 2506 1187 sed

416 1218 633 1285 civem
680 1216 891 1282 totius
933 1214 1159 1281 mundi
1202 1215 1389 1299 quasi
1432 1216 1623 1281 unius
1660 1215 1838 1281 urbis
1867 1214 2237 1303 agnoverit,
2281 1215 2348 1279 in
2383 1213 2506 1280 hac

414 1312 524 1378 ille
598 1308 1097 1398 magnificentia
1164 1332 1379 1375 rerum
1440 1321 1635 1396 atque
1697 1310 1766 1376 in
1843 1310 1966 1377 hoc
2035 1321 2383 1398 conspectu
2441 1321 2508 1377 et

418 1405 804 1494 cognitione
850 1414 1146 1481 naturae,
1190 1403 1258 1468 di
1302 1404 1704 1483 inmortales,
1747 1427 1942 1490 quam
1989 1428 2058 1471 se
2091 1405 2230 1493 ipse
2264 1414 2505 1481 noscet,

420 1498 635 1587 [quod
664 1496 919 1585 Apollo
943 1498 1269 1584 praecepit
1296 1498 1622 1585 Pythius]
1669 1521 1865 1584 quam
1892 1510 2274 1577 contemnet,
2307 1521 2504 1583 quam

420 1593 777 1683 despiciet,
814 1612 1013 1676 quam
1047 1614 1165 1679 pro
1198 1592 1395 1658 nihilo
1431 1594 1686 1680 putabit
1721 1616 1818 1671 ea,
1852 1614 2020 1679 quae
2053 1596 2246 1681 volgo
2281 1593 2506 1659 dicun·
2537 1572 2608 1627 24
2675 1584 2682 1588 ⁹

419 1696 529 1752 tur
592 1685 1035 1773 amplissima!
1106 1696 1299 1771 atque
1363 1687 1525 1753 haec
1589 1688 1804 1753 omnia
1849 1688 2050 1799 ‘quasi
2111 1688 2504 1773 saepimento

420 1781 649 1867 aliquo
689 1779 978 1846 vallabit
1022 1780 1371 1845 disserendi
1406 1782 1684 1859 ratione,
1733 1782 1870 1849 veri
1905 1793 1970 1848 et
2002 1782 2148 1848 falsi
2181 1781 2506 1848 iudicandi

416 1874 695 1941 scientia
737 1885 811 1941 et
846 1885 981 1939 arte
1016 1873 1297 1959 quadam
1330 1873 1776 1962 intellegendi,
1821 1876 1977 1961 quid
2012 1896 2336 1961 quamque
2369 1898 2507 1945 rem

416 1981 739 2054 sequatur
800 1979 864 2035 et
906 1969 1063 2053 quid
1110 1969 1193 2035 sit
1238 1967 1471 2053 cuique
1508 1969 1916 2036 contrarium.
1945 2020 1952 2027 .
2005 1991 2282 2055 cumque
2317 1992 2386 2035 se
2421 1969 2516 2034 ad·
2553 2004 2557 2011 ·

418 2063 685 2129 civilem
722 2063 1107 2129 societatem
1142 2073 1368 2128 natum
1402 2064 1691 2141 senserit,
1736 2084 1868 2129 non
1903 2066 2110 2129 solum
2143 2064 2255 2128 illa
2289 2063 2508 2128 subtili

422 2158 877 2245 disputatione
922 2157 1044 2223 sibi
1080 2157 1392 2223 utendum
1426 2158 1710 2245 putabit,
1756 2159 1870 2225 sed
1905 2159 2098 2224 etiam
2133 2158 2281 2223 fusa
2314 2157 2504 2223 latius

422 2264 755 2340 perpetua.
792 2252 1098 2331 oratione,
1134 2274 1264 2337 qua
1298 2264 1482 2339 regat
1515 2255 1809 2340 populos,
1846 2276 1976 2339 qua
2003 2252 2283 2319 stabiliat
2307 2252 2506 2339 legeS,

426 2367 561 2431 qua
614 2347 894 2433 castiget
948 2346 1253 2432 inprobos
1266 2394 1285 2425 ,
1338 2368 1471 2431 qua.
1520 2359 1777 2413 tueatur
1821 2348 2058 2426 bonos,
2112 2370 2246 2433 qua
2288 2346 2508 2413 laudet

430 2442 643 2507 claros
680 2443 879 2519 viros,
914 2462 1045 2525 qua
1076 2454 1419 2531 praecepta
1454 2444 1676 2509 salutis
1713 2454 1780 2511 et
1811 2443 2022 2509 laudis
2059 2454 2208 2529 apte
2243 2442 2328 2508 ad
2363 2464 2508 2528 per-

432 2536 849 2602 suadendum
896 2535 1045 2600 edat
1080 2536 1210 2601 suis
1248 2537 1526 2615 civibus,
1573 2559 1704 2622 qua
1739 2538 1978 2604 hortari
2014 2537 2097 2603 ad
2134 2538 2360 2614 decus,
2407 2558 2508 2602 re-

432 2651 674 2697 vocare
731 2654 771 2695 a
820 2630 1095 2715 flagitiO,
1148 2630 1463 2696 consolari
1514 2632 1718 2717 possit
1769 2632 2058 2698 adflictos
2101 2632 2400 2715 factaque
2445 2640 2510 2698 et

434 2725 739 2790 consulta
782 2722 1043 2787 fortium
1080 2733 1143 2788 et
1181 2724 1567 2810 sapientium
1603 2748 1752 2790 cum
1786 2726 2204 2811 inproborum
2236 2723 2511 2809 ignomi-

432 2819 549 2883 nia
595 2815 1005 2901 sempiternis
1048 2816 1477 2883 monumentis
1512 2818 1806 2903 prodere.
1894 2840 2062 2902 quae
2097 2838 2244 2882 cum
2279 2825 2376 2881 tot
2408 2837 2510 2880 res

434 2922 793 2994 tantaeque
836 2909 991 2987 sint,
1036 2931 1204 2993 quae
1251 2911 1459 2976 inesse
1502 2910 1571 2975 in
1617 2910 1876 2977 homine
1920 2910 2386 2997 perspiciantur
2427 2910 2511 2974 ab

386 3054 401 3071 ,
434 3006 541 3084 iis,
580 3004 699 3091 qui
732 3026 803 3071 se
838 3003 961 3091 ipsi
995 3004 1197 3070 velint
1228 3026 1449 3082 nosse,
1496 3026 1720 3070 earum
1753 3027 1985 3091 parens
2019 3014 2118 3069 est
2151 3003 2514 3069 educatrix-

437 3121 571 3184 que
628 3100 963 3186 sapientia.
1048 3102 1181 3169 Act.
1244 3099 1547 3165 Laudata
1601 3099 1864 3183 quidem
1911 3124 1952 3166 a
2002 3109 2066 3165 te
2117 3098 2398 3185 graviter
2448 3109 2513 3165 et
2556 3122 2606 3163 ea

440 3216 597 3261 vere
611 3218 631 3259 z
698 3194 816 3261 sed
880 3215 1151 3278 quorsus
1205 3193 1327 3259 hoc
1378 3193 1696 3279 pertinet?
1778 3195 1872 3259 M.
1931 3193 2228 3258 Primum
2276 3189 2364 3258 fad
2415 3214 2510 3269 ea,

440 3287 805 3375 Pomponi,
850 3289 931 3355 de
976 3288 1211 3373 quibus
1256 3288 1465 3355 acturi
1497 3288 1629 3354 iam
1663 3310 1918 3365 sumus,
1959 3310 2126 3373 quae
2160 3297 2350 3352 tanta‘
2374 3308 2516 3352 esse

444 3384 783 3461 volumus;
818 3404 948 3449 non
983 3384 1157 3449 enim
1192 3395 1399 3463 erunt,
1434 3383 1559 3449 nisi
1594 3406 1674 3450 ea
1707 3382 1976 3461 fuerint,
2019 3382 2192 3448 unde
2233 3382 2348 3446 illa
2377 3396 2520 3447 ma.-x

443 3489 641 3555 nant,
680 3476 1105 3563 amplissimam
1158 3477 1389 3545 deinde
1425 3478 1595 3544 facio
1630 3487 1701 3543 et
1730 3477 2026 3543 lubenter
2061 3486 2154 3553 et,
2200 3485 2274 3540 ut
2307 3487 2539 3559 spei-0,

445 3582 623 3639 recte
635 3619 655 3650 ,
700 3572 875 3656 quod
920 3594 1097 3651 eam,
1144 3574 1327 3642 cuius
1372 3571 1585 3639 studio
1618 3583 1844 3637 teneor
1877 3592 2172 3656 quaeque
2205 3591 2311 3634 me
2347 3590 2514 3644 eum,

448 3667 847 3752 quicumque
880 3688 1057 3745 sum,
1102 3666 1319 3734 effecit
1330 3714 1351 3745 ,
1394 3688 1527 3733 non
1560 3688 1826 3753 possum
1859 3664 2116 3732 silentio
2151 3662 2516 3751 praeterire.

340 3770 348 3813 ῖ
449 3762 585 3825 Aa.
668 3764 763 3826 Tu
796 3782 953 3829 vero
985 3761 1145 3827 facis
1180 3773 1333 3827 recte
1366 3772 1433 3827 et
1466 3760 1694 3827 merito
1731 3770 1796 3826 et
1829 3759 1991 3847 ipse,
2035 3758 2289 3842 fuitque
2322 3756 2411 3835 id,
2445 3768 2526 3821 ut

330 3848 343 3893 ν’
452 3853 636 3934 dicis,
670 3856 739 3921 in
771 3855 895 3923 hoc
928 3878 1223 3927 sermone
1257 3854 1656 3921 faciundum.
