3292 4559
800 233 929 302 208
1421 245 1497 299 M.
1536 243 1810 302 TULLn
1845 232 2246 300 CICERONIS
2470 286 2479 290 -
2611 198 2651 210 ⁸*
2682 204 2691 209 ’

791 373 961 438 vitae
998 393 1148 438 vero
1183 369 1477 436 instituta
1512 369 1603 434 sic
1638 367 1896 445 distant,
1939 377 2014 434 ut
2049 365 2274 433 Cretes
2311 378 2374 434 et
2405 367 2626 435 Aetoli
2655 368 2826 434 latro·

792 465 993 531 cinari
1027 465 1367 531 honestum
1404 474 1660 550 putent,
1697 462 2198 528 Lacedaemonii
2231 486 2380 528 suos
2416 463 2626 528 omnis
2659 487 2825 550 agros

787 583 853 646 p.
890 558 1025 646 28.]
1076 583 1215 626 esse
1260 559 1635 637 dictitarint,
1676 557 1686 644 Ι
1723 580 1885 643 quos
1933 558 2176 644 spiculo
2221 569 2481 644 possent
2517 559 2827 645 attingere.

787 655 1217 721 Athenienses
1263 656 1471 720 iurare
1518 654 1712 720 etiam
1758 653 2012 739 publice
2051 653 2340 718 solebant
2374 675 2636 719 omnem
2669 677 2828 718 suam

789 773 929 815 esse
980 762 1245 828 terram,
1298 771 1465 834 quae
1521 750 1756 813 oleam·
1779 748 2082 834 frugesve
2133 748 2346 814 ferret.
2438 747 2620 814 Galli
2668 759 2830 832 turpe

788 865 927 910 esse
981 845 1225 910 ducunt
1278 844 1670 909 frumentum
1721 865 1918 906 manu
1973 863 2307 926 quaerere,
2362 841 2586 926 itaque
2629 842 2827 907 armati

514 943 521 948 '
638 1001 641 1004 ,
691 955 743 995 16
789 938 1028 1004 alienos
1084 961 1273 1024 agros
1330 939 1678 1004 demetunt.
1785 957 1903 1002 nos
1953 958 2108 1002 vero
2160 937 2493 1004 iustissimi
2546 937 2825 1011 homines,

786 1034 897 1116 qui
933 1033 1391 1118 Transalpinas
1434 1031 1643 1118 gentis
1691 1032 1898 1096 oleam
1944 1041 2010 1097 et
2056 1031 2254 1096 vitem
2289 1053 2504 1098 serere
2537 1055 2668 1098 non
2699 1030 2826 1096 sini-

784 1151 959 1202 mus,
1013 1149 1143 1211 quo
1194 1127 1392 1213 pluris
1446 1128 1573 1192 sint
1614 1136 1835 1191 nostra
1877 1126 2115 1190 oliveta
2156 1136 2544 1210 nostraeque
2599 1127 2822 1192 vineae:

786 1222 961 1306 quod
996 1243 1144 1286 cum
1179 1221 1451 1286 facimus
1464 1267 1480 1297 ,
1526 1222 1877 1306 prudenter
1919 1220 2132 1285 facere
2169 1221 2471 1300 dicimur,
2518 1222 2682 1288 iuste
2717 1243 2821 1285 non

783 1337 847 1400 p.
884 1313 1064 1400 203.]
1116 1315 1434 1402 dici'mur,
1482 1326 1555 1380 ut
1588 1315 1973 1402 intellegatis
2010 1315 2372 1410 discrepare
2409 1317 2499 1382 ab
2536 1316 2824 1400 aequitate

784 1408 1179 1494 sapientiam.
1267 1409 1615 1494 Lycurgus
1653 1419 1864 1475 autem
1877 1457 1896 1486 ,
1943 1409 2052 1475 ille
2087 1409 2305 1494 legum
2341 1420 2741 1495 optumarum
2771 1419 2821 1472 et

784 1503 1172 1587 aequissumi
1230 1504 1387 1569 iuris
1449 1505 1774 1583 inventor,
1807 1525 2029 1590 agros
2081 1503 2506 1592 locupletium
2558 1503 2720 1590 plebi
2764 1511 2824 1565 ut

780 1596 1037 1663 servitio
1074 1599 1375 1663 colendos
1414 1599 1608 1663 dedit.

678 1669 747 1780 ἐξ)
910 1691 1171 1759 Genera
1205 1715 1357 1758 vero
1393 1693 1447 1757 si
1482 1692 1678 1758 velim
1711 1692 1889 1769 iuris,
1927 1692 2383 1771 institutorum,
2419 1715 2672 1758 morum
2697 1713 2821 1755 con-

780 1787 1319 1870 suetudinumque
1381 1786 1772 1864 describere,
1833 1807 1966 1850 non
2029 1786 2221 1850 modo
2274 1786 2342 1850 in
2397 1797 2500 1851 tot
2552 1784 2818 1873 gentibus

778 1881 984 1956 varia,
1022 1881 1135 1946 sed
1169 1880 1236 1945 in
1270 1903 1400 1944 una
1436 1881 1625 1957 urbe,
1673 1881 1776 1945 vel
1825 1880 1895 1944 in
1940 1879 2061 1946 hac
2095 1881 2265 1966 ipsa,
2309 1879 2566 1946 miliens
2608 1889 2820 1944 mutata

778 1973 1237 2050 demonstrem,
1283 1985 1356 2038 ut
1403 1973 1507 2038 hic
1541 1975 1698 2038 iuris
1733 1985 1952 2038 noster
1984 1974 2296 2060 interpres
2333 1976 2464 2039 alia
2498 1995 2666 2039 nunc
2695 1973 2818 2037 Ma-

774 2090 839 2153 p.
877 2067 1054 2154 204]
1114 2070 1306 2134 nilius
1361 2070 1503 2134 iura
1554 2070 1728 2134 dicat
1779 2091 1920 2134 esse
1973 2069 2054 2134 de
2095 2069 2465 2152 mulflerum
2513 2069 2728 2155 legatis
2765 2077 2815 2130 et

774 2161 1267 2240 hereditatibus,
1314 2164 1440 2228 alia
1476 2164 1704 2229 solitus
1749 2164 1832 2228 sit
1867 2164 2241 2228 adulescens
2277 2163 2526 2242 dicere,
2568 2161 2814 2228 nondum

773 2255 1068 2321 Voconia
1108 2257 1253 2342 lege
1296 2258 1455 2334 lata3
1510 2279 1680 2340 quae
1726 2258 1986 2342 quidem
2034 2257 2178 2342 ipsa
2210 2258 2318 2322 lex
2353 2259 2644 2324 utilitatis
2675 2255 2813 2320 viro·

772 2371 917 2413 rum
952 2351 1161 2434 gratia
1192 2361 1421 2437 rogata
1454 2351 1521 2414 in
1557 2352 1856 2418 mulieres
1899 2353 2204 2438 plenast
2184 2352 2488 2418 iniuriae.
2533 2374 2644 2417 cur
2673 2348 2808 2414 enim

772 2444 1108 2527 pecuniam
1171 2466 1301 2508 non
1364 2445 1601 2510 habeat
1665 2436 1934 2512 mulier?
2003 2469 2118 2512 cur
2169 2447 2404 2533 virgini
2459 2445 2698 2514 Vestali
2744 2441 2806 2505 sit
2923 2455 2925 2458 ⁴

772 2535 977 2612 heres,
1013 2556 1143 2600 non
1179 2537 1261 2602 sit
1294 2539 1482 2602 matri
1520 2542 1716 2606 suae?
1751 2564 1866 2606 cur
1901 2553 2138 2618 autem,
2175 2542 2230 2606 si
2263 2543 2580 2628 pecuniae
2615 2537 2805 2604 modus

771 2631 1145 2696 statuendus
1184 2632 1307 2696 fuit
1340 2615 1625 2712 feminis,
1675 2635 1753 2700 P.
1802 2633 2021 2700 Crassi
2057 2636 2188 2700 filia
2223 2649 2442 2721 posset
2481 2637 2727 2709 habere,
2763 2629 2804 2692 εἰ

770 2723 961 2790 unica
1003 2727 1168 2811 patri
1213 2738 1407 2804 esset,
1456 2729 1620 2794 aeris
1656 2730 1905 2795 miliens
1951 2732 2132 2796 salva
2175 2732 2350 2816 lege,
2395 2754 2546 2797 mea
2589 2727 2804 2795 triciens

767 2839 896 2882 non
933 2821 1185 2905 posset?
1219 2820 1256 2856 ¹¹⁹
1292 2822 1328 2857 ⁴⁸*
1363 2821 1399 2857 *⁸

1182 2913 1570 3000 [Desiderari
1603 2921 1882 2981 videntur
1905 2921 2182 3003 paqinae
2218 2915 2424 3006 duaa]

606 3071 617 3078 ,
664 2975 730 3085 1χέ
768 3027 833 3089 p-
874 3005 1005 3091 13·]
1047 3007 1082 3042 ³*
1120 3011 1155 3044 ⁴¹*
1192 3009 1228 3044 ⁴*
1266 3009 1276 3094 Ι
1317 3011 1630 3076 sanxisset
1675 3011 1816 3075 iura
1859 3011 2077 3089 nobis,
2122 3024 2202 3078 et
2255 3037 2481 3078 omnes
2526 3009 2714 3077 isdem
2749 3013 2798 3067 et

766 3097 938 3160 idem
991 3122 1121 3163 non
1175 3102 1332 3167 alias
1379 3104 1519 3167 aliis
1566 3115 1916 3170 uterentur.
2008 3127 2248 3190 quaero
2297 3117 2547 3184 autem,
2591 3103 2642 3168 si
2678 3095 2798 3165 iusti

767 3190 1041 3256 hominis
1105 3207 1166 3259 et
1232 3197 1285 3260 si
1340 3197 1553 3262 bonist
1604 3199 1725 3262 viri
1779 3222 2008 3285 parere
2059 3201 2345 3288 legibus,
2410 3195 2676 3286 quibus?
2731 3213 2794 3254 an

766 3305 1208 3372 quaecumque
1264 3294 1487 3356 erunt?
1550 3304 1616 3357 at
1661 3317 1781 3359 nec
1825 3296 2317 3361 inconstantiam
2364 3297 2568 3362 virtus
2607 3285 2794 3372 recipit

762 3401 883 3444 nec
919 3383 1292 3448 varietatem
1326 3397 1554 3451 natura
1588 3387 1850 3472 patitur,
1888 3391 2194 3474 legesque
2231 3413 2463 3476 poena,
2501 3413 2624 3455 non
2645 3379 2790 3450 iusti·

762 3472 853 3534 tia
884 3487 1103 3540 nostra
1138 3479 1629 3564 conprobantur.
1733 3481 1891 3546 nihil
1926 3483 2121 3549 habet
2155 3484 2354 3570 igitur
2387 3481 2666 3550 naturale
2693 3476 2785 3546 ius,

763 3587 843 3630 ex
879 3589 1009 3652 quo
1043 3570 1204 3634 illud
1240 3572 1543 3650 efficitur,
1580 3595 1664 3638 ne
1701 3569 1904 3640 iustos
1943 3577 2203 3660 quidem
2242 3601 2383 3644 esse
2419 3590 2654 3644 natura.
2719 3587 2784 3630 ²11

762 3681 914 3724 vero
965 3661 1033 3725 in
1084 3664 1336 3748 legibus
1390 3667 1765 3732 varietatem
1820 3692 1960 3735 esse
2015 3670 2267 3749 dicunt,
2332 3683 2562 3738 natura
2610 3673 2786 3732 autem

759 3774 821 3836 p.
866 3752 995 3838 14.]
1046 3755 1215 3820 viros
1260 3758 1463 3822 bonos
1501 3783 1642 3824 eam
1679 3762 1987 3827 iustitiam
2026 3760 2038 3848 Ῑ
2077 3765 2290 3848 sequi,
2336 3787 2506 3848 quae
2541 3765 2640 3838 sit,
2679 3775 2783 3820 1¹⁰¹¹
2884 3765 2886 3824 ἶ

761 3867 930 3921 eam,
984 3869 1150 3930 quae
1206 3853 1503 3935 putetur?
1572 3875 1713 3919 esse
1759 3856 1929 3919 enim
1983 3857 2105 3922 hoc
2159 3859 2314 3922 boni
2366 3857 2486 3924 viri
2539 3868 2598 3922 et
2644 3844 2783 3918 iusti

760 3936 1039 4004 tribuere
1090 3941 1159 4004 id
1205 3944 1465 4026 cuique,
1520 3947 1696 4028 quod
1758 3947 1840 4012 sit
1892 3973 2152 4035 quoque
2209 3953 2495 4038 dignum.
2589 3937 2780 4030 ecqmd

667 4038 718 4078 1⁹
762 4047 913 4110 ergo
968 4033 1244 4113 primum
1299 4039 1491 4102 mutis
1547 4041 1902 4109 tribuemus
1955 4045 2204 4112 beluis?
2282 4070 2415 4114 non
2469 4045 2626 4114 enim
2672 4057 2782 4102 me·
