3292 4559
1041 219 1125 283 48
1332 275 1334 282 .
1655 226 1733 280 Μ.
1771 225 2043 283 TULLII
2079 224 2485 283 CICERONIS

1045 376 1230 419 sume
1261 350 1487 438 igitur,
1530 349 1708 435 quod
1749 348 1936 427 vivit,
1983 348 2117 414 sive
2163 348 2399 414 animal
2446 349 2580 415 sive
2624 360 2794 415 terra
2838 350 3117 430 editum,

1045 451 1109 511 id
1145 445 1300 512 vivit
1332 456 1591 533 propter
1623 443 1943 509 inclusum
1975 442 2043 507 in
2078 464 2156 507 eo
2193 442 2497 520 calorem3
2535 465 2616 509 ex
2653 465 2782 527 quo
2816 445 3116 533 intellegi

1045 543 1232 607 debet
1266 563 1409 606 eam
1443 538 1671 605 caloris
1704 548 2000 603 naturam
2043 537 2175 601 vim
2209 534 2446 603 habere
2478 537 2548 602 in
2584 560 2651 603 se
2687 537 2947 605 vitalem
2989 562 3118 625 per

969 660 1017 699 ιι
1045 659 1300 702 omnem
1343 633 1657 699 mundum
1699 632 2140 718 pertinentem.
2240 640 2433 713 atque
2475 630 2545 695 id
2588 631 2839 698 facilius
2883 655 3119 700 cerne-

1045 755 1185 795 mus
1220 739 1354 794 toto
1390 748 1624 815 genere
1667 725 1843 791 hoc‘
1824 746 2045 811 lgneo,
2082 723 2258 809 quod
2292 735 2503 791 tranat
2536 726 2768 803 omnia,
2805 727 3115 793 subtilius

1045 824 1378 911 explicato.
1467 843 1686 887 omnes
1720 819 1917 905 igitur
1960 829 2175 904 partes
2209 818 2556 883 mundi-
2588 830 2851 906 tangam
2886 832 3114 887 autem

1045 919 1352 983 maximas
1385 953 1473 964 —
1509 916 1717 981 calore
1761 914 1963 979 fultae
2010 913 2431 979 sustinentur:
2485 914 2660 999 quod
2711 915 2989 1002 primum
3035 916 3110 980 in

1045 1027 1291 1079 terrena
1324 1022 1554 1077 natura
1589 1008 1867 1097 perspici
1901 1018 2141 1092 potest3
2184 1030 2337 1073 nam
2372 1018 2436 1074 et
2477 1008 2765 1094 lapidum
2801 1009 3110 1075 conflictu

1041 1119 1232 1191 atque
1259 1106 1413 1172 tritu
1440 1104 1636 1171 elici·
1617 1125 1839 1189 ignem
1866 1101 2157 1167 videmus
2188 1112 2252 1167 et
2286 1102 2525 1167 recenti
2559 1102 2840 1169 fossione
2864 1114 3111 1169 terram

1041 1203 1290 1267 fumare
1328 1200 1639 1265 calentem
1655 1245 1674 1275 ,
1729 1208 1920 1279 atque
1956 1195 2149 1260 etiam
2194 1218 2275 1261 ex
2319 1196 2527 1282 puteis
2571 1197 2831 1283 iugibus
2867 1218 3112 1281 aquam

1045 1295 1314 1359 ualidam
1359 1290 1558 1369 trahi,
1613 1301 1678 1356 et
1728 1290 1796 1354 id
1838 1289 2115 1355 maxime
2159 1289 2295 1356 fieri
2348 1291 2742 1377 temporibus
2794 1291 3111 1367 hibernie,

1045 1387 1215 1471 quud
1251 1408 1488 1472 magna
1522 1386 1620 1449 vis
1656 1395 1862 1450 terrae
1898 1383 2184 1449 cavernis
2229 1384 2588 1450 continetur
2623 1386 2849 1451 caloris
2894 1407 3108 1469 eaque

1045 1483 1251 1566 hieme
1284 1480 1358 1544 fit
1402 1478 1659 1544 densior
1694 1478 1777 1543 ob
1815 1498 2083 1561 eamque
2129 1500 2390 1543 causam
2426 1479 2702 1544 calorem
2735 1479 2997 1544 insitum
3032 1478 3109 1544 in

942 1579 1009 1631 10
1045 1579 1226 1643 terris
1273 1574 1556 1641 continet
1599 1572 1817 1639 artius.
1902 1574 2097 1657 longa
2131 1584 2227 1637 est
2269 1574 2470 1638 oratio
2505 1574 2871 1657 multaeque
2906 1572 3108 1639 ratio-

949 1651 1001 1687 “⁸
1046 1695 1185 1747 ι·ι,εει
1231 1668 1465 1755 quibus
1503 1667 1717 1733 doceri
1759 1667 1962 1753 possit
1997 1667 2210 1732 omnia
2244 1688 2411 1751 quae
2445 1678 2614 1733 terra
2648 1668 2964 1754 concipiat
3000 1692 3107 1734 se-

1045 1767 1244 1843 mina,
1289 1784 1582 1847 quaeque
1625 1762 1768 1849 ipsa
1803 1785 1883 1827 ex
1920 1784 1989 1827 se
2032 1773 2340 1847 generata
2374 1762 2678 1848 stirpibus
2712 1763 2911 1829 infixa
2943 1784 3105 1829 con-

1045 1863 1266 1937 tineat,
1327 1882 1404 1925 ea
1467 1858 1926 1944 temperatione
1992 1857 2218 1922 caloris
2272 1867 2337 1922 et
2402 1857 2552 1922 oriri
2605 1868 2669 1924 et
2730 1880 3100 1943 augescere.

1041 1971 1228 2039 atque
1275 1975 1482 2038 aquae
1525 1953 1721 2019 etiam
1756 1951 2117 2017 admixtum
2152 1974 2292 2017 esse
2327 1952 2603 2017 calorem
2647 1952 2926 2038 primum
2958 1952 3103 2038 ipse

1041 2051 1245 2132 liquor
1281 2070 1487 2132 aquae
1515 2047 1817 2124 declarat,
1856 2068 2022 2130 quae
2050 2068 2260 2131 neque
2289 2045 2716 2132 conglaciaret
2750 2047 3100 2133 frigoribus

1041 2166 1246 2227 nsque
1297 2143 1446 2207 nive
1497 2142 1855 2227 pruinaque
1910 2151 2371 2216 concresceret,
2422 2141 2544 2205 nisi
2597 2141 2821 2207 eadem
2868 2164 2938 2207 se
2984 2141 3103 2205 ad-

1045 2239 1238 2300 mixto
1275 2235 1484 2301 calore
1516 2235 1864 2319 liquefacta
1899 2246 1964 2300 et
2006 2235 2254 2322 dilapsa
2289 2234 2692 2301 diffunderet.
2779 2236 2998 2320 itaque
3032 2245 3101 2300 et

1045 2328 1446 2415 aquilonibus
1481 2329 1867 2413 reliquisque
1911 2329 2257 2415 frigoribus
2292 2329 2555 2395 adiectis
2601 2331 2879 2396 durescit
2912 2352 3104 2395 umor

1045 2440 1105 2487 et
1150 2423 1322 2489 idem
1367 2423 1646 2488 vicissim
1690 2423 1971 2488 mollitur
2021 2424 2377 2510 tepefactus
2423 2435 2488 2491 et
2538 2425 2809 2492 tabescit
2859 2425 3100 2501 calore3

1045 2532 1233 2603 atque
1273 2519 1462 2585 etiam
1499 2519 1702 2583 maria
1746 2519 1987 2607 agitata
2028 2520 2235 2586 ventis
2277 2521 2369 2586 ita
2403 2530 2765 2608 tepescunt,
2808 2536 2881 2586 ut
2915 2521 3106 2587 intel-

1041 2615 1169 2695 legi
1220 2610 1409 2680 facile
1465 2614 1669 2699 possit
1708 2613 1777 2678 in
1820 2614 2012 2679 tantis
2058 2615 2181 2680 illis
2226 2615 2553 2681 umoribus
2597 2640 2737 2683 esse
2780 2616 3101 2682 inclusum

1041 2711 1345 2775 calorem:
1393 2730 1514 2773 nec
1551 2706 1724 2772 enim
1756 2707 1863 2772 ille
1900 2719 2197 2774 externus
2234 2719 2296 2775 et
2332 2710 2727 2776 adventicius
2761 2709 3102 2778 habendus

1041 2819 1137 2867 ssi:
1173 2815 1384 2890 tepor,
1439 2801 1555 2867 sed
1590 2824 1672 2867 ex
1704 2801 1943 2867 intimis
1978 2804 2171 2869 maris
2217 2804 2505 2889 partibus
2541 2806 2889 2892 agitatione
2925 2805 3102 2871 exci-

1041 2911 1242 2973 tatus,
1304 2895 1480 2978 quod
1531 2896 1764 2961 nostris
1819 2918 2075 2982 quoque
2129 2898 2500 2984 corporibus
2556 2900 2894 2985 contingit,
2946 2922 3100 2965 cum

1041 3003 1218 3055 mutu
1254 2999 1446 3072 atque
1482 2990 1929 3056 exercitatione
1963 2992 2380 3058 recalescunt.
2450 2994 2589 3080 ipse
2622 3016 2775 3060 vero
2812 2999 2948 3070 aer,
2985 2994 3101 3077 qui

1042 3095 1270 3147 natura
1313 3092 1410 3148 est
1451 3084 1729 3151 maxime
1774 3085 2074 3171 frigidus,
2126 3086 2389 3153 minime
2434 3099 2531 3153 est
2573 3110 2801 3175 expers
2839 3088 3064 3154 caloris
3079 3113 3098 3151 t

945 3191 993 3231 Ξῖ
1041 3176 1145 3243 ills
1181 3198 1331 3243 vero
1367 3188 1431 3244 et
1461 3181 1663 3245 multo
1698 3180 1959 3267 quidem
1995 3182 2205 3248 calore
2240 3182 2561 3248 admixtus
2597 3193 2720 3261 est3
2756 3184 2894 3270 ipse
2924 3183 3097 3249 enim

1041 3271 1238 3337 uritur
1272 3294 1352 3337 ex
1386 3273 1799 3359 respiratione
1835 3297 2149 3361 aquarum
2161 3302 2179 3354 ;
2215 3299 2438 3343 earum
2472 3277 2642 3343 enim
2670 3278 2856 3361 quasi
2891 3299 3098 3363 vapor

1037 3367 1298 3451 quidam
1343 3372 1453 3433 ae'r
1494 3368 1829 3435 habendus
1885 3381 2010 3448 est3
2063 3371 2119 3435 is
2164 3381 2378 3437 autem
2431 3371 2675 3436 exsistit
2726 3382 2907 3436 motu
2957 3372 3097 3437 eius

1037 3460 1282 3540 saltz-ris,
1319 3461 1431 3547 qui
1466 3463 1648 3547 aquis
1676 3463 2038 3529 continetur
2045 3488 2063 3541 ;
2100 3486 2296 3548 quam
2330 3464 2809 3534 similitudinem
2836 3486 3098 3530 cernere

1034 3578 1370 3639 possumus
1405 3556 1472 3621 in
1505 3556 1584 3621 iis
1611 3557 1815 3640 aquis,
1852 3578 2017 3640 quae
2047 3557 2474 3623 effervescunt
2509 3557 2778 3623 subditis
2813 3558 3095 3644 ignibus.

1033 3651 1161 3715 iam
1195 3671 1347 3715 vero
1381 3650 1631 3735 reliqua
1667 3661 1895 3734 quarta
1928 3673 2077 3736 pars
2112 3652 2367 3729 mundi,
2412 3674 2491 3717 ea
2524 3663 2589 3718 et
2630 3652 2775 3738 ipsa
2807 3663 2943 3717 tota
2976 3675 3094 3717 na-

1033 3756 1177 3807 tura
1209 3742 1458 3808 fervida
1493 3754 1592 3809 est
1635 3754 1701 3810 et
1736 3744 1961 3810 ceteris
2006 3745 2248 3810 naturis
2283 3746 2579 3811 omnibus
2616 3746 2962 3813 salutarem
2994 3746 3096 3810 in-

941 3855 993 3892 23
1037 3835 1226 3919 pettit
1252 3847 1316 3901 et
1343 3837 1603 3902 vitalem
1631 3836 1926 3903 calorem.
1984 3861 2062 3905 ex
2089 3860 2218 3923 quo
2246 3840 2666 3917 concluditur,
2704 3862 2852 3906 cum
2870 3861 3096 3905 omnes

1037 3928 1257 3992 muudi
1297 3941 1509 4014 partes
1545 3932 1980 3997 sustineantur
2013 3935 2253 4012 calore,
2296 3934 2611 3999 mundum
2646 3934 2841 4001 etiam
2873 3934 3090 4020 ipsum

1041 4020 1228 4087 simili
1262 4024 1527 4110 parique
1561 4036 1793 4093 natura
1823 4026 1892 4094 in
1926 4037 2103 4095 tanta
2138 4028 2551 4095 diuturnitate
2586 4028 2846 4107 servari,
2884 4048 3091 4113 eoque
