3292 4559
1306 254 1642 313 LAELIUS
1678 256 1919 311 49-56,
2514 244 2641 309 279

577 380 632 449 si
667 378 933 465 quando
971 378 1051 443 de
1088 377 1393 457 amicitia,
1431 400 1626 463 quam
1660 402 1781 445 nec
1817 402 1940 445 usu
1974 401 2095 446 nec
2120 380 2365 445 ratione
2400 372 2640 445 habent

572 475 925 562 cognitam,
965 472 1412 559 disputabunt;
1447 497 1595 539 nam
1625 474 1771 559 quis
1809 483 1923 552 est,
1960 474 2120 559 proh
2148 474 2412 541 deorum
2446 474 2639 540 fidem

571 581 772 655 atque
809 568 1172 644 hominum,
1228 567 1340 651 qui
1384 568 1565 645 velit,
1621 578 1692 632 ut
1736 589 1947 653 neque
1991 569 2217 655 diligat
2250 589 2640 653 quemquam

575 684 700 730 nec
741 663 885 749 ipse
929 661 1014 726 ab
1058 662 1191 726 ullo
1237 660 1570 747 diligatur,
1624 662 2061 729 circumfluere
2106 662 2403 729 omnibus
2440 661 2639 748 copiis

576 769 771 843 atque
819 756 889 820 in
933 756 1216 820 omnium
1262 778 1478 821 rerum
1520 755 1915 822 abundantia
1959 757 2213 822 vivere?
2266 757 2425 822 haec
2471 756 2641 823 enim

575 866 674 918 est.
708 862 1131 937 tyrannorum
1165 849 1328 926 vita,
1378 848 1681 914 nimirum
1724 850 1793 915 in
1827 871 1957 936 qua
1999 851 2177 915 nulla
2220 850 2409 928 fides,
2461 850 2641 916 nulla

576 945 845 1023 caritas,
897 944 1076 1009 nulla
1123 942 1366 1008 stabilis
1411 943 1894 1011 benevolentiae
1942 954 2154 1030 potest
2198 966 2336 1010 esse
2380 944 2637 1020 fiducia,

577 1040 798 1107 omnia
831 1062 1084 1125 semper
1118 1048 1416 1123 suspecta
1451 1051 1642 1123 atque
1678 1041 1979 1120 sollicita,
2016 1040 2229 1107 nullus
2266 1042 2447 1106 locus
2483 1040 2641 1104 ami-

581 1136 800 1212 citiae3
836 1132 978 1218 quis
1008 1132 1178 1198 enim
1207 1143 1318 1197 aut
1344 1155 1494 1202 eum
1524 1131 1769 1221 diligat,
1807 1157 2000 1219 quem
2026 1144 2291 1213 metuat,
2328 1144 2441 1199 aut
2470 1155 2639 1211 eum,

577 1253 619 1295 a
655 1248 786 1313 quo
833 1250 900 1294 se
945 1226 1144 1292 metui
1187 1227 1408 1312 putet?
1464 1227 1759 1294 coluntur
1794 1239 2010 1295 tamen
2045 1230 2449 1295 simulatione
2484 1229 2642 1297 dum

573 1333 760 1388 taxat
794 1322 878 1387 ad
912 1332 1194 1407 tempus:
1249 1322 1424 1406 quod
1470 1323 1525 1387 si
1558 1323 1755 1401 forte,
1808 1334 1881 1390 ut
1912 1324 1985 1389 fit
2018 1325 2424 1411 plerumque,
2477 1322 2642 1388 ceci-

577 1418 832 1494 derunt,
869 1426 1008 1481 tum
1052 1416 1444 1503 intellegitur
1488 1439 1684 1501 quam
1718 1418 1955 1484 fuerint
1996 1420 2221 1505 inopes
2257 1418 2637 1493 amicorum,
2620 1440 2637 1457 ·

577 1510 754 1596 quod
797 1509 1224 1593 Tarquinium
1277 1509 1511 1577 dixisse
1564 1513 1810 1590 ferunt,
1862 1523 2001 1578 tum
2054 1508 2515 1600 [exsulantem]
2569 1533 2638 1577 se

573 1604 996 1679 intellexisse,
1048 1624 1208 1688 quos
1259 1603 1421 1670 fidos
1474 1606 1714 1672 amicos
1767 1607 2125 1685 habuisset,
2180 1629 2341 1692 quos
2383 1605 2637 1684 infidos,

578 1721 730 1766 cum
763 1700 896 1765 iam
927 1699 1172 1763 neutris
1216 1700 1493 1785 gratiam
1526 1700 1765 1767 referre
1800 1712 2045 1788 posset.
2090 1722 2483 1785 quamquam
2517 1699 2637 1765 mi·-

575 1818 684 1861 ror
717 1795 830 1859 illa
874 1792 1176 1880 superbia
1220 1807 1286 1860 et
1324 1794 1786 1881 inportunitate
1830 1796 1888 1860 si
1933 1816 2323 1880 quemquam
2358 1795 2637 1860 amicum

574 1888 818 1955 habere
851 1887 1083 1973 potuit.
1172 1899 1368 1973 atque
1401 1900 1476 1953 ut
1507 1888 1728 1964 huius,
1776 1911 1970 1973 quem
2004 1888 2166 1966 dixi,
2209 1910 2418 1953 mores
2454 1910 2638 1955 veros

579 1983 817 2048 amicos
851 2004 1079 2067 parere
1112 2003 1242 2046 non
1277 1992 1643 2067 potuerunt,
1682 1982 1773 2047 sic
1808 1984 2155 2048 multorum
2179 2004 2333 2067 opes
2369 2003 2640 2069 praepo-

574 2078 851 2144 tentium
886 2076 1236 2141 excludunt
1271 2077 1582 2143 amicitias
1616 2077 1855 2143 fidelis:
1891 2099 2022 2143 non
2054 2077 2229 2143 enim
2256 2077 2467 2142 solum
2496 2075 2641 2162 ipsa

573 2172 871 2237 Fortuna
905 2192 1098 2236 caeca
1133 2182 1258 2247 est,
1312 2170 1428 2237 sed
1472 2193 1582 2238 eos
1618 2171 1812 2237 etiam
1844 2172 2227 2258 plerumque
2260 2170 2460 2237 efficit
2495 2192 2641 2236 cae-

577 2290 725 2342 cos,
761 2288 918 2349 quos
953 2265 1279 2351 conplexa
1303 2276 1430 2343 est,
1471 2266 1691 2351 itaque
1726 2266 2083 2332 efferuntur
2116 2266 2251 2331 fere
2286 2264 2542 2331 fastidio
2579 2276 2643 2331 et

582 2361 1015 2437 contumacia,
1023 2382 1260 2446 neque
1294 2360 1641 2457 quicquam
1677 2361 2018 2447 insipiente
2052 2361 2378 2426 fortunato
2413 2360 2640 2427 intole-

577 2454 845 2520 rabilius
878 2408 1028 2520 fieri
1051 2464 1164 2565 gog
1263 2502 1280 2519 .
1362 2465 1555 2540 atque
1590 2455 1714 2521 hoc
1749 2456 2011 2540 quidem
2047 2455 2265 2521 videre
2298 2456 2470 2534 licet,
2508 2476 2637 2533 eos,

577 2550 694 2634 qui
729 2560 918 2615 antea
953 2549 1304 2614 commodis
1339 2548 1579 2616 fuerint
1613 2550 1933 2629 moribus,
1970 2550 2265 2636 imperio,
2301 2560 2636 2637 potestate,

576 2644 900 2730 prosperis
935 2643 1128 2709 rebus
1172 2644 1474 2709 inmutari
1510 2641 1757 2735 [sperni
1794 2644 1928 2710 ab
1909 2645 1989 2709 ι18
2024 2655 2272 2710 veteres
2308 2644 2636 2720 amicitias,

574 2739 900 2826 indulgeri
932 2738 1171 2826 novis].
1260 2739 1416 2824 quid
1451 2751 1666 2806 autem
1704 2740 1954 2805 stultius
1992 2760 2185 2823 quam
2199 2786 2218 2815 ,
2257 2760 2405 2803 cum
2436 2739 2636 2823 pluri·-

573 2858 756 2899 mum
794 2832 1025 2919 copiis,
1071 2833 1511 2911 facultatibus,
1557 2833 1788 2919 opibus
1825 2834 2099 2919 possint,
2143 2843 2353 2899 cetera
2388 2853 2637 2917 parare,

576 2951 745 3014 quae
774 2939 1082 3015 parantur
1107 2928 1401 3012 pecunia,
1433 2949 1655 3012 equos,
1693 2926 1989 3005 famulos,
2016 2939 2259 2993 vest-em
2290 2926 2637 3013 egregiam,

573 3046 735 3089 vasa
769 3022 1069 3109 pretiosa,
1106 3022 1342 3088 amicos
1377 3042 1507 3086 non
1542 3044 1788 3108 parare,
1826 3032 2157 3107 optumam
2190 3032 2256 3087 et
2288 3020 2640 3106 pulcherri-

575 3140 754 3183 mam
796 3117 1001 3195 vitae,·
1048 3127 1123 3181 ut
1164 3117 1257 3181 ita
1300 3116 1540 3193 dicam,
1595 3115 2093 3202 supellectilem?
2145 3117 2382 3182 etenim
2426 3126 2639 3182 cetera

577 3234 732 3278 cum
773 3221 1032 3297 parant,
1085 3210 1190 3276 cui
1234 3222 1460 3296 parent
1501 3210 1794 3277 nesciunt
1837 3232 1957 3277 nec
1993 3209 2175 3275 cuius
2220 3233 2415 3276 causa
2458 3211 2641 3275 labo-

577 3314 756 3382 rent3
799 3303 936 3370 eius
974 3304 1144 3369 enim
1180 3315 1276 3369 est
1319 3304 1588 3369 istorum
1623 3304 1935 3390 quidque,
1981 3305 2095 3387 qui
2129 3304 2329 3369 vincit
2363 3302 2637 3367 viribus:

585 3396 1009 3465 amicitiarum
1053 3420 1172 3463 sua
1217 3398 1449 3481 cuique
1501 3408 1832 3484 permanet
1878 3396 2123 3463 stabilis
2169 3406 2233 3462 et
2276 3406 2450 3461 certa
2491 3416 2641 3480 pos-

581 3490 785 3558 sessio
793 3520 829 3571 ,“
865 3503 968 3570 ut,
1023 3491 1213 3558 etiam
1250 3491 1305 3556 si
1339 3491 1448 3556 illa
1481 3502 1810 3568 maneant,
1866 3511 2031 3574 quae
2066 3500 2216 3553 sunt
2250 3487 2434 3572 quasi
2471 3488 2641 3553 dona

576 3587 940 3665 Fortunae,
995 3596 1210 3651 tamen
1256 3585 1389 3651 vita
1432 3586 1675 3651 inculta
1711 3596 1775 3651 et
1820 3585 2071 3650 deserta
2117 3582 2201 3647 ab
2245 3582 2462 3647 amicis
2506 3604 2637 3648 non

578 3680 784 3768 possit
818 3704 956 3747 8888
988 3680 1288 3746 iucunda.
1377 3681 1492 3746 sed
1526 3680 1687 3745 haec
1722 3679 2051 3745 hactenus.

713 3773 1168 3842 Constituendi
1203 3786 1415 3841 autem
1453 3785 1620 3853 sunt,
1660 3774 1773 3858 qui
1808 3774 1935 3839 sint
1966 3774 2035 3838 in
2064 3771 2342 3838 amicitia
2376 3770 2535 3836 fines
2571 3786 2634 3837 et
2674 3760 2743 3815 16

579 3869 769 3955 quasi
815 3869 1069 3935 termini
1104 3870 1457 3956 deligendi,
1511 3871 1592 3935 de
1627 3866 1863 3952 quibus
1908 3866 2021 3932 tris
2066 3866 2254 3931 video
2290 3866 2633 3931 sententias

578 3965 757 4043 ferri,
795 3986 1068 4050 quarum
1102 3964 1345 4029 nullam
1378 3963 1608 4051 probo:
1645 3984 1863 4037 unam,
1899 3971 1973 4026 ut
2006 3960 2230 4027 eodem
2268 3958 2457 4025 modo
2485 3981 2639 4045 erga

581 4059 864 4125 amicum
910 4057 1146 4124 adfecti
1191 4058 1387 4125 simus
1433 4079 1560 4143 quo
1607 4079 1763 4142 erga
1804 4063 2054 4121 nosmet
2096 4053 2299 4142 ipsos,
2353 4054 2636 4133 alteram,

2678 1722 2735 1763 54

2679 2758 2733 2799 55

2680 3830 2733 3872 ⁵6
