3292 4559
924 259 1031 315 ns
1063 258 1404 315 DEORUM·
1427 232 1753 314 NATURA
1786 257 1863 312 11.
1901 258 2207 314 150—156.
2510 245 2592 312 87

545 391 663 452 bus
705 385 774 450 in
814 405 1026 448 rerum
1061 394 1290 448 natura
1335 380 1518 465 quasi
1567 380 1833 446 alteram
1850 389 2165 446 'naturam
2198 381 2453 450 efficere
2490 405 2597 449 co-

541 502 787 546 namur.
879 494 886 502 ’

671 571 848 655 Quid
882 570 1074 637 vero?
1120 568 1450 634 hominum
1486 567 1648 632 ratio
1686 590 1816 632 non
1850 567 1919 632 in
1956 569 2206 634 caelum
2240 593 2445 656 usque
2481 594 2596 658 pe·-

538 667 850 735 netravit?
909 665 1028 730 soli
1071 663 1240 728 enim
1285 686 1365 728 ex
1409 661 1837 728 animantibus
1880 684 1999 728 nos
2046 675 2361 728 astrorum
2397 676 2594 742 ortus,

537 765 752 829 obitus
780 781 1131 844 cursusque
1163 758 1608 844 cognovimus3
1647 757 1730 821 ab
1756 757 2089 822 hominum
2116 778 2350 844 genere
2378 760 2596 826 finitus

2630 570 2699 626 61

2624 641 2700 682 158
2742 713 2747 718 ς

537 869 634 924 est
669 857 826 933 dies,
861 854 1128 930 mensiS,
1165 875 1399 929 annus,
1437 851 1830 918 defectiones
1868 852 2018 916 solis
2054 863 2118 917 et
2150 855 2341 920 lunae
2376 856 2598 942 cogni-
2656 885 2659 890 ·
2728 933 2731 941 ἱ

537 969 640 1017 tae
675 949 1164 1036 praedictaeque
1190 946 1259 1010 in
1288 941 1474 1011 omne
1500 957 1825 1031 posterum
1858 956 2132 1031 tempus,
2169 968 2355 1031 quae,
2394 971 2598 1033 quan-

535 1063 662 1122 tae,
698 1043 954 1128 quando
990 1041 1244 1105 futurae
1279 1039 1422 1104 sint.
1512 1061 1677 1124 quae
1716 1051 2027 1106 contuens
2064 1041 2314 1106 animus
2350 1042 2597 1108 accedit

535 1139 620 1204 ad
657 1135 1083 1222 cognitionem
1121 1135 1414 1211 deorum,
1452 1157 1488 1200 e
1524 1155 1653 1219 qua
1688 1135 1887 1199 oritur
1918 1135 2155 1220 pietas,
2192 1137 2298 1202 cui
2333 1135 2597 1202 coniun-

536 1243 640 1299 cta
673 1230 918 1297 iustitia
951 1241 1048 1296 est
1089 1229 1499 1313 reliquaeque
1545 1230 1810 1294 virtutes
1820 1278 1839 1308 ‚
1885 1253 1920 1294 e
1958 1230 2193 1315 quibus
2238 1231 2371 1296 vita
2408 1231 2599 1298 beata

535 1326 784 1394 exsistit
815 1348 934 1411 par
968 1335 1032 1391 et
1067 1324 1288 1389 similis
1326 1325 1618 1401 deorum,
1663 1325 1839 1388 nulla
1874 1324 1999 1390 alia
2031 1349 2101 1391 re
2136 1325 2261 1390 nisi
2294 1326 2599 1391 inmorta-

533 1424 731 1500 litate,
768 1443 934 1505 quae
967 1419 1126 1487 nihil
1163 1420 1247 1484 ad
1281 1420 1444 1486 bene
1481 1419 1828 1485 vivendum
1862 1419 2155 1506 pertinet,
2194 1421 2426 1486 cedens
2454 1442 2599 1488 cae-

534 1518 824 1584 lestibus.
915 1516 1150 1601 quibus
1193 1516 1384 1581 rebus
1439 1514 1744 1601 expositis
1799 1515 1951 1580 satis
2006 1515 2298 1581 docuisse
2351 1515 2595 1593 videor,

533 1613 804 1678 hominis
839 1621 1070 1676 natura
1105 1620 1343 1694 quanto
1381 1609 1586 1674 omnis
1633 1609 1901 1675 anteiret
1935 1609 2303 1675 animantis:
2352 1633 2433 1676 ex
2467 1631 2596 1694 quo

534 1706 726 1772 debet
776 1705 1062 1790 intellegi
1113 1725 1234 1768 nec
1283 1704 1563 1788 figuram
1617 1705 1937 1788 situmque
1990 1705 2422 1770 membrorum
2474 1727 2597 1770 nec

533 1799 774 1886 ingenii
807 1799 1170 1880 mentisque
1203 1797 1337 1861 vim
1373 1798 1567 1862 talem
1605 1796 1775 1862 effici
1809 1799 2091 1883 potuisse
2127 1799 2403 1864 fortuna.

663 1893 892 1958 Restat
935 1903 1008 1957 ut
1053 1891 1318 1956 doceam
1362 1901 1556 1974 atque
1605 1891 1947 1974 aliquando
1993 1914 2313 1977 perorem,
2360 1895 2593 1971 omnia,

534 2010 702 2073 quae
739 1987 865 2050 sint
898 1986 966 2050 in
1001 1985 1126 2049 hoc
1159 1984 1431 2063 mundo,
1466 1985 2001 2068 quibus-utantur
2034 1986 2355 2064 homines,
2391 1987 2598 2053 homi-

533 2105 692 2149 num
728 2105 924 2147 causa
965 2081 1139 2146 facta
1174 2102 1314 2147 esse
1350 2091 1414 2147 et
1454 2092 1700 2166 parata.
1787 2080 2097 2167 principio
2144 2082 2283 2168 ipse
2318 2083 2595 2150 mundus

536 2179 802 2246 deorum
853 2176 1316 2259 hominumque
1369 2198 1566 2242 causa
1617 2175 1828 2242 factus
1872 2187 1967 2240 est
2024 2183 2346 2265 [quaeque
2397 2178 2465 2242 in
2520 2201 2596 2244 eo

537 2265 712 2350 sunt,
767 2293 844 2336 ea
884 2281 1110 2357 parata
1154 2268 1238 2334 ad
1281 2267 1564 2334 fructum
1607 2269 1939 2335 hominum
1975 2282 2037 2334 et
2079 2270 2341 2336 inventa
2384 2272 2595 2360 sunt]=

535 2378 634 2434 est
651 2365 820 2432 enim
847 2365 1126 2430 mundus
1156 2365 1340 2448 quasi
1367 2365 1724 2430 communis
1754 2364 2017 2430 deorum
2045 2375 2238 2448 atque
2265 2365 2597 2433 hominum

533 2462 763 2527 domus
808 2471 920 2524 aut
971 2460 1124 2524 urbs
1177 2469 1594 2544 utrorumque
1607 2483 1626 2535 3
1682 2459 1799 2523 soli
1844 2459 2014 2524 enim
2058 2459 2302 2524 ratione
2346 2471 2595 2528 utentes

532 2557 670 2622 iure
707 2577 786 2624 ac
818 2554 962 2641 lege
998 2554 1242 2620 vivunt.
1297 2563 1372 2618 ut
1401 2553 1600 2640 igitur
1617 2554 1911 2618 Athenas
1948 2564 2013 2618 et
2037 2553 2597 2622 Lacedaemonem

533 2649 1029 2715 Atheniensium
1054 2646 1845 2730 Lacedaemoniorumque
1882 2669 2077 2712 causa
2110 2649 2470 2732 putandum
2500 2661 2597 2715 est

537 2744 822 2814 conditas
861 2765 1019 2819 esse,
1055 2743 1415 2828 omniaque,
1453 2762 1620 2826 quae
1656 2741 1783 2806 sint
1816 2743 1885 2807 in
1918 2741 2017 2807 his
2047 2741 2335 2819 urbibus,
2374 2764 2597 2808 eorum

534 2840 919 2925 populorum
953 2847 1122 2902 recte
1159 2859 1297 2901 esse
1335 2837 1663 2914 dicuntur,
1702 2837 1820 2913 sic,
1868 2857 2310 2920 quaecumque
2346 2848 2493 2903 sunt
2526 2837 2595 2902 in

537 2932 710 2997 omni
742 2931 1003 3007 mund0,
1042 2930 1306 2994 deorum
1337 2941 1528 3014 atque
1562 2931 1895 2996 hominum
1928 2931 2217 3017 putanda
2241 2944 2408 2996 sunt.
2461 2930 2593 2998 iam

537 3047 689 3093 vero
743 3024 1108 3091 circumitus
1165 3025 1314 3089 solis
1369 3036 1429 3090 et
1483 3025 1675 3090 lunae
1727 3026 2243 3110 reliquorumque
2290 3026 2591 3104 siderum,

539 3140 927 3206 quamquam
947 3118 1137 3183 etiam
1159 3116 1244 3182 ad
1271 3119 1494 3182 mundi
1515 3118 1985 3184 cohaerentiam
2010 3120 2348 3206 pertinent,
2380 3132 2595 3188 tamen

538 3227 602 3281 et
633 3214 1072 3300 spectaculum
1107 3212 1470 3277 hominibus
1505 3210 1843 3308 praebent3
1879 3214 2057 3279 nulla
2092 3226 2189 3280 est
2224 3217 2393 3280 enim
2427 3217 2597 3282 insa-

537 3309 812 3375 tiabilior
863 3307 1134 3394 specieS,
1187 3307 1366 3372 nulla
1415 3307 1743 3393 pulchrior
1784 3319 1849 3374 et
1892 3308 1975 3374 ad
2020 3310 2333 3374 rationem
2378 3311 2597 3374 soller-

537 3404 818 3488 tiamque
852 3402 1277 3489 praestantior
1283 3427 1302 3480 3
1341 3424 1562 3468 eorum
1598 3403 1770 3468 enim
1804 3424 2029 3468 cursus
2066 3402 2350 3468 dimetati
2385 3412 2598 3467 matu-

534 3498 754 3564 ritates
783 3509 1139 3583 temporum
1159 3509 1224 3562 et
1247 3498 1586 3562 varietates
1615 3498 2125 3581 mutationesque
2144 3497 2592 3583 cognovimus:

537 3616 702 3679 quae
747 3594 804 3660 si
854 3593 1216 3678 hominibus
1261 3593 1410 3658 solis
1444 3605 1596 3660 nota
1641 3605 1819 3670 sunt,
1874 3594 2205 3658 hominum
2247 3593 2420 3658 facta
2453 3615 2593 3658 esse

537 3710 732 3753 causa
765 3689 1175 3754 iudicandum
1213 3700 1326 3754 est.
1417 3699 1586 3754 terra
1619 3712 1773 3755 vero
1808 3690 1941 3755 feta
1985 3689 2279 3776 frugibus
2318 3699 2382 3754 et
2414 3689 2591 3755 vario

535 3781 932 3868 leguminum
976 3803 1240 3869 genere,
1295 3805 1461 3868 quae
1497 3807 1645 3850 cum
1680 3808 1981 3850 maxuma
2023 3779 2326 3870 largitate
2361 3783 2592 3863 fundit,

538 3901 614 3941 ea
650 3878 1010 3943 ferarumne
1055 3902 1137 3943 an
1180 3879 1510 3944 hominum
1556 3903 1750 3963 causa
1794 3879 2059 3966 gignere
2096 3879 2385 3944 videtur?
2438 3879 2593 3964 quid

539 3969 618 4035 de
671 3973 906 4037 vitibus
962 3972 1337 4056 olivetisque
1383 3975 1632 4039 dicam?
1684 3995 1956 4057 quarum
2006 3973 2331 4038 uberrumi
2379 3975 2593 4040 laetis-

539 4065 830 4150 sumique
865 4065 1109 4131 fructus
1136 4066 1293 4131 nihil
1323 4069 1578 4133 omnino
1607 4068 1691 4132 ad
1727 4068 1963 4133 bestias
1996 4067 2317 4154 pertinent
2325 4093 2345 4148 3
2380 4091 2591 4155 neque

2622 1915 2699 1956 154

2632 2098 2699 2153 62

2620 2953 2695 2995 155

2620 3710 2697 3752 156
