3292 4559
738 269 866 337 112
1356 275 1435 330 Μ.
1473 273 1749 331 TULLII
1783 271 2184 330 CICERONIS

732 408 829 471 vis
880 400 1421 489 impetravissent,
1491 399 1545 463 si
1593 420 1727 463 non
1777 397 2132 474 redierunt,
2198 395 2624 483 vituperandi.
2714 397 2792 461 de

736 500 966 584 quihus
1018 519 1151 561 non
1203 517 1424 561 omnes
1477 515 1608 583 uno
1669 493 1881 557 mod0.
1977 515 2130 557 nam
2180 491 2522 576 Polybius,
2584 491 2795 555 bonus

738 608 958 660 :mutor
997 593 1066 658 in
1110 591 1361 677 primis,
1410 612 1492 654 ex
1539 588 1763 653 decem
1806 587 2244 664 nobilissimis,
2287 586 2397 670 qui
2439 597 2581 661 tum
2617 598 2799 651 erant

740 692 931 764 missi,
968 711 1178 762 unum,
1217 688 1325 771 qui
1358 705 1655 769 egressus
1690 705 1728 747 e
1765 682 1986 747 castris
2013 681 2303 758 redisset,
2339 681 2523 766 quasi
2552 681 2799 765 aliquid

740 811 800 848 55
812 796 904 848 551:
947 781 1213 857 oblitus,
1249 779 1505 844 ‘Romae
1540 777 1944 843 remansisse.
2031 777 2241 842 reditu
2276 776 2446 843 enim
2479 776 2551 839 in
2586 785 2802 841 cast-ra

736 880 860 944 mm
868 888 1075 943 ratum
1110 899 1181 941 se
1216 897 1355 940 esse
1380 872 1519 938 iure
1545 871 1816 937 iurando
1843 870 2398 956 interpretabatur,
2433 891 2567 935 non
2593 880 2798 945 recte3

740 980 912 1040 fraus
960 973 1131 1040 enim
1175 970 1524 1056 distringit,
1568 990 1699 1032 non
1735 968 2024 1033 dissolvit
2056 966 2425 1053 periurium.
2514 965 2645 1031 fuit
2678 965 2802 1050 igi-

740 1088 840 1132 tm-
876 1068 1068 1132 stulta
1102 1065 1433 1142 calliditas,
1469 1085 1766 1148 perverse
1799 1062 2047 1127 imitata
2079 1061 2502 1149 prudentiam.
2577 1061 2796 1144 itaque

739 1163 1017 1228 [lentavit
1060 1172 1317 1228 senatus
1361 1170 1434 1223 ut
1477 1159 1585 1223 ille
1628 1167 1951 1222 veterator
1993 1166 2058 1222 et
2103 1155 2369 1221 callidus
2412 1156 2670 1222 vinctus
2716 1154 2798 1218 ad

632 1283 708 1316 115
740 1256 1169 1321 Hannibalem
1204 1255 1561 1319 duceretur.
1633 1250 1784 1338 [sed
1817 1250 1978 1315 illud
2012 1272 2404 1315 maxumum.
2495 1260 2647 1314 octo
2680 1246 2798 1312 ho-

739 1356 978 1416 minum
1021 1350 1200 1414 milia
1243 1348 1505 1414 tenebat
1538 1346 1900 1424 Hannibal,
1948 1368 2080 1411 non
2113 1366 2274 1429 quos
2309 1345 2376 1410 in
2413 1345 2552 1410 acie
2590 1345 2800 1430 cepis-

740 1468 828 1512 5311·
880 1456 990 1510 aut
1034 1445 1145 1528 qui
1188 1442 1473 1529 periculo
1517 1442 1742 1506 mortis
1787 1440 2224 1527 diffugissent,
2269 1439 2384 1506 sed
2434 1441 2549 1524 qui
2592 1441 2804 1506 relicti

736 1544 796 1604 in
840 1539 1057 1604 castris
1093 1537 1362 1603 fuissent
1398 1561 1438 1601 a
1470 1536 1682 1601 Paulo
1718 1546 1783 1600 et
1819 1559 1859 1599 a
1892 1535 2186 1602 Varrone
2221 1535 2615 1600 consulibus.
2690 1557 2803 1601 eos

740 1648 996 1700 senatus
1040 1653 1172 1697 non
1217 1631 1465 1697 censuit
1505 1629 1945 1707 redimendos,
1993 1651 2138 1694 cum
2182 1629 2251 1693 id
2284 1652 2485 1740 parva
2517 1631 2805 1716 pecunia

740 1732 872 1792 fieri
912 1739 1144 1816 posset,
1180 1738 1256 1792 ut
1288 1735 1455 1792 esset
1485 1725 1751 1789 insitum
1783 1723 2093 1789 militibus
2126 1724 2357 1789 nostris
2392 1737 2506 1789 aut
2540 1725 2803 1790 vincere

740 1843 844 1884 mn·
884 1822 1100 1888 emori.
1171 1842 1301 1904 qua
1335 1820 1597 1903 quidem
1630 1841 1700 1884 re
1735 1817 1954 1882 audita
1987 1816 2261 1883 fractum
2293 1817 2586 1882 animum
2613 1819 2805 1883 Han-

740 1919 969 1981 nihalis
1013 1916 1233 1981 scribit
1265 1915 1467 1989 idem,
1514 1912 1690 1998 quod
1727 1922 1984 1979 senatus
2019 1914 2422 1999 populusque
2458 1913 2800 1979 Romanus

740 2015 930 2076 fssffl‘rUH
967 2010 1240 2076 adflictis
1276 2020 1410 2074 tam
1445 2008 1700 2073 excelso
1737 2007 1949 2072 animo
1984 2007 2226 2072 fuisset.
2314 2008 2407 2073 sic
2440 2007 2800 2074 honestatis

636 2132 708 2166 ης.
740 2103 1211 2190 ffl,=1·nparatione
1246 2125 1354 2178 ea,
1391 2124 1556 2186 quae
1593 2101 1893 2167 videntur
1925 2100 2126 2178 utilia,
2162 2098 2557 2187 vincuntur]
2640 2101 2802 2166 Aci—

740 2200 860 2260 lius
928 2209 1165 2273 autem,
1229 2196 1338 2281 qui
1394 2195 1646 2262 Graece
1710 2194 1959 2281 scripsit
2019 2193 2378 2273 historiam,
2439 2195 2644 2281 pluris
2706 2197 2800 2260 ait

738 2296 962 2368 fnisse,
1008 2291 1121 2374 qui
1161 2291 1227 2353 in
1274 2299 1483 2353 castra
1527 2291 1936 2355 revertissent
1983 2289 2207 2354 eadem
2241 2288 2502 2368 fraude,
2548 2304 2625 2354 ut
2654 2290 2797 2355 iure

736 2386 1003 2448 iurando
1038 2384 1480 2459 liberarentur,
1521 2404 1761 2466 eosque
1798 2408 1837 2448 a
1872 2384 2240 2449 censoribus
2274 2384 2574 2449 omnibus
2610 2385 2799 2470 igno-

736 2480 943 2540 miniis
991 2485 1262 2539 notatos.
1352 2477 1434 2540 sit
1467 2476 1598 2540 iam
1631 2478 1824 2543 huius
1859 2479 1983 2544 loci
2014 2479 2190 2556 finis3
2243 2479 2661 2566 perspicuum
2699 2491 2798 2545 est

736 2572 900 2632 enim
939 2592 1043 2646 ea,
1090 2589 1255 2652 quae
1290 2569 1513 2634 timido
1549 2570 1794 2649 animo,
1844 2572 2097 2650 humili,
2149 2573 2425 2640 demisso
2459 2574 2801 2658 fractoque

735 2664 920 2740 fiant,
974 2662 1162 2747 quale
1214 2661 1444 2728 fuisset
1494 2663 1733 2750 Reguli
1784 2666 2055 2743 factum,
2114 2667 2166 2732 si
2220 2678 2334 2732 aut
2386 2668 2466 2733 de
2523 2668 2799 2753 captivis

736 2760 904 2840 quud
958 2758 1082 2844 ipsi
1134 2780 1296 2843 opus
1349 2781 1489 2824 esse
1543 2759 1894 2836 videretur,
1948 2783 2078 2826 non
2121 2762 2296 2845 quod
2339 2763 2432 2827 rei
2472 2763 2801 2848 publicae,

736 2853 1083 2917 55115uisset
1127 2864 1238 2916 aut
1281 2852 1453 2917 domi
1500 2877 1830 2919 remanere
1866 2855 2200 2933 voluisset,
2245 2876 2375 2920 non
2413 2877 2554 2921 esse
2591 2856 2797 2932 utilia,

736 2948 884 3028 quia
920 2947 1044 3011 sint
1076 2946 1414 3033 flagitiosa,
1450 2947 1663 3025 foeda,
1700 2947 1931 3033 turpia.

862 3040 1086 3104 Restat
1126 3052 1355 3124 quarta
1389 3063 1568 3126 pars,
1614 3064 1782 3125 quae
1826 3042 2084 3118 decore,
2138 3042 2608 3121 moderatione,
2655 3067 2797 3108 mo-

736 3132 952 3207 destia,
990 3133 1395 3213 continentia,
1433 3135 1856 3221 temperantia
1891 3136 2267 3202 continetur.
2339 3148 2551 3223 potest
2593 3138 2796 3223 igitur

734 3228 1075 3308 quicquam
1109 3225 1265 3292 utile
1302 3249 1462 3306 esse,
1502 3229 1676 3312 quod
1712 3230 1793 3293 sit
1827 3229 1978 3293 huic
2009 3230 2234 3294 talium
2259 3230 2569 3296 virtutum
2595 3233 2793 3297 choro

736 3321 1156 3386 manu-arium?
1242 3323 1421 3407 atqui
1466 3324 1550 3388 ab
1584 3324 1920 3412 Aristippo
1960 3322 2302 3410 Cyrenaici
2346 3337 2542 3410 atque
2579 3327 2794 3391 Anni-

732 3416 880 3476 cerii
940 3414 1302 3501 philosophi
1373 3418 1684 3482 nominati
1754 3441 1941 3484 omne
2013 3419 2255 3484 bonum
2325 3420 2395 3484 in
2457 3420 2789 3506 voluptate

732 3520 1078 3592 pus-*uerunt
1113 3509 1539 3595 virtutemque
1575 3523 1960 3577 censuerunt
1994 3513 2078 3576 ob
2117 3536 2259 3578 eam
2293 3536 2434 3579 rem
2465 3537 2603 3580 esse
2631 3535 2786 3577 con-

732 3603 1133 3679 laudandam,
1169 3605 1344 3687 quod
1378 3604 1666 3670 efficiens
1702 3618 1873 3671 esset
1905 3608 2252 3693 voluptatis
2263 3633 2282 3686 3
2319 3609 2558 3692 quibus
2592 3606 2789 3672 obso-

732 3696 868 3756 letis
928 3696 1112 3762 floret
1161 3696 1482 3782 Epicurus
1496 3746 1515 3775 ,
1581 3700 1870 3764 eiusdem
1931 3701 2066 3767 fere
2130 3702 2384 3767 adiutor
2436 3713 2792 3786 auctorque

732 3788 1095 3855 sententiae.
1184 3812 1332 3855 cum
1381 3791 1481 3856 his
1534 3792 1689 3858 viris
1744 3794 2083 3878 equisque,
2137 3807 2212 3861 ut
2263 3795 2523 3872 dicitur,
2573 3797 2629 3860 si
2673 3797 2795 3861 ho-

728 3896 1036 3946 nestatem
1098 3885 1260 3949 tueri
1312 3907 1389 3950 ac
1439 3886 1711 3952 retinere
1767 3890 2083 3955 sententia
2134 3900 2259 3967 est,
2324 3891 2794 3956 decertandum

628 3988 696 4024 m
732 3990 840 4032 εει
929 3996 1081 4038 nam
1132 3977 1185 4041 si
1239 3999 1366 4042 non
1418 3979 1611 4044 modo
1665 3980 1935 4060 utilitas,
1989 3985 2106 4049 sed
2157 3985 2289 4050 vita
2341 3984 2549 4050 omnis
2595 3984 2794 4050 beata

732 4066 1003 4144 [eorporis
1064 4066 1248 4132 firma
1308 4072 1757 4140 constitutione
1821 4076 2088 4164 eiusque
2143 4077 2612 4146 constitutionis
2669 4098 2790 4165 spe
