3292 4559
669 234 800 303 268
1289 246 1367 301 M.
1403 246 1679 304 TULLII
1714 244 2115 302 CICERONIS
2154 276 2161 282 ·

667 384 826 451 tum,
862 372 1250 447 studiorum,
1288 370 1743 436 sententiarum
1780 391 2029 433 summa
2066 369 2420 434 consensio·
2510 370 2727 456 itaque

665 489 797 533 non
831 477 962 531 tam
1008 465 1131 530 ista
1172 487 1277 529 me
1324 464 1704 549 sapientiae,
1762 484 1959 547 quam
2001 463 2192 527 modo
2227 462 2519 529 Fannius
2556 487 2728 530 com-

666 560 1070 636 memoravit,
1117 558 1292 624 fama
1328 558 1631 635 delectat,
1679 557 1843 622 falsa
1875 556 2251 643 praesertim
2264 605 2284 635 ,
2320 578 2518 642 quam
2554 560 2727 643 quod

667 654 983 721 amicitiae
1045 663 1300 718 nostrae
1363 652 1737 718 memoriam
1800 671 1987 736 spero
2052 650 2503 736 sempiternam
2564 653 2724 731 fore,

666 748 860 833 idque
897 768 973 815 eo
1007 747 1163 812 mihi
1197 745 1406 832 magis
1440 757 1538 812 est
1573 745 1770 821 cordi,
1809 745 1982 829 quod
2019 768 2100 811 ex
2129 746 2425 810 omnibus
2454 748 2721 812 saeculis

665 841 778 906 vix
811 842 934 907 tria
978 850 1091 905 aut
1137 850 1440 924 quattuor
1481 838 1894 904 nominantur
1938 840 2120 923 paria
2163 839 2538 916 amicorum,
2594 861 2718 924 quo

665 937 734 1000 in
785 958 1020 1022 genere
1074 956 1329 1020 sperare
1381 934 1604 999 videor
1647 932 1967 1018 Scipionis
2012 943 2080 998 et
2122 932 2335 999 Laelii
2380 934 2719 998 amicitiam

667 1040 888 1095 notam
921 1028 1280 1116 posteritati
1313 1027 1471 1093 fore.

589 1148 642 1189 ιε
794 1122 1099 1189 Fannius.
1171 1124 1350 1187 Istuc
1384 1121 1676 1205 quidem,
1713 1121 1920 1198 Laeli,
1955 1121 2047 1186 ita
2082 1142 2347 1187 necesse
2382 1132 2499 1187 est.
2589 1122 2721 1200 sed,

664 1219 967 1303 quoniam
1029 1218 1344 1283 amicitiae
1403 1218 1793 1283 mentionem
1854 1215 2065 1281 fecisti
2122 1226 2186 1278 et
2248 1238 2469 1282 sumus
2521 1218 2719 1294 otiosi,

663 1324 1035 1399 pergratum
1078 1312 1237 1376 mihi
1279 1311 1506 1377 feceris
1541 1347 1630 1357 —
1664 1332 1850 1395 spero
1892 1311 2050 1375 item
2096 1308 2447 1377 Scaevolae
2480 1346 2594 1387 —-,
2644 1312 2717 1388 si,

666 1427 860 1489 quem
895 1406 978 1470 ad
1013 1406 1278 1470 modum
1314 1406 1480 1469 soles
1516 1404 1596 1469 de
1623 1404 1847 1469 ceteris
1877 1404 2093 1481 rebus,
2130 1426 2279 1470 cum
2308 1426 2389 1469 ex
2424 1416 2487 1469 te
2520 1424 2717 1488 quae·

665 1500 855 1577 ritur,
915 1499 1007 1564 sic
1059 1500 1139 1564 de
1193 1497 1473 1564 amicitia
1526 1498 1869 1583 disputaris
1923 1498 2080 1582 quid
2132 1498 2397 1575 sentias,
2462 1499 2717 1583 qualem

667 1593 1029 1669 existumes,
1065 1614 1232 1677 quae
1265 1602 1607 1680 praecepta
1643 1592 1776 1656 des.

795 1686 1103 1753 Scaevola.
1173 1686 1342 1752 Mihi
1392 1707 1574 1763 vero,
1637 1696 1833 1768 atque
1896 1686 1965 1750 id
2024 1687 2238 1771 ipsum
2294 1708 2440 1751 cum
2504 1697 2719 1752 tecum

668 1804 858 1867 agere
894 1804 1178 1859 conarer,
1213 1781 1502 1845 Fannius
1539 1779 1906 1845 antevortit:
1945 1802 2142 1865 quam
2176 1782 2260 1846 ob
2296 1802 2431 1847 rem
2465 1781 2718 1865 utrique

664 1887 954 1941 nostrum
989 1887 1244 1962 gratum
1279 1875 1630 1941 admodum
1665 1874 1913 1940 feceris.

595 1970 633 2023 5
792 1972 1066 2036 Laelius
1139 1970 1286 2056 Ego
1331 1991 1485 2035 vero
1528 1991 1660 2034 non
1703 1991 2040 2054 gravarer,
2096 1970 2151 2033 si
2194 1969 2414 2033 mihi
2395 1993 2533 2056 lpse
2568 1992 2720 2035 con·

590 2042 959 2142 fiderem,
1009 2086 1162 2130 nam
1206 2075 1271 2130 et
1320 2064 1651 2150 praeclara
1701 2086 1804 2129 res
1859 2073 1962 2129 est
2013 2074 2076 2128 et
2134 2086 2385 2142 sumus,
2440 2075 2511 2129 ut
2562 2064 2722 2129 dixit

666 2158 984 2235 Fannius,
1037 2158 1243 2223 otiosi.
1333 2158 1450 2223 sed
1494 2158 1636 2241 quis
1682 2178 1806 2242 ego
1846 2179 1991 2221 sum
2030 2167 2142 2222 aut
2174 2178 2341 2241 quae
2378 2167 2473 2223 est
2516 2158 2585 2221 in
2616 2180 2719 2222 me

664 2252 974 2317 facultas?
1027 2252 1359 2316 doctorum
1411 2262 1510 2316 est
1559 2250 1684 2315 ista
1747 2250 2140 2315 consuetudo
2185 2271 2389 2333 eaque
2436 2249 2720 2317 Graeco-

664 2368 837 2422 rum,
890 2355 962 2408 ut
1005 2344 1082 2408 iis
1133 2356 1408 2430 ponatur
1460 2345 1541 2409 de
1587 2364 1717 2428 quo
1764 2344 2092 2429 disputent
2138 2345 2431 2429 quamvis
2478 2346 2717 2410 subito:

663 2461 973 2524 magnum
1034 2460 1196 2525 opus
1259 2451 1356 2505 est
1426 2451 1703 2525 egetque
1776 2439 2229 2504 exercitatione
2298 2460 2429 2504 non
2496 2460 2712 2524 parva.

666 2555 859 2619 quam
895 2532 978 2597 ob
1012 2555 1150 2599 rem
1183 2555 1348 2618 quae
1385 2534 1697 2620 disputari
1732 2532 1813 2601 de
1850 2534 2128 2599 amicitia
2161 2545 2457 2620 possunt,
2504 2534 2585 2598 ab
2623 2534 2715 2599 eis

667 2649 895 2694 censeo
930 2628 1191 2713 petatis,
1239 2628 1352 2712 qui
1385 2628 1510 2693 ista
1525 2628 1949 2715 profitentur:
1996 2650 2117 2714 ego
2152 2649 2269 2693 vos
2306 2628 2543 2693 hortari
2575 2638 2715 2693 tan-

665 2732 803 2786 tum
837 2743 1100 2807 possum
1145 2732 1220 2787 ut
1255 2722 1598 2788 amicitiam
1633 2722 1933 2787 omnibus
1968 2722 2161 2787 rebus
2208 2722 2503 2786 humanis
2540 2732 2715 2787 ante-

664 2816 915 2902 ponatis
927 2841 946 2893 3
999 2815 1157 2879 nihil
1192 2828 1290 2881 est
1323 2816 1495 2881 enim
1532 2828 1667 2881 tam
1700 2826 1969 2881 naturae
2016 2828 2274 2901 aptum,
2320 2826 2455 2881 tam
2488 2836 2718 2881 conve·

589 2926 640 2969 ιε
664 2909 846 2975 niens
883 2908 966 2973 ad
998 2932 1101 2975 res
1137 2911 1240 2974 vel
1277 2911 1589 2976 secundas
1625 2912 1732 2977 vel
1764 2910 2086 2975 adversas.
2142 2910 2258 2975 sed
2291 2910 2417 2975 hoc
2440 2910 2717 2997 primum

667 3004 897 3079 sentio,
933 3004 1057 3068 nisi
1090 3004 1157 3069 in
1191 3004 1378 3075 bonis
1414 3006 1764 3071 amicitiam
1800 3028 1939 3070 esse
1974 3026 2105 3069 non
2144 3027 2362 3090 posse:
2407 3026 2616 3089 neque
2650 3005 2717 3068 id

666 3097 750 3161 ad
794 3097 1013 3162 vivum
1053 3120 1272 3164 reseco
1282 3147 1300 3177 ,
1354 3110 1428 3165 ut
1479 3099 1600 3178 illi,
1658 3100 1771 3183 qui
1823 3100 1983 3165 haec
2037 3099 2331 3164 subtilius
2378 3098 2712 3173 disserunt,

662 3190 933 3255 fortasse
975 3214 1154 3269 vere,
1191 3194 1306 3259 sed
1349 3194 1432 3259 ad
1477 3216 1882 3260 communem
1916 3194 2254 3258 utilitatem
2287 3214 2546 3276 parum3
2600 3211 2713 3254 ne-

661 3294 820 3370 gant
854 3284 1023 3350 enim
1058 3308 1448 3372 quemquam
1485 3310 1625 3353 esse
1660 3288 1870 3352 virum
1904 3288 2148 3352 bonum
2180 3285 2301 3349 nisi
2336 3285 2709 3369 sapientem.

662 3380 745 3444 sit
785 3380 877 3443 ita
920 3402 1100 3446 sane:
1157 3384 1273 3448 sed
1317 3405 1460 3447 eam
1516 3381 1895 3467 sapientiam
1939 3382 2463 3465 interpretantur,
2518 3400 2714 3462 quam

663 3473 875 3539 adhuc
906 3477 1191 3540 mortalis
1226 3498 1415 3541 nemo
1451 3486 1548 3541 est
1582 3487 1984 3551 consecutus,
2020 3497 2135 3540 nos
2166 3483 2381 3541 autem
2418 3494 2515 3548 ea,
2546 3492 2710 3554 quae

663 3577 814 3633 sunt
855 3568 922 3631 in
967 3590 1089 3634 usu
1131 3571 1390 3653 vitaque
1437 3571 1789 3647 communi,
1842 3578 1973 3636 non
2016 3590 2120 3645 ea,
2173 3587 2341 3650 quae
2383 3564 2712 3651 finguntur

663 3671 775 3726 aut
801 3672 1120 3745 optantur,
1157 3674 1448 3747 spectare
1477 3661 1805 3728 debemus.
1859 3684 2210 3746 numquam
2245 3682 2367 3746 ego
2396 3659 2605 3725 dicam
2632 3653 2711 3722 C.

661 3754 1065 3833 Fabricium,
1101 3756 1220 3821 Μ’.
1254 3753 1554 3834 Curium,
1589 3756 1693 3821 Ti.
1733 3754 2233 3834 Coruncanium,
2269 3776 2431 3841 quos
2466 3753 2717 3839 sapien-

660 3847 743 3910 tis
777 3847 978 3913 nostri
1020 3850 1292 3914 maiores
1326 3850 1729 3928 iudicabant,
1766 3853 1851 3917 ad
1883 3852 2152 3917 istorum
2186 3874 2479 3917 normam
2514 3849 2717 3913 fuisse

663 3939 1000 4023 sapientis3
1045 3963 1176 4026 qua
1206 3966 1276 4009 re
1313 3944 1437 4009 sibi
1470 3944 1750 4009 habeant
1797 3945 2149 4031 sapientiae
2186 3967 2421 4010 nomen
2457 3954 2520 4009 et
2554 3942 2718 4008 invi-

663 4030 916 4097 diosum
947 4045 1013 4099 et
1046 4037 1416 4114 obscurum,
1463 4037 1816 4104 concedant
1850 4050 1923 4105 ut
1958 4040 2079 4105 viri
2114 4041 2267 4105 boni
2302 4039 2559 4105 fuerint.
2632 4058 2717 4103 ne
