3292 4559
1246 228 1582 300 L‘AELms
1617 244 1859 299 57—63.
2454 226 2579 297 281

529 372 710 459 angi,
746 370 986 447 dolere,
1019 367 1326 433 invidere.
1417 390 1546 452 qua
1579 390 1650 433 re
1687 366 1811 432 hoc
1854 366 2115 451 quidem
2146 377 2578 453 praeceptum,
2630 386 2682 427 eo

521 468 987 549 cuiuscumque
1042 473 1166 539 est,
1231 463 1314 527 ad
1371 462 1719 529 tollendam
1772 462 2118 527 amicitiam
2168 460 2371 527 valet:
2423 460 2583 525 illud

533 560 742 648 potius
775 556 1301 645 praecipiundum
1334 555 1486 633 fuit,
1531 566 1606 620 ut
1641 578 1784 621 eam
1820 554 2217 641 diligentiam
2250 552 2585 619 adhibere-

529 676 673 719 mus
707 654 777 717 in
810 651 1101 718 amicitiis
1138 650 1612 737 comparandis,
1660 661 1734 715 ut
1766 673 1849 715 ne
1886 650 2142 734 quando
2178 670 2393 715 amare
2427 648 2585 714 inci-

528 772 826 837 peremus
871 771 1048 825 eum,
1100 768 1294 831 quem
1339 746 1683 829 aliquando
1731 746 1941 811 odisse
1986 766 2337 831 possemus.
2428 743 2586 826 quin

527 845 723 911 etiam
759 844 812 907 si
845 843 1060 909 minus
1103 842 1322 906 felices
1358 839 1423 905 in
1463 840 1802 925 deligendo
1838 839 2213 913 fuissemus,
2247 837 2586 903 ferendum

528 938 598 1004 id
634 936 856 1024 Scipio
891 936 1108 1021 potius
1141 955 1338 1018 quam
1371 933 1846 999 inimicitiarum
1880 944 2131 1017 tempus
2170 931 2582 1017 cogitandum

531 1030 822 1119 putabat.
919 1030 1020 1093 his
1062 1028 1259 1115 igitur
1299 1027 1536 1092 finibus
1582 1027 1893 1092 utendum
1942 1026 2241 1103 arbitror,
2287 1035 2391 1102 ut,
2438 1046 2587 1089 cum
2622 1022 2689 1075 17

531 1123 857 1191 emendati
881 1144 1093 1189 mores
1124 1122 1474 1187 amicorum
1500 1121 1647 1197 sint,
1683 1132 1823 1186 tum
1852 1119 1935 1185 sit
1966 1120 2134 1185 inter
2161 1141 2272 1185 eos
2302 1118 2589 1183 omnium
2631 1094 2683 1134 ⁶¹

531 1240 774 1295 rerum,
848 1217 1286 1294 consiliorum,
1357 1216 1759 1282 voluntatum
1820 1214 1956 1280 sine
2018 1214 2151 1279 ulla
2215 1212 2589 1298 exceptione

533 1313 986 1389 communitae,
1021 1322 1094 1378 ut
1129 1312 1349 1389 etiam,
1385 1311 1442 1375 si
1479 1332 1608 1395 qua
1640 1309 1899 1375 fortuna
1934 1308 2235 1375 acciderit
2268 1318 2343 1373 ut
2376 1307 2587 1371 minus

529 1406 737 1473 iustae
780 1407 1129 1471 amicorum
1171 1406 1532 1471 voluntates
1577 1404 1977 1470 adiuvandae
2033 1402 2190 1482 sint,
2244 1402 2312 1467 in
2354 1402 2589 1486 quibus

533 1522 758 1567 eorum
799 1510 911 1566 aut
955 1510 1147 1585 caput
1191 1511 1420 1587 agatur
1465 1509 1577 1564 aut
1618 1499 1823 1577 fama,
1872 1498 2323 1563 declinandum
2366 1497 2451 1562 de
2482 1496 2591 1561 via

533 1597 618 1661 sit
626 1644 645 1674 ,
698 1594 890 1660 modo
925 1618 1008 1661 ne
1043 1617 1294 1660 summa
1335 1594 1665 1681 turpitudo
1702 1604 2009 1679 sequatur
2015 1618 2036 1671 3
2092 1602 2189 1658 est
2224 1592 2393 1657 enim
2428 1611 2589 1674 qua-

531 1700 720 1756 tenus
755 1689 1070 1755 amicitiae
1116 1688 1256 1755 dari
1301 1689 1492 1754 venia
1533 1688 1757 1773 possit.
1844 1709 1964 1754 nec
1998 1707 2153 1751 vero
2188 1684 2591 1771 neglegenda

533 1793 636 1848 est
667 1782 861 1859 fama,
893 1804 1016 1847 nec
1041 1782 1360 1848 mediocre
1395 1783 1594 1847 telum
1625 1782 1709 1846 ad
1743 1803 1847 1847 res
1882 1779 2197 1866 gerendas
2228 1780 2588 1845 existimare

535 1885 787 1962 oportet
819 1874 1330 1939 benevolentiam
1365 1875 1633 1951 civium,
1668 1896 1867 1958 quam
1901 1873 2225 1939 blanditiis
2262 1883 2327 1939 et
2362 1872 2591 1938 adsen-

536 1968 734 2035 tando
771 1967 1092 2053 conligere
1127 1978 1314 2053 turpe
1350 1977 1474 2033 est=
1519 1967 1749 2043 virtus,
1785 1988 1981 2050 quam
2018 1967 2304 2050 sequitur
2339 1965 2588 2044 caritaS,

538 2062 800 2127 minime
853 2061 1252 2148 repudianda
1303 2072 1420 2127 est.
1518 2061 1634 2127 sed
1668 2095 1755 2109 --
1790 2083 1982 2147 saepe
2037 2060 2209 2127 enim
2260 2059 2451 2127 redeo
2506 2060 2588 2125 ad
2633 2084 2682 2123 σε

539 2154 928 2242 Scipionem,
967 2155 1146 2220 cuius
1183 2155 1387 2221 omnis
1425 2176 1632 2220 sermo
1670 2165 1806 2221 erat
1841 2154 1921 2221 de
1958 2154 2237 2221 amicitia
2258 2190 2347 2201 —
2364 2176 2593 2239 quere-

535 2249 756 2326 batur,
808 2249 984 2332 quod
1018 2248 1314 2314 omnibus
1357 2250 1425 2315 in
1469 2249 1665 2315 rebus
1698 2248 1987 2314 homines
2024 2248 2455 2335 diligentiores
2492 2270 2592 2313 es-

538 2352 708 2409 sent:
763 2364 987 2429 capras
1031 2355 1098 2409 et
1142 2343 1278 2409 ovis
1325 2353 1482 2427 quot
1514 2342 1789 2427 quisque
1834 2341 2098 2409 haberet
2132 2342 2344 2408 dicere
2380 2364 2589 2428 posse,

535 2437 778 2504 amicos
813 2447 970 2521 quot
1003 2436 1271 2503 haberet
1301 2457 1432 2502 non
1466 2458 1658 2524 posse
1694 2436 1936 2514 dicere3
1974 2447 2038 2503 et
2069 2436 2139 2503 in
2170 2436 2295 2501 illis
2330 2435 2593 2520 quidem

510 2531 838 2617 parandis
876 2530 1180 2597 adhibere
1216 2552 1457 2609 curam,
1493 2532 1562 2595 in
1597 2530 1818 2597 amicis
1857 2530 2209 2617 deligendis
2244 2531 2593 2617 neglegen-

536 2625 620 2701 tis
655 2648 796 2691 esse
839 2646 962 2691 nec
998 2625 1234 2692 habere
1271 2626 1458 2709 quasi
1505 2624 1692 2711 signa
1726 2624 2044 2709 quaedam
2080 2635 2144 2690 et
2183 2634 2398 2701 notas,
2452 2625 2593 2709 qui-

537 2717 659 2783 bus
695 2740 828 2795 eos,
862 2718 976 2801 qui
1009 2719 1095 2783 ad
1127 2718 1472 2785 amicitiam
1501 2728 1713 2785 essent
1745 2718 1979 2795 idonei,
2014 2717 2389 2783 iudicarent.
2442 2729 2593 2783 sunt

537 2812 734 2897 igitur
765 2811 934 2875 firmi
967 2823 1031 2877 et
1066 2812 1325 2878 stabiles
1354 2824 1419 2879 et
1453 2822 1817 2879 constantes
1846 2812 2145 2898 eligendi,
2178 2812 2361 2879 cuius
2394 2834 2591 2899 gene-

538 2902 628 2970 ris
665 2914 761 2968 est
793 2926 1034 2989 magna
1075 2906 1372 2990 penuria3
1419 2916 1484 2971 et
1526 2906 1811 2971 iudicare
1855 2905 2113 2973 difficile
2150 2917 2247 2973 est
2282 2929 2435 2972 sane
2466 2906 2592 2971 nisi

539 3010 904 3084 expertum,
950 3000 1417 3084 experiundum
1461 3010 1677 3066 autem
1712 3012 1809 3067 est
1852 3001 1922 3065 in
1965 3002 2107 3087 ipsa
2141 3002 2448 3067 amicitia:
2501 3002 2592 3065 ita

539 3092 892 3179 praecurrit
925 3092 1203 3158 amicitia
1235 3093 1544 3159 iudicium
1579 3094 1870 3180 tollitque
1905 3095 2280 3183 experiundi
2313 3106 2594 3183 potesta·-

541 3197 690 3252 tem.
769 3197 868 3252 est
900 3186 1098 3272 igitur
1129 3187 1459 3271 prudentis
1496 3187 1807 3256 sustinere
1843 3200 1915 3255 ut
1951 3212 2227 3268 cursum,
2264 3190 2357 3253 sic
2388 3190 2592 3274 impe·
2635 3211 2687 3252 es

541 3294 682 3347 tum
732 3282 1245 3361 benevolentiae,
1301 3303 1430 3366 quo
1485 3294 1745 3349 utamur
1797 3284 1980 3370 quasi
2034 3285 2213 3368 equis
2267 3283 2591 3367 temptatis

538 3376 634 3443 >sic
671 3377 970 3456 amicitia,
1007 3378 1221 3462 aliqua
1253 3388 1434 3464 parte
1478 3379 1846 3465 periclitatis
1891 3378 2175 3445 moribus
2222 3376 2591 3443 amicorum.

539 3471 806 3556 quidam
845 3494 1038 3558 saepe
1083 3473 1152 3537 in
1184 3494 1387 3558 parva
1425 3474 1702 3559 pecunia
1734 3472 2207 3559 perspiciuntur
2240 3491 2435 3555 quam
2468 3470 2594 3534 sint

540 3567 744 3644 leves,
797 3565 1064 3651 quidam
1116 3578 1361 3643 autem,
1416 3588 1576 3652 quos
1629 3591 1831 3653 parva
1879 3587 2139 3633 movere
2182 3588 2313 3631 non
2363 3564 2591 3649 potuit,

541 3670 1018 3746 cognoscuntur
1050 3661 1118 3726 in
1151 3683 1389 3747 magna
1397 3686 1416 3738 ;
1456 3661 1555 3727 sin
1589 3682 1741 3727 vero
1777 3672 1961 3747 erunt
1998 3659 2195 3745 aliqui
2218 3658 2455 3743 reperti
2481 3658 2594 3743 qui

544 3754 881 3838 pecuniam
926 3754 1249 3841 praeferre
1297 3756 1614 3823 amicitiae
1660 3755 1988 3821 sordidum
2038 3752 2427 3831 existiment,
2479 3751 2594 3815 ubi

545 3868 656 3912 eos
693 3847 1110 3927 inveniemus,
1145 3850 1259 3934 qui
1294 3849 1588 3926 honores,
1623 3848 2055 3935 magistratus,
2088 3845 2378 3933 imperia,
2413 3856 2595 3931 pote·-

547 3949 771 4019 states,
807 3962 960 4028 opes
997 3943 1314 4009 amicitiae
1347 3966 1478 4009 non
1513 3952 1921 4030 anteponant,
1956 3954 2058 4021 ut,
2097 3963 2245 4009 cum
2279 3962 2361 4007 ex
2394 3942 2592 4006 altera

546 4044 728 4120 parte
769 4038 1094 4123 proposita
1138 4038 1300 4105 haec
1345 4040 1498 4118 sint,
1553 4064 1635 4106 ex
1671 4040 1872 4107 altera
1914 4039 2015 4105 ius
2062 4036 2408 4113 amicitiae,
2442 4059 2592 4123 ‘non
