3292 4559
832 268 963 335 200
1448 277 1527 332 M.
1562 275 1836 333 TULLII
1871 272 2270 332 CICERONIS
2335 327 2344 332 .

820 427 939 490 per
970 406 1157 477 iram,
1194 403 1551 486 sanquinem
1572 400 1820 485 fundit,
1855 399 2031 462 urbes
2063 399 2366 472 subvertit,
2403 397 2658 482 populos
2685 397 2816 469 delet,

819 500 1171 584 provincias
1216 499 1302 560 ad
1344 495 1730 558 solitudinem
1773 495 2012 578 rediyit.
2101 489 2506 574 (Lactantius
2541 494 2608 555 de
2639 493 2724 554 ira
2752 492 2820 553 dei

832 613 887 656 c.
922 587 1017 674 5.)

960 683 1020 747 8.
1102 685 1247 747 Tres
1292 695 1433 748 sunt
1466 681 1766 768 adfectus,
1815 683 1922 766 qui
1955 680 2222 744 homines
2255 683 2324 744 in
2360 682 2562 744 omnia
2581 679 2826 764 facinora

821 780 1186 864 praecipites
1232 788 1448 862 ayunt,
1492 779 1619 850 ira,
1667 777 1998 860 cupiditas,
2045 775 2263 848 libid03
2304 784 2626 859 propterea
2653 781 2828 857 poetae

834 885 951 936 tres
986 869 1199 956 furias
1244 891 1365 934 esse
1400 873 1714 944 dixerunt,
1762 889 1916 954 quae
1947 879 2172 932 mentes
2207 868 2518 932 hominum
2551 868 2826 951 exaqitent:

832 969 931 1030 ira
980 967 1271 1030 ultionem
1322 966 1646 1037 desiderat,
1705 963 2005 1048 cupiditas
2059 983 2226 1047 opes,
2285 961 2478 1026 libido
2530 961 2824 1046 voluptates.

710 1055 725 1064 ’
832 1057 1239 1141 (Lactantius
1276 1060 1465 1120 instit.
1504 1059 1622 1120 div.
1661 1054 1782 1132 VI„
1823 1055 1924 1120 19.
1961 1055 2040 1140 cs.
2075 1055 2256 1140 E'pit.
2293 1054 2434 1140 61.)

963 1152 1025 1217 9.
1101 1151 1539 1216 Concitationes
1583 1153 1928 1214 animorum
1970 1152 2172 1214 iuncto
2217 1153 2427 1214 currui
2468 1150 2676 1213 sintiles
2705 1156 2822 1217 sunt,

832 1251 901 1311 in
945 1269 1063 1332 quo
1106 1256 1259 1309 recte
1298 1246 1672 1310 'moderando
1717 1267 2016 1310 summum
2057 1247 2304 1308 rectoris
2349 1244 2613 1330 officium
2651 1251 2743 1314 est,
2776 1250 2824 1300 ut

832 1342 997 1402 viam
1048 1340 1305 1402 noverit.-
1358 1359 1547 1422 quam
1598 1341 1655 1402 si
1707 1338 1950 1412 tenebit,
2007 1339 2340 1422 quamlibet
2391 1339 2666 1402 concitate
2706 1335 2822 1404 ierit,

833 1454 957 1496 non
1001 1432 1296 1516 offendat,·
1349 1434 1405 1494 si
1448 1443 1646 1495 autem
1692 1432 2086 1506 ahmam-it,
2133 1433 2266 1496 licet
2287 1433 2538 1516 placide
2569 1453 2634 1493 ac
2665 1429 2825 1492 leniter

834 1537 958 1600 eat,
1005 1536 1113 1588 aut
1144 1547 1263 1609 per
1298 1524 1666 1610 confraqosa
1698 1525 2012 1588 vexabitur
2047 1536 2155 1588 aut
2175 1547 2296 1610 per
2323 1525 2676 1610 praecipitia
2705 1520 2828 1583 labe-

836 1631 935 1681 tur
994 1630 1101 1682 aut
1162 1631 1311 1683 certe
1364 1641 1481 1703 quo
1534 1641 1660 1682 non
1713 1629 1800 1682 est
1849 1639 2002 1702 opus
2056 1618 2372 1704 deferetur.
2479 1613 2824 1701 (Lactantius
2910 1617 2913 1708 j

835 1714 1040 1776 Instit.
1079 1715 1197 1776 div.
1235 1711 1356 1788 VI,
1397 1709 1557 1796 17.)]

734 1805 800 1914 ἐξ
834 1829 897 1890 p.
934 1803 1067 1892 25]
1126 1806 1162 1841 ⁴⁸*
1209 1804 1244 1839 ³*
1289 1804 1326 1840 ⁴*
1382 1804 1393 1890 Ι
1440 1805 1567 1870 dici
1617 1805 1857 1890 possit.'
1945 1816 2084 1870 tum
2137 1805 2432 1872 Laelius:
2489 1806 2687 1870 ‘video
2730 1802 2822 1864 iam

833 1903 1042 1975 illum,
1088 1921 1282 1982 quem
1327 1899 1806 1984 exspectabam,
1855 1900 2065 1964 virum
2077 1945 2096 1976 ,
2145 1901 2250 1964 cui
2294 1902 2618 1987 praeficias
2659 1893 2822 1960 officio

837 2005 899 2058 et
941 1993 1228 2058 muneri.’
1319 1993 1496 2057 ‘huic
1548 1994 1813 2058 scilicet’
1869 1992 2218 2058 Africanus
2268 1996 2412 2060 ‘uni
2455 2015 2666 2080 paene:
2711 2007 2822 2052 nam

834 2089 901 2152 in
945 2088 1067 2151 hoc
1110 2086 1245 2152 fere
1292 2108 1420 2152 uno
1466 2100 1617 2153 sunt
1661 2099 1898 2155 cetera.
1944 2101 2017 2152 ut
2050 2110 2404 2172 numquam
2441 2113 2481 2154 a
2513 2111 2578 2154 se
2607 2088 2727 2172 ipso
2753 2083 2822 2144 in-
2912 2145 2913 2148 ,

836 2181 1153 2246 stituendo
1200 2182 1814 2266 contemplandoque
1859 2181 2174 2259 discedat,
2222 2195 2294 2248 ut
2341 2185 2426 2248 ad
2468 2180 2818 2246 imitationem
2912 2179 2913 2253 j

837 2275 936 2339 sui
988 2285 1173 2338 vocet
1224 2275 1409 2350 aiios,
1465 2286 1537 2339 ut
1590 2298 1728 2341 sese
1777 2277 2108 2360 splendore
2163 2277 2362 2342 animi
2415 2289 2478 2342 et
2520 2277 2670 2339 vitae
2707 2289 2820 2333 suae

835 2369 998 2433 sicut
1062 2369 1391 2451 speculum
1450 2370 1754 2452 praebeat
1817 2371 2081 2435 civibus·
2187 2384 2261 2436 ut
2311 2373 2483 2438 enim
2531 2371 2593 2434 in
2639 2364 2816 2430 fidibus
2909 2419 2911 2440 2

833 2484 893 2545 p.
930 2457 1065 2544 26.]
1125 2472 1236 2524 aut
1285 2459 1295 2546 Ι
1344 2461 1513 2525 tibiis
1568 2474 1763 2546 atque
1815 2476 1888 2530 ut
1937 2466 2005 2528 in
2057 2477 2248 2531 cantu
2299 2467 2441 2551 ipso
2493 2487 2566 2529 ac
2611 2457 2814 2525 vocibus

832 2564 1174 2618 concentus
1212 2565 1310 2618 est
1346 2555 1609 2637 quidam
1644 2559 1960 2624 tenendus
1996 2583 2077 2624 ex
2113 2560 2426 2625 distinctis
2461 2558 2636 2632 sonis,
2670 2570 2814 2636 quem
2907 2621 2909 2640 ζ

830 2649 1219 2712 inmutatum
1271 2661 1383 2712 aut
1436 2649 1902 2736 discrepantem
1955 2676 2142 2718 aures
2195 2655 2480 2720 eruditae
2531 2653 2677 2716 ferre
2718 2665 2813 2707 n011

830 2753 1127 2828 possunt,
1164 2743 1345 2825 isque
1382 2756 1727 2810 concentus
1764 2770 1844 2811 ex
1879 2747 2442 2812 dissimillimarum
2476 2765 2683 2810 vocum
2712 2755 2813 2800 ¹110·

832 2837 1156 2902 deratione
1208 2858 1471 2902 concors
1522 2849 1738 2904 tamen
1789 2840 2068 2904 efficitur
2113 2853 2178 2904 et
2223 2863 2600 2928 congmem,
2648 2834 2721 2897 sic
2757 2849 2814 2891 ex

832 2931 1096 2996 summis
1158 2942 1224 2994 et
1282 2930 1514 2994 infimis
1578 2945 1643 2996 et
1708 2934 1932 2999 mediis
1993 2934 2336 2999 interiectis
2391 2931 2714 3001 ordinibus,
2763 2929 2814 2983 ut

832 3023 1021 3099 sonis,
1056 3023 1387 3090 moderata
1420 3026 1667 3091 ratione
1707 3027 1926 3091 civitas
1963 3027 2294 3113 conlsensu
2321 3024 2812 3093 dissimillimorum
2906 3035 2907 3046 ¹

832 3117 1131 3192 concinit3
1170 3129 1232 3180 et
1268 3139 1432 3200 quae
1467 3120 1800 3184 harmonia
1837 3145 1875 3184 a
1910 3122 2166 3186 musicis
2205 3123 2438 3187 dicitur
2461 3122 2525 3186 in
2551 3127 2728 3187 cantu,
2758 3129 2812 3170 ea

832 3219 929 3271 est
959 3209 1027 3272 in
1064 3209 1315 3275 civitate
1342 3215 1700 3291 concordia,
1739 3216 2124 3280 artissimum
2152 3227 2343 3300 atque
2372 3216 2660 3303 optimum
2682 3199 2810 3269 omni

829 3301 895 3363 in
939 3325 1008 3366 re
1052 3303 1309 3394 publica
1344 3306 1670 3372 vinculum
1703 3309 2181 3386 incolumitatis,
2229 3332 2434 3394 eaque
2469 3309 2596 3374 sine
2625 3293 2806 3366 iustitia
2904 3355 2905 3378 χ

828 3396 1002 3461 nullo
1036 3409 1223 3482 pacto
1262 3421 1399 3463 esse
1435 3413 1662 3484 potest.
2904 3405 2905 3412 ἵ

726 3500 795 3551 43
958 3493 1053 3555 Ac
1098 3494 1309 3556 deinde
1354 3516 1486 3556 cum
1532 3495 1849 3579 aliquanto
1897 3499 2077 3560 latius
2121 3509 2178 3562 et
2219 3499 2461 3562 uberius
2505 3487 2804 3560 dusmisset

828 3581 1127 3670 (Scipio),
1194 3598 1489 3669 quantum
1540 3593 1856 3672 prodesset
1907 3593 2142 3654 iustitia
2193 3594 2424 3656 civitati
2473 3590 2806 3677 quantumque·

826 3677 1073 3752 obesset,
1110 3681 1165 3742 si
1198 3679 1467 3763 afuisset,
1504 3685 1766 3767 suscepit
1801 3687 2014 3748 deinde
2045 3685 2286 3761 Philus,
2323 3709 2476 3750 unus
2511 3698 2702 3747 eorum,
2731 3685 2808 3752 qm

829 3771 1227 3854 disputationi
1260 3775 1531 3847 aderant,
1588 3787 1643 3837 et
1667 3780 1952 3862 poposcit
1983 3789 2051 3841 ut
2083 3779 2228 3844 haec
2260 3783 2399 3866 ipsa
2435 3773 2672 3864 quaestio
2702 3759 2806 3826 dib>
2902 3771 2903 3778 ’

824 3865 1061 3944 §entius
1106 3876 1463 3928 tractaretur
1506 3890 1577 3930 ac
1620 3871 1693 3931 de
1737 3872 1972 3934 iustitia
1995 3873 2188 3956 plura
2223 3877 2573 3942 dicerentur,
2607 3865 2805 3948 PYOPW

826 3953 1007 4058 ἦῖἶῖιίῖ,
1064 3959 1229 4040 quod
1274 3960 1399 4020 iam
1450 3961 1629 4044 vulyo
1659 3961 2004 4046 ferebatur,
2057 3987 2184 4029 rem
2221 3968 2528 4051 publicam
2563 3957 2676 4046 yert'
2709 3950 2803 4012 Sim
2900 3997 2901 4038 3

826 4047 1056 4108 iniuria
1090 4071 1212 4112 non
1234 4071 1439 4132 posse.
1517 4051 1676 4117 hanc
1697 4058 1964 4139 proinde
1998 4063 2404 4141 quaestionem
2435 4045 2802 4123 discutiendam
2899 4073 2901 4082 ⁴
