3292 4559
979 284 1085 341 DE
1119 281 1641 342 mvaTonE
1673 283 1720 338 1.
1757 283 2066 358 125f-130.
2435 265 2566 342 165

504 407 806 497 temporis
851 408 1009 476 nihil
1052 409 1204 475 novi
1246 407 1579 475 efficientis
1616 411 1683 474 et
1725 407 2004 495 primum
2039 407 2325 494 quidque
2367 411 2567 497 repli-

502 507 737 582 cantis3
779 505 955 590 quod
988 516 1053 571 et
1084 505 1133 570 ii
1148 503 1413 583 vident,
1449 503 1686 590 quibus
1719 504 2027 572 naturalis
2063 503 2372 570 divinatio
2408 504 2568 570 data

502 611 631 680 est,
683 610 749 668 et
779 601 857 680 ii,
902 601 1135 686 quibus
1180 619 1405 668 cursus
1440 621 1657 667 rerum
1692 601 2094 667 observando
2137 610 2396 667 notatus
2432 612 2532 668 est
2538 626 2558 679 3

503 697 615 782 qui
650 695 771 763 etsi
803 717 1033 762 causas
1065 695 1241 782 ipsas
1272 713 1404 760 non
1430 705 1722 774 cernunt,
1758 695 1946 783 signa
1977 705 2196 762 tamen
2220 713 2562 762 causarum

499 802 567 856 et
598 801 783 855 notas
818 800 1118 856 cernunt:
1153 789 1239 854 ad
1271 809 1433 875 quas
1468 789 1758 854 adhibita
1787 791 2100 856 memoria
2130 800 2198 856 et
2229 790 2562 878 diligentia

502 895 566 950 et
614 884 1044 950 monumentis
1097 883 1496 968 superiorum
1548 883 1826 950 efficitur
1875 898 1954 950 ea
1997 879 2336 962 divinatio,
2390 905 2561 969 quae

498 979 843 1046 artificiosa
877 973 1129 1057 dicitur,
1164 989 1487 1056 extem,
1520 977 1880 1066 fulgorum,
1915 988 2311 1045 ostentorum
2345 979 2562 1066 signo-

500 1091 775 1158 rumque
818 1073 1207 1140 caelestium.
1294 1091 1427 1138 non
1468 1083 1567 1140 est
1606 1073 1808 1161 igitur
1847 1083 1921 1140 ut
1954 1073 2320 1140 mirandum
2365 1073 2448 1138 sit
2481 1095 2561 1140 ea
2587 1091 2663 1132 128

502 1166 881 1254 praesentiri
913 1188 955 1232 a
980 1165 1439 1246 divinantibus,
1473 1188 1640 1252 quae
1665 1187 1986 1254 nusquam
2019 1167 2148 1233 sint
2155 1191 2178 1246 3
2214 1178 2365 1233 sunt
2389 1166 2562 1234 enim

498 1261 745 1339 omnia,
798 1261 915 1328 sed
940 1272 1243 1348 ‘tempore
1288 1262 1548 1341 absunt3
1603 1273 1798 1348 atque
1841 1274 1915 1328 ut
1954 1263 2023 1329 in
2062 1263 2416 1329 seminibus
2460 1261 2561 1328 vis

500 1356 666 1422 inest
716 1376 939 1422 earum
991 1377 1235 1436 rerum,
1296 1378 1463 1443 quae
1516 1379 1599 1424 ex
1648 1358 1730 1424 iis
1783 1358 2282 1446 progignuntur,
2349 1359 2443 1424 sic
2491 1357 2562 1424 in

502 1450 711 1516 causis
758 1448 1051 1518 conditae
1098 1463 1249 1518 sunt
1289 1475 1393 1519 res
1436 1453 1692 1520 futurae
1705 1501 1724 1532 ,
1780 1473 1940 1538 quas
1987 1473 2127 1521 esse
2161 1453 2414 1518 futuras
2449 1464 2562 1518 aut

498 1545 817 1611 concitata
866 1568 1047 1612 mens
1102 1559 1214 1613 aut
1274 1548 1483 1614 soluta
1537 1569 1760 1613 somno
1815 1549 2016 1614 cernit
2069 1559 2182 1614 aut
2231 1549 2396 1613 ratio
2449 1557 2563 1613 aut

496 1641 866 1707 coniectura
906 1642 1285 1726 praesentit3
1331 1652 1524 1727 atque
1567 1652 1641 1707 ut
1672 1643 1752 1718 ii,
1797 1643 1910 1726 qui
1945 1643 2096 1708 solis
2133 1653 2200 1708 et
2231 1643 2425 1708 lunae
2459 1663 2562 1707 re-

500 1734 948 1818 liquorumque
990 1731 1273 1800 siderum
1308 1747 1515 1813 ortus,
1552 1735 1764 1800 obitus
1800 1745 2143 1819 motusque
2179 1745 2559 1822 cognorunt,

497 1849 631 1912 quo
694 1828 979 1913 quidque
1042 1841 1329 1916 tempore
1384 1853 1607 1896 eorum
1668 1827 1960 1895 futurum
2009 1831 2094 1895 sit
2156 1831 2359 1896 multo
2411 1841 2561 1897 ante

500 1919 906 2007 praedicunt,
952 1921 1044 1987 sic
1088 1923 1204 2006 qui
1238 1945 1495 1989 cursum
1540 1944 1756 1988 rerum
1801 1932 2301 2007 eventorumque
2339 1944 2563 1988 conse-

499 2015 833 2100 quentiam
860 2015 1283 2082 diuturnitate
1306 2025 1696 2102 pertractata
1727 2026 2134 2092 notaverunt,
2170 2027 2282 2081 aut
2312 2037 2563 2101 semper

498 2121 639 2187 aut,
676 2110 734 2176 si
764 2110 834 2175 id
868 2108 1129 2176 difficile
1163 2121 1289 2190 est,
1325 2111 1735 2198 plerumque,
1780 2109 1954 2195 quod
1989 2111 2048 2175 si
2077 2133 2161 2176 ne
2195 2109 2266 2174 id
2299 2108 2562 2193 quidem

499 2204 903 2282 conceditur,
949 2226 1081 2269 non
1123 2224 1479 2289 numquam
1524 2215 1697 2271 certe
1741 2204 1898 2290 quid
1933 2204 2224 2270 futurum
2259 2204 2342 2268 sit
2375 2204 2560 2270 int-el-

497 2299 741 2386 legunt.
830 2309 1023 2384 atque
1070 2299 1231 2366 haec
1274 2295 1537 2385 quidem
1582 2311 1647 2366 et
1691 2298 2008 2384 quaedam
2053 2295 2344 2365 eiusdem
2381 2299 2561 2378 modi

499 2404 879 2482 argumenta
916 2415 1030 2460 cur
1065 2394 1149 2459 sit
1184 2393 1490 2460 divinatio
1527 2391 1852 2460 ducuntur
1885 2417 1926 2459 a
1960 2393 2116 2460 fato·
2343 2394 2414 2458 A
2445 2416 2560 2458 na·
2587 2393 2662 2504 ἐξ

498 2499 645 2554 tura
686 2498 902 2554 autem
946 2485 1073 2554 alia
1123 2487 1445 2574 quaedam
1487 2488 1650 2554 ratio
1695 2499 1820 2567 est,
1875 2509 2042 2573 quae
2088 2487 2276 2554 docet
2305 2498 2562 2572 ‘quanta

499 2582 582 2647 sit
615 2582 812 2647 animi
846 2582 945 2646 vis
990 2581 1276 2648 seiuncta
1311 2604 1351 2648 a
1385 2582 1666 2670 corporis
1702 2583 2025 2660 sensibus,
2073 2581 2248 2668 quod
2281 2582 2560 2648 maxime

492 2677 813 2762 contingit
846 2686 963 2742 aut
994 2675 1458 2743 dormientibus
1494 2687 1608 2742 aut
1637 2687 1854 2742 mente
1888 2675 2217 2762 permotis.
2279 2686 2355 2740 ut
2389 2675 2560 2742 enim

492 2771 769 2837 deorum
804 2770 1002 2836 animi
1036 2771 1173 2838 sine
1210 2771 1443 2849 oculis,
1478 2771 1618 2837 sine
1653 2771 1946 2849 auribus,
1983 2771 2119 2838 sine
2139 2770 2380 2857 lingua
2415 2792 2560 2836 sen-

498 2865 670 2928 tiunt
701 2864 867 2928 inter
900 2887 973 2930 se
1006 2864 1163 2948 quid
1197 2867 1471 2951 quisque
1506 2865 1772 2942 sentiat,
1823 2887 1906 2931 ex
1949 2885 2078 2949 quo
2121 2865 2196 2931 fit
2237 2875 2312 2929 ut
2354 2863 2562 2930 homi-

499 2980 647 3033 nes,
694 2957 891 3022 etiam
923 2978 1073 3024 cum
1114 2959 1295 3026 taciti
1328 2969 1550 3048 optent
1584 2959 1744 3044 quid
1777 2970 1891 3024 aut
1924 2969 2230 3038 voveant,
2275 2982 2407 3025 non
2441 2951 2560 3024 du-

502 3052 710 3117 bitent
744 3050 902 3136 quin
938 3051 1005 3116 di
1038 3051 1198 3119 illud
1234 3052 1609 3134 exaudiant,
1656 3053 1750 3119 sic
1781 3051 1982 3121 ammi
2013 3053 2375 3132 hominum,
2411 3075 2561 3118 cum

502 3156 618 3212 aut
651 3165 878 3210 somno
923 3145 1117 3212 soluti
1149 3158 1381 3214 vacant
1424 3168 1692 3234 corpore
1727 3157 1840 3217 aut
1881 3159 2095 3216 mente
2129 3147 2402 3236 permoti
2445 3169 2562 3234 per

496 3263 575 3308 se
615 3240 741 3328 ipsi
781 3240 970 3307 liberi
1008 3237 1306 3328 [incitati]
1344 3253 1712 3320 moventur,
1757 3254 2028 3310 cernunt
2061 3265 2168 3321 ea,
2213 3265 2381 3328 quae
2416 3263 2562 3328 per-

501 3335 689 3402 mixti
741 3357 891 3402 cum
934 3357 1197 3422 corpore
1246 3333 1504 3424 [animi]
1548 3337 1768 3404 videre
1817 3360 1949 3404 non
1990 3349 2278 3424 possunt.
2365 3347 2558 3420 atque
2586 3360 2667 3406 130.

500 3431 673 3496 hanc
706 3430 969 3514 quidem
1010 3431 1323 3498 rationem
1364 3445 1633 3500 naturae
1679 3430 1938 3499 difficile
1975 3444 2072 3498 est
2115 3432 2388 3498 fortasse
2429 3441 2558 3495 tra-

497 3527 741 3593 ducere
776 3525 860 3592 ad
893 3526 963 3592 id
994 3549 1201 3613 genus
1238 3527 1670 3606 divinationis,
1703 3528 1877 3613 quod
1911 3550 1994 3594 ex
2029 3537 2167 3592 arte
2199 3525 2560 3612 profectum

497 3621 775 3688 dicimus
788 3667 811 3698 ,
860 3621 978 3686 sed
1018 3631 1235 3688 tamen
1276 3622 1348 3688 id
1392 3643 1650 3707 quoque
1692 3623 1959 3687 rimatur
1993 3631 2304 3706 quantum
2347 3630 2560 3706 potest

503 3714 923 3780 Posidoniusx
966 3737 1112 3782 esse
1144 3727 1363 3782 censet
1402 3716 1473 3782 in
1504 3727 1736 3782 natura
1770 3716 1956 3803 signa
1989 3713 2310 3800 quaedam
2341 3735 2559 3780 rerum

498 3809 893 3892 futurarum.
996 3810 1233 3876 etenim
1279 3809 1449 3878 Ceos
1512 3810 1875 3898 accepimus
1939 3821 2154 3875 ortum
2207 3805 2558 3874 Caniculae

500 3902 847 3988 diligenter
892 3905 1231 3987 quotannis
1288 3906 1489 3971 solere
1547 3926 1804 3971 servare
1849 3904 2408 3989 coniecturamque
2453 3923 2560 3966 ca-

501 4017 691 4082 pere,
745 4006 819 4062 ut
859 3993 1079 4064 scribit
1110 3997 1421 4066 Ponticus
1454 3999 1864 4074 Heraclides,
1918 3997 2274 4063 salubrisne
2319 4020 2405 4063 an
2445 4019 2559 4084 pe-

504 4088 739 4155 stilens.
790 4111 998 4156 annus
1056 4091 1309 4158 futurus
1374 4093 1483 4159 sit:
1553 4115 1706 4158 nam
1769 4091 1825 4156 si
1872 4091 2204 4158 obscurior
2265 4104 2324 4158 et
2371 4092 2557 4178 quasi
