3292 4559
820 264 947 331 180
1307 249 1311 258 '
1428 271 1504 325 M.
1541 270 1817 326 ‘runnu
1852 267 2253 327 crcssaoms

820 422 1027 488 agros,
1062 397 1175 462 ubi
1210 395 1400 460 hodie
1437 405 1535 459 est
1569 393 1733 460 haec
1766 395 1943 471 urbs,
1977 393 2365 471 incolebant,
2409 414 2602 478 aequo
2636 393 2802 460 animo

818 496 906 556 illi
948 493 1341 575 libenterque
1384 501 1709 575 parerent3
1762 511 2037 572 quorum
2091 488 2288 575 copiis
2333 510 2478 552 cum
2521 511 2584 553 se
2623 489 2806 553 ducem

818 585 1241 672 praebuisset,
1291 595 1366 649 ut
1414 585 1547 648 iam
1596 606 1638 648 a
1689 583 1928 648 fabulis
1979 583 2064 647 ad
2117 583 2290 647 facta
2342 583 2680 659 veniamus,
2723 603 2812 666 op-
2906 654 2907 658 Ἰ

818 680 1119 764 pressisse
1179 679 1480 765 Longam
1542 678 1815 754 Albam,
1879 676 2160 741 validam
2229 677 2456 742 urbem
2516 687 2576 740 et
2631 687 2812 761 poten.
2906 717 2907 722 ,

734 856 753 872 .-
818 800 878 860 Ρᾖ
902 771 1079 860 290.]
1117 786 1245 840 tem
1267 774 1275 858 Ι
1297 772 1692 858 temporibus
1718 771 1863 848 illis,
1899 771 2366 855 Amuliumque
2392 793 2604 856 regem
2625 770 2812 834 intere·
2906 795 2907 820 1

730 891 762 964 *ᾖ
818 872 1007 934 misse
1045 869 1266 933 fertur.
1348 889 1479 951 qua
1511 866 1721 951 gloria
1751 876 1938 951 parta
1970 865 2201 930 urbem
2235 865 2560 951 auspicato
2591 865 2811 929 condere

818 984 882 1028 et.
948 964 1202 1028 firmare
1261 961 1493 1026 dicitur
1552 959 1830 1045 primum
1895 959 2276 1045 cogitavisse
2336 982 2475 1024 rem
2523 957 2810 1044 publicam.

818 1084 857 1120 ιι
866 1059 961 1121 rbi
1002 1069 1218 1122 autem
1263 1056 1473 1120 locum
1490 1101 1509 1130 ‚
1554 1053 1732 1137 quod
1767 1064 1865 1118 est
1898 1053 1988 1128 ei,
2033 1052 2148 1137 qui
2182 1053 2546 1119 diuturnam
2576 1073 2697 1117 rem
2721 1071 2810 1135 pu·

818 1152 1051 1216 blicam
1092 1171 1299 1214 serere
1352 1157 1647 1224 conatur,
1694 1146 2177 1232 diligentissime
2219 1146 2698 1233 providendum,
2738 1142 2809 1205 in·

822 1245 1102 1308 credibili
1145 1239 1615 1328 opportunitate
1659 1240 1928 1327 delegit3
1978 1262 2190 1324 neque
2224 1241 2399 1306 enim
2433 1239 2516 1305 ad
2545 1261 2699 1315 mare
2727 1236 2809 1300 ad·

821 1337 1043 1415 movit,
1081 1336 1255 1420 quod
1288 1334 1349 1401 ei
1382 1335 1507 1399 fuit
1539 1334 1655 1400 illa
1686 1357 1886 1399 manu
1921 1335 2248 1421 copiisque
2284 1335 2651 1400 facillimum
2677 1341 2738 1395 ut
2761 1330 2811 1392 in

818 1459 878 1516 Ρ.
918 1429 1096 1518 157.]
1151 1453 1380 1517 agrum
1424 1430 1814 1495 Rutulorum
1857 1430 2436 1516 Aboriginumflque
2479 1427 2811 1516 procederet,

818 1540 930 1592 flul:
965 1526 1035 1590 in
1079 1525 1241 1590 ostio
1277 1524 1611 1602 Tiberino,
1656 1546 1848 1608 quem
1895 1525 1962 1588 in
2005 1526 2221 1589 locum
2254 1525 2474 1590 multis
2509 1534 2644 1609 post
2672 1518 2812 1584 annis

818 1644 930 1684 rex
963 1620 1189 1684 Ancus
1234 1618 1547 1683 coloniam
1590 1618 1884 1695 deduxit,
1929 1618 2159 1683 urbem
2201 1619 2341 1705 ipse
2386 1617 2691 1690 conderet,
2729 1610 2812 1676 sed

818 1716 938 1780 huc
988 1715 1089 1778 vir
1133 1713 1464 1780 excellenti
1508 1712 1908 1799 providentia
1952 1712 2152 1778 sensit
2196 1736 2273 1778 ac
2318 1713 2508 1790 vidit,
2555 1732 2672 1776 non
2708 1727 2814 1771 esse

822 1836 854 1872 ιι
862 1836 902 1896 Ρ
902 1808 1383 1896 portumssimos
1448 1807 1606 1872 situs
1671 1807 2020 1872 maritimos
2071 1806 2344 1872 urbibus
2372 1806 2516 1916 eis,
2567 1824 2711 1889 quae
2752 1798 2812 1863 ad
2902 1807 2903 1812 ’

822 1927 997 1988 spem
1049 1901 1479 1966 diuturnitatis
1531 1900 1954 1966 conderentur
2011 1912 2203 1986 atque
2255 1901 2534 1986 imperii,
2591 1915 2814 1983 primum

822 1998 990 2080 ιμιιιᾶ
1036 2007 1248 2062 essent
1291 1996 1483 2060 urbes
1519 1994 1878 2060 maritimae
1911 2017 2042 2060 non
2080 1996 2286 2060 solum
2322 1995 2538 2060 multis
2569 1986 2812 2079 perieulis

754 2129 774 2152 ..
822 2116 878 2176 [ι
898 2087 1073 2176 158]
1105 2090 1453 2175 oppositae,
1483 2088 1598 2154 sed
1629 2088 1822 2154 etiam
1844 2089 1853 2171 Ι
1877 2089 2102 2154 caecis.
2169 2111 2321 2154 nam
2349 2100 2517 2155 terra
2541 2084 2813 2152 continens

822 2188 1128 2249 adrentus
1154 2184 1431 2248 hostium
1459 2204 1589 2247 non
1617 2183 1809 2248 modo
1835 2193 2256 2269 exspectatos,
2285 2184 2405 2248 sed
2431 2183 2613 2248 etiam
2635 2197 2813 2262 repen-

818 2284 981 2344 rinos
1032 2279 1250 2343 multis
1300 2277 1549 2342 indiciis
1595 2288 1659 2343 et
1701 2277 1915 2361 quasi
1930 2278 2186 2364 fragore
2230 2279 2512 2362 quodam
2554 2285 2613 2342 et
2650 2269 2809 2337 sonitu

822 2376 955 2456 3150
1000 2383 1147 2435 ante
1191 2370 1552 2446 denuntiat3
1605 2393 1818 2455 neque
1860 2394 2014 2438 vero
2057 2372 2400 2456 quisquam
2435 2379 2632 2458 potest
2659 2362 2808 2431 bosus

818 2464 1114 2528 advolare
1148 2475 1338 2539 terra,
1375 2464 1530 2546 quin
1566 2487 1716 2529 eum
1750 2487 1883 2530 non
1916 2465 2107 2530 modo
2145 2487 2312 2542 esse,
2351 2468 2468 2532 sed
2499 2465 2673 2531 etiam
2700 2456 2807 2541 qu'ffi

818 2572 874 2620 ιιι
914 2557 1086 2621 unde
1120 2557 1202 2621 sit
1236 2557 1397 2622 scire
1430 2559 1771 2641 possimus.
1858 2559 2213 2624 maritimus
2249 2581 2405 2635 vero
2438 2561 2542 2624 ille
2574 2567 2630 2623 et
2657 2572 2809 2619 nava·

814 2656 890 2716 'Hs
951 2652 1149 2716 hostis
1212 2663 1359 2718 ante
1422 2653 1647 2718 adesse
1699 2664 1940 2739 potest,
2005 2676 2200 2738 quam
2252 2656 2588 2739 quisquam
2633 2656 2810 2713 ventu-

818 2771 957 2812 rum
1008 2770 1149 2813 esse
1200 2748 1510 2834 suspicari
1561 2759 1807 2832 queat,
1849 2771 1968 2814 nec
2021 2771 2204 2827 vero,
2258 2773 2405 2815 cum
2460 2749 2648 2823 venit,
2690 2759 2807 2828 prae

817 2868 874 2928 [ι
918 2839 1095 2928 167.]
1134 2866 1201 2908 se
1241 2840 1252 2929 Ι
1288 2842 1412 2907 fert
1458 2853 1571 2907 aut
1614 2843 1758 2926 quis
1804 2842 1888 2907 sit
1931 2855 2043 2908 aut
2075 2798 2248 2909 unde
2283 2847 2500 2911 veniat
2531 2835 2806 2908 autetiam

818 2937 974 3020 prid
1036 2937 1219 3013 velit,
1284 2935 1561 3018 denique
1619 2960 1704 3001 ne
1765 2948 1920 3002 nota
1972 2937 2231 3021 quidem
2285 2940 2417 3003 ulla
2470 2946 2705 3025 pacatus
2746 2947 2806 2990 an

742 3084 758 3116 Ἰ
822 3031 1013 3094 hostis
1061 3031 1141 3094 sit
1185 3020 1459 3095 discerni
1500 3052 1576 3095 ac
1620 3030 1889 3095 iudicari
1933 3044 2160 3117 potest.
2250 3044 2346 3097 est
2382 3044 2588 3098 autem
2619 3019 2809 3092 mariti·

822 3124 938 3187 ιιιῐιι
971 3124 1239 3188 urbibus
1275 3125 1467 3190 etiam
1502 3124 1821 3208 quaedam
1857 3127 2214 3211 corruptela
2249 3149 2324 3192 ac
2359 3122 2683 3192 demutatio
2705 3135 2807 3181 mo·

822 3240 984 3280 mm:
1022 3217 1451 3284 admiscentur
1477 3219 1648 3284 enim
1679 3219 1862 3284 novis
1889 3219 2288 3285 sermonibus
2317 3243 2393 3285 ac
2420 3213 2732 3329 disciplinis
2759 3216 2804 3271 et

821 3316 1217 3400 inportantur
1239 3334 1370 3378 non
1405 3335 1650 3379 merces
1677 3314 1887 3378 solum
1914 3313 2332 3390 adventiciae,
2370 3317 2485 3381 sed
2510 3315 2682 3380 etiam
2703 3322 2804 3369 mo·

822 3436 874 3492 [
894 3406 1063 3498 1168]
1086 3429 1207 3483 res,
1236 3418 1307 3472 ut
1324 3407 1482 3472 nihil
1511 3408 1714 3492 possit
1741 3408 2047 3493 inpatriis
2074 3409 2376 3474 institutis
2403 3429 2644 3475 manere
2668 3398 2803 3481 ἱΒΙΐθ·

814 3526 1021 3584 frum.
1091 3502 1220 3566 iam
1265 3503 1376 3586 qui
1419 3503 1706 3567 incolunt
1748 3525 1858 3567 eas
1904 3503 2112 3580 urbis,
2159 3525 2288 3567 non
2333 3500 2636 3570 haerent
2619 3522 2677 3563 ιιι
2703 3509 2800 3556 ⁸1¹18

818 3580 1101 3672 wadibus,
1150 3596 1265 3660 sed
1300 3595 1543 3661 volucri
1578 3619 1834 3706 semper
1867 3619 1981 3682 spe
2017 3607 2082 3662 et
2116 3597 2498 3683 cogitatione
2532 3592 2801 3680 rapiuntur

818 3718 854 3752 ει
890 3692 1078 3754 domo
1111 3689 1386 3776 longius,
1426 3701 1616 3774 atque
1655 3691 1846 3756 etiam
1873 3713 2019 3756 cum
2047 3703 2308 3757 manent
2335 3713 2610 3778 corpore,
2641 3681 2803 3750 animo

818 3808 1027 3851 ιιιιιιειι
1079 3786 1372 3851 exsulant
1416 3795 1478 3850 et
1528 3796 1868 3872 vagantur.
1954 3807 2076 3850 nec
2126 3808 2279 3851 vero
2331 3788 2464 3853 ulla
2511 3807 2604 3852 res
2642 3790 2802 3857 magffi

818 3884 850 3940 I·
842 3879 1261 3944 tbefactatam
1295 3880 1405 3943 diu
1443 3891 1507 3944 et
1540 3878 2010 3966 Karthaginem
2047 3891 2111 3946 et
2147 3877 2526 3947 Corinthum
2557 3863 2803 3965 perv-erut

818 3972 1155 4052 aliquando
1208 3995 1401 4056 quam
1454 3972 1558 4038 hic
1610 3995 1788 4037 error
1841 3995 1916 4038 ac
1971 3973 2300 4060 dissipatio
2364 3975 2616 4047 civium,
2669 3954 2802 4048 quod

818 4071 910 4148 [Ρ
946 4065 1125 4152 227.]
1172 4067 1497 4131 mercandi
1541 4067 1887 4152 cupiditate
1933 4078 1998 4131 et
2043 4067 2406 4154 navilgandi
2452 4080 2516 4134 et
2554 4072 2802 4150 agrorum

1296 4295 1525 4375 fx

1277 4418 1317 4527 ‘x
