3292 4559
995 782 1092 847 M.
1131 729 1462 847 mm
1497 780 1999 849 CICERONIS

1211 890 1342 956 DE
1391 888 1797 959 ormens

862 1010 1023 1075 AD
1093 1008 1626 1075 MARCUM
1695 1010 2155 1076 FILIUM

1254 1150 1484 1212 LIBRI
1528 1152 1760 1213 TRES.

1137 1404 1229 1459 LI
1245 1406 1295 1460 B
1314 1406 1362 1459 E
1379 1406 1434 1460 R
1483 1406 1642 1461 PRI
1660 1406 1720 1461 M
1738 1407 1795 1465 U
1813 1406 1852 1463 S

1215 1507 1792 1567 ARGUMENTUM.

585 1630 662 1685 Μ.
692 1630 910 1684 Tullius
946 1629 1028 1683 rei
1061 1628 1323 1699 publicae
1352 1629 1614 1684 libertate
1640 1629 1868 1685 sublata
1892 1645 2017 1683 cum
2044 1630 2118 1683 ad
2143 1626 2535 1697 philosophiae

486 1706 726 1759 studium
755 1722 813 1760 se
839 1706 1148 1761 rettulisset
1172 1705 1488 1775 multosque
1517 1706 1636 1760 eius
1664 1706 1817 1759 locos
1844 1706 2093 1776 insignes
2121 1704 2313 1758 latinis
2332 1702 2533 1757 litteris

485 1782 832 1849 illustrasset,
851 1786 965 1835 tres
983 1782 1020 1833 d
1032 1798 1062 1835 e
1092 1780 1360 1834 officiis
1379 1780 1552 1834 libros
1573 1782 1645 1835 ad
1664 1780 1841 1834 filium
1856 1788 1977 1835 tum
1993 1786 2305 1849 temporum
2321 1779 2533 1832 littera-

485 1874 607 1911 rum
633 1874 806 1911 causa
823 1858 1062 1912 Athenis
1091 1858 1394 1928 degentem
1423 1858 1647 1927 scripsit
1674 1862 1909 1913 exeunte
1936 1874 2084 1911 anno
2110 1874 2165 1910 ιι.
2186 1874 2234 1910 c.
2256 1856 2371 1909 ⁷10.
2394 1852 2531 1925 (oie.

487 1936 560 1991 ad
576 1935 827 1991 Atticum
842 1935 1004 2003 XVI,
1027 1936 1111 2003 11,
1131 1934 1207 2004 4.)
1277 1934 1502 2003 Atque
1486 1952 1545 1989 ιιι
1561 1936 1670 1989 hoe
1687 1935 1867 2004 primo
1882 1934 2025 1988 libro
2044 1933 2353 2003 praemissa
2368 1930 2539 1985 officii

487 2018 544 2067 et
579 2010 902 2069 definitione
938 2018 996 2067 et
1033 2011 1300 2065 divisione
1339 2010 1560 2065 consilii
1597 2010 1857 2081 capiendi
1890 2011 2164 2092 rationem
2198 2010 2257 2063 in
2292 2009 2537 2079 quinque

485 2094 674 2159 partes
693 2088 974 2142 distribuit
993 2105 1059 2142 ac
1075 2088 1314 2158 primum
1335 2088 1404 2142 de
1422 2088 1659 2143 honesto
1679 2094 1737 2143 et
1752 2089 1969 2143 duobus
1985 2086 2281 2158 propositis
2289 2083 2537 2140 honestis

487 2170 673 2218 utrum
706 2164 991 2219 honestius
1028 2165 1124 2234 sit,
1165 2164 1368 2219 deinde
1401 2164 1470 2219 de
1498 2164 1624 2218 utili
1655 2170 1712 2220 et
1740 2165 1955 2220 duobus
1981 2162 2279 2235 propositis
2306 2161 2539 2216 utilibus

487 2246 672 2295 utrum
705 2241 896 2297 utilius
930 2242 1028 2309 sit,
1067 2241 1306 2309 denique
1343 2241 1414 2295 de
1449 2240 1671 2296 honesti
1706 2247 1765 2297 et
1786 2242 1939 2296 utilis
1968 2256 2111 2311 quae
2135 2238 2391 2295 videatur
2415 2254 2538 2293 esse

489 2318 844 2373 contentione
872 2318 1256 2373 disserendum
1287 2334 1408 2372 esse
1437 2318 1574 2372 dicit
1599 2320 1671 2391 (c.
1692 2318 1767 2391 3).
1840 2318 1986 2373 Tum
2004 2319 2239 2373 formam
2257 2315 2539 2386 quandam

487 2395 709 2451 honesti
737 2396 960 2451 exhibet
987 2412 1021 2449 a
1049 2400 1256 2451 natura
1279 2396 1526 2451 humana
1553 2396 1780 2452 ductam
1806 2396 2034 2469 eiusque
2062 2400 2325 2466 quattuor
2348 2398 2541 2463 partes

487 2472 652 2539 facit,
699 2471 1060 2547 sapientiam,
1106 2470 1403 2541 iustitiam,
1451 2474 1882 2543 temperantiam
1930 2478 1989 2529 et
2020 2471 2406 2527 fortitudinem
2440 2486 2542 2526 seu

489 2512 932 2621 magnitudinem
953 2549 1142 2617 animi,
1157 2566 1224 2603 ex
1243 2550 1444 2619 quibus
1463 2550 1699 2623 singulis
1719 2556 1873 2605 certa
1891 2550 2167 2620 quaedam
2186 2546 2369 2602 officia
2384 2548 2539 2601 nasci

491 2628 656 2681 docet
689 2626 763 2697 (c.
799 2627 873 2698 4).
944 2628 1032 2680 Ac
1080 2627 1150 2680 de
1186 2625 1274 2679 his
1309 2631 1572 2696 quattuor
1605 2628 1862 2698 partibus
1900 2632 2162 2681 accurate
2200 2625 2450 2695 disputat
2484 2629 2544 2677 et

491 2704 768 2772 quomodo
797 2703 904 2757 ab
887 2703 955 2755 iis
975 2702 1168 2757 officia
1183 2704 1460 2757 ducantur
1479 2704 1725 2759 ostendit
1743 2704 1815 2775 (c.
1835 2702 2044 2774 5—42).
2116 2700 2265 2756 Huic
2292 2699 2539 2770 disputa-

489 2780 629 2833 tioni
647 2778 852 2832 subicit
867 2779 1228 2833 honestorum
1243 2779 1390 2835 inter
1409 2796 1468 2834 se
1487 2779 1961 2852 comparationem
1986 2780 2061 2851 (c.
2078 2778 2147 2833 43
2158 2777 2344 2849 -45).

623 3058 1034 3143 Quamquam
1087 3071 1178 3138 te,
1242 3062 1468 3128 Marce
1521 3064 1610 3127 fili
1623 3112 1641 3141 ,
1708 3086 1947 3129 annum
1998 3064 2127 3129 iam
2182 3064 2543 3128 audientem
2580 3064 2611 3115 1

496 3154 880 3263 Cratippum
931 3153 1126 3237 idque
1183 3156 1457 3238 Athenis
1511 3158 1840 3225 abundare
1893 3168 2141 3244 oportet
2192 3136 2604 3243 praeceptis²

493 3248 927 3331 institutisque
979 3234 1424 3334 philosophiae
1475 3263 1737 3337 propter
1790 3274 2105 3317 summam
2156 3263 2221 3315 et
2274 3250 2549 3315 doctoris

497 3341 937 3405 auctoritatem
993 3354 1056 3405 et
1107 3343 1304 3419 urbis,
1359 3366 1630 3427 quorum
1684 3347 1845 3409 alter
1897 3355 1960 3409 te
2006 3344 2270 3409 scientia
2314 3364 2549 3427 augere

495 3446 737 3520 potest,
783 3436 984 3499 altera
1025 3435 1363 3525 exempliS‚
1411 3450 1653 3516 tamen,
1708 3452 1781 3503 ut
1822 3440 1961 3524 ipse
2006 3438 2090 3502 ad
2128 3458 2339 3501 meam
2380 3437 2552 3500 utili-

498 3542 698 3595 tatem
743 3552 993 3615 semper
1041 3552 1188 3596 cum
1225 3530 1494 3597 Graecis
1531 3532 1771 3597 Latina
1806 3532 2109 3595 coniunxi
2141 3551 2349 3612 neque
2384 3528 2453 3591 id
2484 3529 2553 3592 in

497 3625 901 3711 philosophia
963 3628 1197 3705 solum,
1259 3629 1374 3693 sed
1433 3628 1626 3693 etiam
1678 3628 1745 3691 in
1799 3627 2053 3691 dicendi
2106 3622 2555 3691 exercitatione

499 3721 648 3797 feci,
681 3720 854 3785 idem
887 3720 1004 3785 tibi
1039 3744 1268 3788 censeo
1304 3722 1703 3798 faciendum,
1739 3732 1811 3786 ut
1846 3744 1964 3807 par
2000 3720 2087 3785 sis
2120 3719 2189 3782 in
2222 3716 2552 3797 utriusque

502 3814 805 3879 orationis
850 3816 1181 3883 facultate.
1237 3838 1433 3901 quam
1479 3818 1739 3901 quidem
1782 3817 1866 3881 ad
1906 3838 2045 3881 rem
2080 3836 2196 3879 nos
2208 3860 2228 3891 ,
2272 3822 2345 3877 ut
2378 3811 2555 3874 vide-

501 3930 680 3983 mur,
721 3930 1026 4001 magnum
1074 3912 1396 3976 attulimus
1433 3912 1870 3977 adiumentum
1902 3908 2268 3973 hominibus
2304 3904 2555 3979 nostris3

503 4015 580 4070 ut
633 4026 762 4067 non
813 4005 1002 4069 modo
1059 4003 1454 4072 Graecarum
1506 4006 1859 4071 litterarum
1911 4004 2133 4080 rudes,
2198 4000 2312 4065 sed
2366 3995 2557 4065 etiam

615 4105 862 4147 Ciceronivs
862 4106 929 4147 ml.
951 4105 1056 4149 VIII.
2086 4152 2093 4161 ,
2197 4102 2230 4155 1
