3292 4559
717 218 723 228 x
761 194 845 259 14
1371 202 1448 258 M.
1487 203 1762 262 TULLII
1796 185 2201 261 crcERoMs

671 827 715 863 *11

667 3087 719 3127 43

671 3927 715 3963 εΗ

760 330 932 396 dum.
1004 329 1356 393 maximum
1391 338 1606 393 autem
1645 328 2009 412 exemplum
2038 339 2135 392 est
2160 327 2441 393 iustitiae
2468 326 2537 393 in
2567 330 2822 397 hostem

759 448 799 488 a
840 424 1186 488 maioribus
1229 424 1462 488 nostris
1501 422 1946 499 constitutum,
1994 444 2143 486 cum
2178 445 2217 487 a
2249 422 2503 507 Pyrrho
2540 425 2824 511 perfuga

759 518 1007 584 senatui
1052 530 1147 583 est
1189 518 1540 602 pollicitus,
1590 539 1660 581 se
1704 538 2021 581 venenum
2057 516 2195 601 regi
2232 517 2530 581 daturum
2566 530 2633 583 et
2670 541 2825 583 eum

757 624 1160 680 necaturum:
1217 622 1472 675 senatus
1527 622 1592 675 et
1650 608 1727 674 C.
1781 609 2117 675 Fabricius
2171 611 2510 696 perfugam
2563 612 2824 697 Pyrrho

763 707 1018 771 dedi-dit.
1090 706 1182 770 ita
1214 728 1296 770 ne
1334 705 1531 769 hostis
1568 704 1827 787 quidem
1864 715 1929 768 et
1962 705 2237 790 potentis
2274 714 2338 770 et
2372 706 2615 770 bellum
2650 708 2822 771 ultro

763 800 1084 867 inferentis
1121 799 1446 864 interitum
1484 820 1632 863 cum
1668 799 1906 863 scelere
1942 796 2373 884 adprobavit]
2454 822 2531 864 ac
2570 800 2652 866 de
2682 800 2822 865 bel-

759 899 895 959 lis->is
965 894 1225 978 quidem
1294 892 1522 957 officiis
1596 893 1748 956 satis
1822 890 2061 956 dictum
2135 903 2248 957 est.
2336 893 2820 959 meminerimus

763 1003 972 1055 autem
1018 989 1207 1053 etiam
1254 989 1560 1052 adversus
1595 986 1848 1051 infimos
1883 986 2192 1051 iustitiam
2227 1009 2365 1052 esse
2402 988 2819 1065 servandam3

763 1099 851 1147 ψῃ
903 1093 1112 1147 autem
1157 1082 1376 1146 infima
1419 1080 1710 1145 condicio
1755 1090 1819 1145 et
1862 1080 2119 1145 fortuna
2172 1102 2529 1158 servorum,
2579 1082 2820 1166 quibus

763 1203 887 1239 nm]
931 1177 1097 1240 male
1142 1174 1543 1260 praecipiunt
1579 1174 1693 1257 qui
1726 1174 1817 1238 ita
1850 1174 2075 1239 iubent
2108 1175 2202 1238 uti
2238 1184 2310 1238 ut
2342 1177 2820 1252 mercennariis,

763 1293 1018 1351 saper-am
1056 1268 1457 1355 exigendam,
1494 1270 1663 1333 iusta
1690 1269 2075 1354 praebenda.
2138 1292 2285 1334 cum
2317 1281 2529 1336 autem
2556 1272 2822 1336 duobus

763 1367 994 1439 nuidis,
1038 1364 1107 1427 id
1143 1374 1241 1428 est
1275 1374 1386 1427 aut
1419 1364 1486 1427 vi
1519 1375 1632 1428 aut
1665 1364 1923 1441 fraude,
1968 1364 2081 1428 fiat
2114 1364 2372 1440 iniuria,
2416 1364 2591 1429 fraus
2625 1368 2823 1449 quasi

763 1458 1150 1543 vulpeculae,
1187 1457 1282 1523 vis
1318 1457 1518 1522 leonis
1555 1458 1836 1525 videtur:
1892 1469 2235 1543 utrumque
2270 1459 2525 1524 homine
2561 1460 2820 1525 alienis-

760 1555 1018 1626 simum,
1082 1553 1195 1618 sed
1264 1552 1440 1616 fraus
1511 1552 1658 1616 odio
1730 1550 1927 1637 digna
1995 1552 2253 1618 maiore.
2343 1553 2535 1617 tot-ius
2601 1566 2819 1621 autem

761 1646 1100 1711 iniustitiae
1152 1646 1329 1710 nulla
1373 1646 1705 1731 capitalior
1747 1667 1943 1731 quam
1990 1669 2238 1724 eorum,
2292 1647 2405 1730 qui
2446 1660 2614 1724 tum,
2670 1670 2819 1713 cum

763 1743 1035 1807 maz-rime
1087 1742 1344 1818 fallunt,
1396 1741 1464 1805 id
1508 1751 1739 1827 agunt,
1793 1750 1865 1805 ut
1912 1740 2031 1806 viri
2076 1741 2227 1805 boni
2272 1762 2409 1806 esse
2456 1741 2818 1807 videantur.

763 1839 835 1899 111.-
875 1835 1114 1900 iustitia
1149 1836 1300 1900 satis
1338 1835 1600 1899 dictum.

887 1930 1242 2015 Deinceps,
1291 1943 1364 1993 ut
1403 1941 1539 1994 erat
1572 1928 2001 2015 propositum,
2048 1928 2127 1993 de
2164 1929 2587 1995 beneficentia
2624 1952 2699 1995 ac
2738 1930 2817 1995 de

759 2024 1132 2090 lil,.÷sralitate
1168 2025 1434 2101 dicatur,
1470 2046 1600 2107 qua
1635 2024 1896 2107 quidem
1930 2022 2087 2090 nihil
2116 2036 2212 2089 est
2240 2036 2507 2088 naturae
2536 2023 2815 2088 hominis

759 2119 1324 2196 &commodatiuffi
1373 2118 1487 2185 sed
1532 2118 1729 2183 habet
1774 2118 2006 2182 multas
2056 2118 2408 2182 cautiones:
2463 2117 2816 2182 videndum

759 2227 848 2275 est
891 2213 1059 2278 enim
1092 2212 1390 2297 primum,
1426 2236 1508 2277 ne
1544 2212 1713 2276 obsit
1746 2211 2105 2297 benignitas
2142 2223 2206 2277 et
2238 2212 2317 2277 iis
2352 2211 2536 2297 ipsis,
2573 2212 2814 2295 quibus

763 2307 1034 2391 henigne
1095 2305 1414 2371 videbitur
1472 2306 1642 2383 fieri,
1707 2317 1772 2371 et
1825 2307 2081 2384 ceteris,
2148 2306 2403 2383 deinde,
2468 2328 2551 2370 ne
2614 2308 2816 2371 maior

763 2399 1116 2483 benignitas
1170 2399 1252 2463 sit
1305 2421 1500 2483 quam
1551 2398 1923 2477 facultates,
1979 2413 2146 2477 tum,
2211 2412 2283 2464 ut
2332 2422 2449 2485 pro
2502 2400 2813 2485 dignitate

759 2495 989 2575 suique
1025 2491 1367 2569 tribuatur;
1421 2493 1490 2558 id
1524 2493 1697 2559 enim
1732 2504 1828 2561 est
1861 2494 2138 2559 iustitiae
2174 2494 2695 2571 fundamentum,
2734 2494 2816 2559 ad

759 2609 952 2667 quam
1007 2587 1167 2651 haec
1209 2586 1546 2652 referenda
1591 2599 1743 2652 sunt
1788 2588 2020 2652 omnia.
2109 2612 2262 2652 nam
2305 2599 2369 2653 et
2416 2588 2527 2670 qui
2569 2589 2815 2673 gratifi-

759 2670 984 2745 ffimtur
1016 2681 1295 2767 cuipiam
1329 2683 1503 2764 quod
1538 2682 1706 2747 obsit
1738 2682 1851 2759 illi,
1889 2682 1994 2749 cui
2028 2683 2330 2768 prodesse
2359 2683 2519 2746 velle
2550 2682 2816 2749 videan-

759 2791 879 2851 tur,
915 2798 1042 2842 non
1077 2776 1346 2841 benefici
1379 2799 1589 2861 neque
1623 2776 1948 2854 liberales,
1996 2777 2112 2843 sed
2144 2777 2481 2862 perniciosi
2516 2776 2818 2842 adsenta-

759 2887 927 2935 tores
987 2872 1312 2937 iudicandi
1375 2884 1552 2949 sunt,
1618 2882 1684 2938 et
1737 2872 1849 2955 qui
1900 2872 2038 2937 aliis
2090 2884 2349 2949 nocent,
2412 2882 2485 2936 ut
2533 2872 2602 2935 in
2657 2872 2812 2936 alios

759 2966 1048 3031 liberales
1085 2966 1231 3042 sint,
1267 2966 1336 3031 in
1371 2967 1596 3033 eadem
1631 2977 1783 3031 sunt
1816 2966 2143 3043 iniustitia,
2180 2978 2252 3031 ut
2286 2968 2340 3031 si
2371 2968 2652 3031 in‘suam
2678 2986 2811 3031 rem

759 3059 963 3123 alisna
1015 3071 1407 3126 convertant.
1495 3072 1645 3125 sunt
1689 3072 1903 3126 autem
1947 3062 2133 3125 multi
2180 3072 2241 3126 et
2288 3060 2548 3143 quidem
2594 3059 2811 3146 cupidi

759 3152 1106 3235 splendoris
1143 3165 1205 3219 et
1240 3154 1501 3239 gloriae,
1538 3155 1651 3237 qui
1688 3154 1963 3239 eripiunt
1998 3156 2137 3220 aliis
2166 3155 2340 3237 quod
2367 3153 2506 3219 aliis
2533 3154 2811 3239 largian-

759 3259 887 3319 tur,
932 3245 1106 3330 iique
1150 3247 1539 3312 arbitrantur
1573 3272 1643 3314 se
1679 3247 1999 3313 beneficos
2038 3249 2105 3312 in
2141 3270 2290 3313 suos
2326 3248 2564 3313 amicos
2600 3249 2809 3313 visum

756 3343 851 3415 iri,
893 3342 946 3407 si
977 3343 1371 3431 locupletent
1407 3365 1514 3409 eos
1551 3365 1957 3428 quacumque
1991 3345 2268 3410 ratione:
2315 3343 2382 3407 id
2418 3353 2634 3407 autem
2671 3354 2807 3407 tan-

759 3451 895 3499 tum
937 3436 1120 3502 abest
1163 3438 1246 3502 ab
1293 3437 1534 3514 officiO,
1583 3448 1657 3502 ut
1698 3438 1858 3503 nihil
1901 3437 2107 3523 magis
2152 3437 2365 3502 officio
2418 3437 2618 3522 possit
2666 3457 2802 3500 esse

759 3531 1160 3596 salutarium.
1249 3532 1598 3598 videndum
1634 3541 1731 3596 est
1764 3532 1990 3617 igitur,
2036 3542 2117 3596 ut·
2143 3554 2220 3597 ea
2254 3532 2627 3597 liberalitate
2661 3539 2805 3593 uta·
2913 3535 2916 3537 ’
2959 3524 2965 3533 “

759 3647 927 3699 mur,
988 3647 1153 3708 quae
1213 3627 1413 3711 prosit
1473 3626 1726 3703 amicis,
1786 3637 2015 3691 noceat
2073 3626 2332 3691 nemini.
2422 3648 2553 3709 qua
2603 3647 2670 3689 re
2719 3621 2804 3687 L.

759 3719 1005 3795 Sullae,
1045 3717 1123 3783 C.
1163 3717 1460 3785 Caesaris
1496 3720 1911 3805 pecuniarum
1949 3719 2276 3784 translatio
2313 3742 2352 3783 a
2385 3719 2570 3783 iustis
2608 3718 2808 3783 domi-

755 3815 851 3875 nis
899 3813 981 3877 ad
1025 3814 1264 3878 alienos
1311 3837 1441 3879 non
1476 3814 1668 3879 debet
1701 3813 1978 3880 liberalis
2016 3814 2251 3891 videri3
2314 3813 2471 3878 nihil
2507 3824 2604 3878 est
2639 3813 2806 3877 enim

759 3907 1034 3983 libarale,
1071 3908 1245 3989 quod
1287 3930 1418 3972 non
1451 3908 1621 3972 idem
1657 3908 1914 3972 iustum.
1988 3907 2147 3973 alter
2181 3908 2359 3973 locus
2396 3920 2529 3971 erat
2568 3906 2809 3969 cautio-

759 3999 871 4072 nis,
911 4023 990 4065 ne
1025 4000 1386 4086 benignitas
1419 4003 1624 4085 maior
1660 4013 1825 4067 esset
1861 4022 2056 4086 quam
2092 4001 2449 4077 facultates,
2487 4000 2663 4084 quod
2693 3997 2812 4082 qui
