3292 4559
933 336 1040 390 DE
1073 333 1400 392 DEORUM
1433 335 1758 392 NATURA
1792 335 1897 390 111.
1934 336 2136 390 6—11.
2480 326 2566 390 95

520 467 763 534 autem,
799 456 910 540 qui
942 455 1010 527 id
1047 456 1320 543 quaeris,
1355 457 1642 522 similiter
1676 457 1835 522 facis
1871 479 1947 524 ac
1982 458 2040 524 si
2072 481 2178 524 me·
2209 480 2417 546 roges,
2454 483 2568 526 cur

521 563 586 617 te
621 552 868 617 duobus
913 565 1230 617 contuear·
1251 553 1452 617 oculis
1499 564 1564 618 et
1595 574 1729 617 non
1764 554 1961 617 altero
2006 553 2364 633 coniveam,
2418 577 2566 622 cum

519 647 689 713 idem
740 670 868 713 uno
922 647 1188 730 adsequi
1246 647 1525 733 possim?
1632 657 1771 711 tum
1826 645 2019 713 Cotta
2082 655 2307 732 ‘quam
2364 649 2567 716 simile
2600 658 2635 710 4
2687 641 2693 648 “

518 740 691 806 istud
725 740 855 818 sit,’
909 741 1116 824 inquit
1167 747 1270 804 ‘tu
1315 740 1578 805 videris.
1629 763 1785 804 nam
1819 763 1940 825 ego
1983 762 2194 825 neque
2235 742 2305 807 in
2336 742 2567 820 causis,

522 836 577 899 si
612 834 768 919 quid
803 845 901 900 est
933 833 1214 910 evidens,
1251 835 1332 898 de
1367 855 1496 917 quo
1529 834 1697 900 inter
1730 834 1935 900 omnis
1970 836 2338 913 conveniat,
2374 857 2568 922 argu·-

519 929 790 995 mentari
832 930 1033 1004 sole03
1086 928 1504 1014 perspicuitas
1549 928 1719 994 enim
1762 929 2311 1013 argumentatione
2355 930 2569 996 eleva-

519 1035 652 1099 tur3
695 1044 845 1099 nec,
891 1022 947 1086 si
977 1022 1047 1086 id
1079 1022 1358 1086 facerem
1399 1021 1468 1086 in
1505 1022 1711 1087 causis
1747 1021 2137 1100 forensibus,
2179 1021 2352 1088 idem
2394 1023 2567 1088 face·

519 1138 658 1182 rem
710 1117 778 1181 in
832 1114 952 1180 hac
1005 1114 1353 1180 subtilitate
1405 1117 1732 1180 sermonis.
1822 1137 1938 1180 cur
1981 1115 2306 1182 coniveres
2350 1127 2566 1182 autem

520 1210 718 1274 altero
765 1209 978 1286 oculo,
1032 1229 1226 1274 causa
1266 1229 1396 1274 non
1442 1220 1636 1288 esset,
1690 1231 1838 1275 cum
1879 1208 2053 1275 idem
2095 1209 2355 1276 obtutus
2400 1220 2569 1276 esset

521 1302 854 1368 amborum
889 1313 952 1368 et
989 1323 1134 1368 cum
1168 1324 1381 1368 rerum
1413 1315 1670 1380 natura,
1706 1324 1900 1387 quam
1936 1313 2007 1368 tu
2041 1303 2392 1390 sapientem
2426 1326 2565 1370 esse

519 1397 636 1475 vis,
672 1397 802 1462 duo
826 1397 1068 1463 lumina
1094 1398 1177 1463 ab
1213 1398 1424 1463 animo
1452 1397 1536 1462 ad
1562 1399 1781 1463 oculos
1823 1397 2145 1484 perforata
2179 1419 2295 1462 nos
2327 1397 2567 1464 habere

519 1492 841 1558 voluisset.
930 1492 1044 1556 sed
1087 1491 1240 1576 quia
1278 1513 1410 1556 non
1457 1491 1819 1556 confidebas
1864 1501 1999 1556 tam
2032 1514 2170 1557 esse
2212 1491 2282 1556 id
2324 1492 2568 1577 perspi·-

521 1605 732 1662 cuum,
769 1607 964 1669 quam
999 1602 1072 1649 tu
1106 1585 1330 1661 velles,
1367 1598 1707 1672 propterea
1736 1585 1953 1650 multis
1988 1587 2377 1672 argumentis
2412 1584 2569 1650 deos

521 1699 660 1744 esse
696 1679 923 1744 docere
960 1677 1244 1744 voluisti:
1289 1678 1446 1743 mihi
1481 1679 1651 1744 enim
1686 1701 1891 1743 unum
1925 1690 2027 1744 sat
2060 1690 2224 1757 erat,
2258 1679 2349 1744 ita
2381 1678 2566 1745 nobis

521 1773 790 1837 maiores
825 1781 1072 1837 nostros
1107 1772 1440 1836 tradidisse
1452 1796 1470 1848 3
1506 1771 1622 1836 sed
1656 1782 1729 1835 tu
1754 1771 2158 1837 auctoritates
2194 1773 2565 1849 contemnis,

517 1864 764 1928 ratione
806 1885 1087 1950 pugnas:
1139 1875 1359 1948 patere
1412 1864 1608 1948 igitur
1647 1863 1959 1928 rationem
1998 1886 2211 1929 meam
2262 1887 2411 1929 cum
2454 1877 2567 1930 tua
2593 1889 2642 1928 10

519 1955 764 2020 ratione
807 1955 1206 2021 contendere.
1294 1956 1506 2019 adfers
1541 1956 1702 2020 haec
1736 1955 1951 2020 omnia
1992 1966 2397 2038 argumenta,
2452 1979 2567 2022 cur

522 2049 586 2114 di
622 2049 748 2114 sint
761 2095 780 2124 ,
813 2069 1076 2138 remque
1111 2069 1255 2112 mea
1289 2047 1600 2112 sententia
1632 2047 1893 2112 minime
1928 2047 2191 2112 dubiam
2224 2071 2537 2135 argumeu

521 2141 714 2207 tando
751 2141 1011 2206 dubiam
1043 2141 1225 2206 facis.
1278 2140 1580 2206 mandavi
1613 2140 1783 2206 enim
1816 2141 2159 2207 memoriae
2183 2162 2314 2206 non
2338 2165 2565 2208 nume·-

519 2257 664 2301 rum
711 2237 945 2311 solum,
997 2235 1111 2301 sed
1155 2235 1346 2299 etiam
1392 2234 1680 2300 ordinem
1726 2247 2245 2320 argumentorum
2288 2246 2563 2302 tuorum.

518 2331 795 2415 primum
829 2330 980 2405 fuit,
1026 2351 1174 2394 cum
1210 2329 1458 2393 caelum
1492 2329 2029 2414 suspexissemus,
2066 2329 2281 2394 statim
2315 2351 2432 2395 nos
2466 2330 2565 2394 in-

519 2424 818 2508 tellegere
853 2445 993 2488 esse
1021 2422 1280 2507 aliquod
1311 2443 1569 2500 numen,
1607 2442 1736 2507 quo
1770 2420 1930 2488 haec
1954 2433 2288 2508 regantur3
2324 2445 2406 2489 ex
2440 2423 2564 2490 hoc

517 2517 676 2582 illud
712 2517 903 2582 etiam

693 2653 906 2740 aspice
940 2651 1062 2718 hoc
1099 2652 1411 2719 sublimen
1448 2653 1748 2730 candens,
1785 2675 1977 2737 quem
2011 2651 2310 2717 invocant
2344 2675 2562 2718 omnes

1455 2745 1708 2812 Iovem:

519 2887 706 2970 quasi
744 2907 900 2952 >vero
943 2888 1280 2972 quisquam
1313 2895 1598 2954 nostrum
1643 2890 1839 2954 istum
1884 2890 2097 2975 potius
2132 2911 2327 2973 quam
2362 2887 2562 2976 Capi-
2586 2914 2639 2954 ιι

519 2979 790 3044 tolinum
806 2980 1029 3045 Iovem
1054 2981 1330 3066 appellet
1361 2993 1472 3046 aut
1497 2982 1618 3047 hoc
1646 2983 2055 3068 perspicuum
2082 2984 2164 3048 sit
2193 2994 2562 3067 constetque

520 3073 692 3137 inter
721 3073 956 3164 omnis,
1009 3095 1118 3139 eos
1154 3096 1293 3139 esse
1327 3074 1510 3150 deos,
1566 3095 1725 3158 quos
1772 3076 1888 3140 tibi
1922 3077 2210 3143 Velleius
2254 3077 2562 3161 multique

516 3177 851 3253 praeterea
876 3190 958 3233 ne
983 3167 1318 3232 animantis
1347 3168 1604 3252 quidem
1633 3191 1774 3234 esse
1800 3170 2169 3236 concedant.
2342 3169 2563 3238 Grave

517 3261 715 3326 etiam
750 3271 1195 3347 argumentum
1228 3260 1348 3327 tibi
1381 3261 1737 3340 videbatur,
1772 3265 1947 3347 quod
1974 3263 2189 3349 opinio
2218 3265 2301 3330 de
2336 3265 2433 3330 dis
2466 3264 2564 3328 in-

522 3355 896 3420 mortalibus
937 3367 1004 3422 et
1037 3355 1322 3420 omnium
1357 3367 1522 3422 esset
1564 3367 1630 3422 et
1662 3356 1893 3422 cotidie
1938 3369 2269 3424 cresceret.
2354 3359 2564 3443 placet

515 3447 718 3534 igitur
751 3459 958 3513 tantas
993 3470 1096 3513 res
1131 3448 1427 3534 opinione
1461 3450 1799 3516 stultorum
1830 3450 2127 3528 iudicari,
2161 3450 2345 3516 vobis
2378 3470 2562 3535 prae-

519 3544 768 3620 sertim,
813 3544 924 3627 qui
957 3543 1097 3608 illos
1132 3543 1390 3608 insanos
1423 3566 1564 3610 esse
1599 3544 1861 3609 dicatis?
1905 3555 1973 3609 at
2007 3545 2177 3610 enim
2209 3541 2559 3631 praesentis
2595 3559 2633 3615 5

521 3637 813 3702 videmus
848 3636 1002 3702 deos
1015 3683 1034 3713 ,
1085 3647 1160 3700 ut
1194 3637 1366 3722 apud
1401 3637 1725 3722 Regillum
1756 3637 2155 3713 Postumius,
2208 3637 2279 3702 in
2314 3635 2563 3703 Salaria

523 3729 851 3808 Vatinius,
891 3729 1109 3796 nescio
1145 3730 1301 3814 quid
1333 3731 1526 3798 etiam
1569 3731 1653 3796 de
1684 3731 2043 3795 Locrorum
2078 3731 2252 3815 apud
2286 3726 2563 3815 Sagram

523 3822 783 3907 proelio.
883 3844 1044 3907 quos
1085 3822 1284 3909 igitur
1333 3835 1403 3888 tu
1447 3823 1852 3910 Tyndaridas
1900 3822 2293 3909 appellabas,
2344 3822 2414 3886 id
2464 3833 2563 3888 est

527 3915 812 3982 homines
846 3915 1104 4003 homine
1135 3930 1349 3995 natos,
1395 3927 1458 3984 et
1491 3939 1655 4002 quos
1690 3919 2040 3992 Homerus,
2076 3917 2189 3999 qui
2220 3937 2443 3982 recens
2476 3917 2559 3980 ab

524 4007 783 4074 illorum
811 4020 1016 4076 aetate
1049 4012 1194 4088 fuit,
1229 4001 1508 4097 sepultos
1543 4032 1685 4076 esse
1722 4009 1873 4073 dicit
1908 4008 2413 4087 Lacedaemone,
2448 4031 2559 4075 eos

521 4109 600 4163 tu
631 4103 968 4172 cantheriis
1011 4105 1200 4182 albis,
1235 4105 1422 4170 nullis
1460 4104 1817 4180 calonibus,
1866 4101 2123 4168 obviam
2156 4101 2416 4171 Vatinio
2450 4127 2563 4172 vc-
