<?xml version="1.0" encoding="UTF-8"?>
<!DOCTYPE html PUBLIC "-//W3C//DTD XHTML 1.0 Transitional//EN"
    "http://www.w3.org/TR/xhtml1/DTD/xhtml1-transitional.dtd">
<html xmlns="http://www.w3.org/1999/xhtml" xml:lang="en" lang="en">
 <head>
  <title>
</title>
<meta http-equiv="Content-Type" content="text/html;charset=utf-8" />
  <meta name='ocr-system' content='tesseract 3.04.00' />
  <meta name='ocr-capabilities' content='ocr_page ocr_carea ocr_par ocr_line ocrx_word'/>
</head>
<body>
  <div class='ocr_page' id='page_1' title='image "./mtulliiciceroni03unkngoog_0642.png"; bbox 0 0 3292 4559; ppageno 0'>
   <div class='ocr_carea' id='block_1_1' title="bbox 779 236 2210 306">
    <p class='ocr_par' dir='ltr' id='par_1_1' title="bbox 779 236 2210 306">
     <span class='ocr_line' id='line_1_1' title="bbox 779 236 2210 306; baseline -0.001 -1"><span class='ocrx_word' id='word_1_1' title='bbox 779 236 909 306; x_wconf 83' lang='grc'>284</span> <span class='ocrx_word' id='word_1_2' title='bbox 1384 248 1461 303; x_wconf 80' lang='lat' dir='ltr'>M.</span> <span class='ocrx_word' id='word_1_3' title='bbox 1500 246 1774 305; x_wconf 78' lang='lat' dir='ltr'>TULLII</span> <span class='ocrx_word' id='word_1_4' title='bbox 1809 243 2210 303; x_wconf 72' lang='lat' dir='ltr'>CICERONIS</span> 
     </span>
    </p>
   </div>
   <div class='ocr_carea' id='block_1_2' title="bbox 669 368 2840 4117">
    <p class='ocr_par' dir='ltr' id='par_1_2' title="bbox 669 368 2840 4117">
     <span class='ocr_line' id='line_1_2' title="bbox 684 368 2834 458; baseline -0.002 -21"><span class='ocrx_word' id='word_1_5' title='bbox 684 394 736 437; x_wconf 76' lang='lat' dir='ltr'>ss</span> <span class='ocrx_word' id='word_1_6' title='bbox 908 375 1048 439; x_wconf 87' lang='lat' dir='ltr'>Iam</span> <span class='ocrx_word' id='word_1_7' title='bbox 1084 371 1221 439; x_wconf 89' lang='lat' dir='ltr'>ludi</span> <span class='ocrx_word' id='word_1_8' title='bbox 1252 371 1497 458; x_wconf 81' lang='lat' dir='ltr'><strong>publici</strong></span> <span class='ocrx_word' id='word_1_9' title='bbox 1529 370 1834 454; x_wconf 85' lang='lat' dir='ltr'>quoniam</span> <span class='ocrx_word' id='word_1_10' title='bbox 1871 380 2020 434; x_wconf 86' lang='lat' dir='ltr'>sunt</span> <span class='ocrx_word' id='word_1_11' title='bbox 2055 390 2251 435; x_wconf 87' lang='lat' dir='ltr'>cavea</span> <span class='ocrx_word' id='word_1_12' title='bbox 2287 368 2584 453; x_wconf 89' lang='lat' dir='ltr'>circoque</span> <span class='ocrx_word' id='word_1_13' title='bbox 2621 368 2834 447; x_wconf 85' lang='lat' dir='ltr'>divisi,</span> 
     </span>
     <span class='ocr_line' id='line_1_3' title="bbox 778 462 2840 553; baseline -0.003 -20"><span class='ocrx_word' id='word_1_14' title='bbox 778 469 859 533; x_wconf 88' lang='lat' dir='ltr'>sit</span> <span class='ocrx_word' id='word_1_15' title='bbox 902 488 1243 553; x_wconf 90' lang='lat' dir='ltr'>corporum</span> <span class='ocrx_word' id='word_1_16' title='bbox 1288 464 1619 530; x_wconf 78' lang='lat' dir='ltr'>certationi</span> <span class='ocrx_word' id='word_1_17' title='bbox 1663 486 1856 529; x_wconf 85' lang='lat' dir='ltr'>cursu</span> <span class='ocrx_word' id='word_1_18' title='bbox 1901 475 1966 529; x_wconf 91' lang='lat' dir='ltr'>et</span> <span class='ocrx_word' id='word_1_19' title='bbox 2009 462 2423 550; x_wconf 85' lang='lat' dir='ltr'>pugillatione</span> <span class='ocrx_word' id='word_1_20' title='bbox 2469 462 2840 529; x_wconf 85' lang='lat' dir='ltr'>curriculis-</span> 
     </span>
     <span class='ocr_line' id='line_1_4' title="bbox 776 556 2838 646; baseline -0.002 -19"><span class='ocrx_word' id='word_1_21' title='bbox 776 584 900 646; x_wconf 90' lang='lat' dir='ltr'>que</span> <span class='ocrx_word' id='word_1_22' title='bbox 937 582 1248 645; x_wconf 90' lang='lat' dir='ltr'>equorum</span> <span class='ocrx_word' id='word_1_23' title='bbox 1282 579 1488 643; x_wconf 90' lang='lat' dir='ltr'>usque</span> <span class='ocrx_word' id='word_1_24' title='bbox 1524 559 1609 623; x_wconf 85' lang='lat' dir='ltr'>ad</span> <span class='ocrx_word' id='word_1_25' title='bbox 1642 569 1881 623; x_wconf 88' lang='lat' dir='ltr'>certam</span> <span class='ocrx_word' id='word_1_26' title='bbox 1917 556 2250 623; x_wconf 85' lang='lat' dir='ltr'>victoriam</span> <span class='ocrx_word' id='word_1_27' title='bbox 2285 557 2488 623; x_wconf 90' lang='lat' dir='ltr'>circus</span> <span class='ocrx_word' id='word_1_28' title='bbox 2523 557 2838 623; x_wconf 84' lang='lat' dir='ltr'>constitu-</span> 
     </span>
     <span class='ocr_line' id='line_1_5' title="bbox 776 650 2838 729; baseline -0.001 -10"><span class='ocrx_word' id='word_1_29' title='bbox 776 667 907 729; x_wconf 90' lang='lat' dir='ltr'>tus,</span> <span class='ocrx_word' id='word_1_30' title='bbox 955 676 1153 719; x_wconf 85' lang='lat' dir='ltr'>cavea</span> <span class='ocrx_word' id='word_1_31' title='bbox 1188 663 1381 717; x_wconf 88' lang='lat' dir='ltr'>cantu</span> <span class='ocrx_word' id='word_1_32' title='bbox 1414 673 1573 717; x_wconf 84' lang='lat' dir='ltr'>voce</span> <span class='ocrx_word' id='word_1_33' title='bbox 1609 674 1686 717; x_wconf 90' lang='lat' dir='ltr'>ac</span> <span class='ocrx_word' id='word_1_34' title='bbox 1719 652 1953 716; x_wconf 90' lang='lat' dir='ltr'>fidibus</span> <span class='ocrx_word' id='word_1_35' title='bbox 1989 662 2056 716; x_wconf 89' lang='lat' dir='ltr'>et</span> <span class='ocrx_word' id='word_1_36' title='bbox 2089 650 2290 729; x_wconf 91' lang='lat' dir='ltr'>tibiis,</span> <span class='ocrx_word' id='word_1_37' title='bbox 2335 651 2492 717; x_wconf 90' lang='lat' dir='ltr'>dum</span> <span class='ocrx_word' id='word_1_38' title='bbox 2526 650 2727 717; x_wconf 90' lang='lat' dir='ltr'>modo</span> <span class='ocrx_word' id='word_1_39' title='bbox 2764 674 2838 717; x_wconf 84' lang='lat' dir='ltr'>ea</span> 
     </span>
     <span class='ocr_line' id='line_1_6' title="bbox 776 744 2838 832; baseline -0.002 -18"><span class='ocrx_word' id='word_1_40' title='bbox 776 750 1104 815; x_wconf 90' lang='lat' dir='ltr'>moderata</span> <span class='ocrx_word' id='word_1_41' title='bbox 1166 749 1323 824; x_wconf 89' lang='lat' dir='ltr'>sint,</span> <span class='ocrx_word' id='word_1_42' title='bbox 1385 758 1458 811; x_wconf 93' lang='lat' dir='ltr'>ut</span> <span class='ocrx_word' id='word_1_43' title='bbox 1506 746 1652 831; x_wconf 87' lang='lat' dir='ltr'>lege</span> <span class='ocrx_word' id='word_1_44' title='bbox 1706 746 2179 832; x_wconf 80' lang='lat' dir='ltr'>praescribitur.</span> <span class='ocrx_word' id='word_1_45' title='bbox 2287 746 2613 811; x_wconf 87' lang='lat' dir='ltr'>adsentior</span> <span class='ocrx_word' id='word_1_46' title='bbox 2663 744 2838 810; x_wconf 91' lang='lat' dir='ltr'>enim</span> 
     </span>
     <span class='ocr_line' id='line_1_7' title="bbox 774 838 2836 924; baseline -0.003 -15"><span class='ocrx_word' id='word_1_47' title='bbox 774 843 1035 911; x_wconf 87' lang='lat' dir='ltr'>Platoni</span> <span class='ocrx_word' id='word_1_48' title='bbox 1078 842 1237 907; x_wconf 86' lang='lat' dir='ltr'>nihil</span> <span class='ocrx_word' id='word_1_49' title='bbox 1283 852 1415 907; x_wconf 87' lang='lat' dir='ltr'>tam</span> <span class='ocrx_word' id='word_1_50' title='bbox 1459 839 1648 907; x_wconf 87' lang='lat' dir='ltr'>facile</span> <span class='ocrx_word' id='word_1_51' title='bbox 1693 840 1761 905; x_wconf 90' lang='lat' dir='ltr'>in</span> <span class='ocrx_word' id='word_1_52' title='bbox 1807 840 2050 905; x_wconf 86' lang='lat' dir='ltr'>animos</span> <span class='ocrx_word' id='word_1_53' title='bbox 2097 850 2348 905; x_wconf 87' lang='lat' dir='ltr'>teneros</span> <span class='ocrx_word' id='word_1_54' title='bbox 2393 852 2589 924; x_wconf 85' lang='lat' dir='ltr'>atque</span> <span class='ocrx_word' id='word_1_55' title='bbox 2625 838 2836 904; x_wconf 89' lang='lat' dir='ltr'>mollis</span> 
     </span>
     <span class='ocr_line' id='line_1_8' title="bbox 777 933 2836 1023; baseline -0.004 -18"><span class='ocrx_word' id='word_1_56' title='bbox 777 940 1041 1005; x_wconf 86' lang='lat' dir='ltr'>influere</span> <span class='ocrx_word' id='word_1_57' title='bbox 1096 960 1293 1023; x_wconf 90' lang='lat' dir='ltr'>quam</span> <span class='ocrx_word' id='word_1_58' title='bbox 1342 936 1553 1002; x_wconf 87' lang='lat' dir='ltr'>varios</span> <span class='ocrx_word' id='word_1_59' title='bbox 1607 936 1878 1001; x_wconf 87' lang='lat' dir='ltr'>canendi</span> <span class='ocrx_word' id='word_1_60' title='bbox 1929 957 2150 1012; x_wconf 89' lang='lat' dir='ltr'>sonos,</span> <span class='ocrx_word' id='word_1_61' title='bbox 2217 956 2492 1019; x_wconf 91' lang='lat' dir='ltr'>quorum</span> <span class='ocrx_word' id='word_1_62' title='bbox 2546 934 2674 999; x_wconf 87' lang='lat' dir='ltr'>dici</span> <span class='ocrx_word' id='word_1_63' title='bbox 2726 933 2836 997; x_wconf 85' lang='lat' dir='ltr'>vix</span> 
     </span>
     <span class='ocr_line' id='line_1_9' title="bbox 778 1030 2838 1121; baseline -0.003 -22"><span class='ocrx_word' id='word_1_64' title='bbox 778 1044 991 1121; x_wconf 90' lang='lat' dir='ltr'>potest</span> <span class='ocrx_word' id='word_1_65' title='bbox 1042 1042 1285 1117; x_wconf 88' lang='lat' dir='ltr'>quanta</span> <span class='ocrx_word' id='word_1_66' title='bbox 1337 1030 1419 1095; x_wconf 89' lang='lat' dir='ltr'>sit</span> <span class='ocrx_word' id='word_1_67' title='bbox 1470 1030 1567 1095; x_wconf 86' lang='lat' dir='ltr'>vis</span> <span class='ocrx_word' id='word_1_68' title='bbox 1618 1030 1688 1095; x_wconf 88' lang='lat' dir='ltr'>in</span> <span class='ocrx_word' id='word_1_69' title='bbox 1735 1040 2072 1114; x_wconf 88' lang='lat' dir='ltr'>utramque</span> <span class='ocrx_word' id='word_1_70' title='bbox 2115 1040 2391 1115; x_wconf 86' lang='lat' dir='ltr'>partem:</span> <span class='ocrx_word' id='word_1_71' title='bbox 2445 1050 2726 1113; x_wconf 85' lang='lat' dir='ltr'>namque</span> <span class='ocrx_word' id='word_1_72' title='bbox 2771 1040 2838 1093; x_wconf 91' lang='lat' dir='ltr'>et</span> 
     </span>
     <span class='ocr_line' id='line_1_10' title="bbox 777 1122 2836 1213; baseline -0.003 -20"><span class='ocrx_word' id='word_1_73' title='bbox 777 1128 999 1195; x_wconf 89' lang='lat' dir='ltr'>incitat</span> <span class='ocrx_word' id='word_1_74' title='bbox 1029 1124 1393 1213; x_wconf 86' lang='lat' dir='ltr'>languentis</span> <span class='ocrx_word' id='word_1_75' title='bbox 1428 1135 1494 1189; x_wconf 92' lang='lat' dir='ltr'>et</span> <span class='ocrx_word' id='word_1_76' title='bbox 1526 1123 1920 1209; x_wconf 84' lang='lat' dir='ltr'>languefacit</span> <span class='ocrx_word' id='word_1_77' title='bbox 1951 1124 2259 1190; x_wconf 82' lang='lat' dir='ltr'>excitatos</span> <span class='ocrx_word' id='word_1_78' title='bbox 2294 1134 2360 1189; x_wconf 91' lang='lat' dir='ltr'>et</span> <span class='ocrx_word' id='word_1_79' title='bbox 2394 1134 2533 1188; x_wconf 89' lang='lat' dir='ltr'>tum</span> <span class='ocrx_word' id='word_1_80' title='bbox 2567 1122 2836 1188; x_wconf 82' lang='lat' dir='ltr'>remittit</span> 
     </span>
     <span class='ocr_line' id='line_1_11' title="bbox 778 1217 2834 1303; baseline -0.004 -14"><span class='ocrx_word' id='word_1_81' title='bbox 778 1224 1052 1299; x_wconf 88' lang='lat' dir='ltr'>animos,</span> <span class='ocrx_word' id='word_1_82' title='bbox 1106 1234 1243 1285; x_wconf 89' lang='lat' dir='ltr'>tum</span> <span class='ocrx_word' id='word_1_83' title='bbox 1296 1218 1610 1285; x_wconf 86' lang='lat' dir='ltr'>contrahit</span> <span class='ocrx_word' id='word_1_84' title='bbox 1623 1267 1641 1296; x_wconf 93' lang='lat'>,</span> <span class='ocrx_word' id='word_1_85' title='bbox 1697 1218 2150 1303; x_wconf 79' lang='lat' dir='ltr'>civitatumque</span> <span class='ocrx_word' id='word_1_86' title='bbox 2207 1217 2328 1283; x_wconf 92' lang='lat' dir='ltr'>hoc</span> <span class='ocrx_word' id='word_1_87' title='bbox 2375 1218 2728 1283; x_wconf 86' lang='lat' dir='ltr'>multarum</span> <span class='ocrx_word' id='word_1_88' title='bbox 2769 1218 2834 1281; x_wconf 88' lang='lat' dir='ltr'>in</span> 
     </span>
     <span class='ocr_line' id='line_1_12' title="bbox 779 1312 2832 1397; baseline -0.003 -14"><span class='ocrx_word' id='word_1_89' title='bbox 779 1316 1056 1383; x_wconf 83' lang='lat' dir='ltr'>Graecia</span> <span class='ocrx_word' id='word_1_90' title='bbox 1105 1312 1423 1390; x_wconf 84' lang='lat' dir='ltr'>interfuit,</span> <span class='ocrx_word' id='word_1_91' title='bbox 1474 1312 1812 1397; x_wconf 88' lang='lat' dir='ltr'>antiquum</span> <span class='ocrx_word' id='word_1_92' title='bbox 1856 1335 2089 1379; x_wconf 87' lang='lat' dir='ltr'>vocum</span> <span class='ocrx_word' id='word_1_93' title='bbox 2135 1313 2500 1379; x_wconf 87' lang='lat' dir='ltr'>conservari</span> <span class='ocrx_word' id='word_1_94' title='bbox 2539 1313 2832 1389; x_wconf 88' lang='lat' dir='ltr'>modum;</span> 
     </span>
     <span class='ocr_line' id='line_1_13' title="bbox 776 1406 2833 1494; baseline -0.001 -21"><span class='ocrx_word' id='word_1_95' title='bbox 776 1432 1049 1494; x_wconf 87' lang='lat' dir='ltr'>quarum</span> <span class='ocrx_word' id='word_1_96' title='bbox 1100 1430 1310 1474; x_wconf 90' lang='lat' dir='ltr'>mores</span> <span class='ocrx_word' id='word_1_97' title='bbox 1360 1407 1526 1493; x_wconf 89' lang='lat' dir='ltr'>lapsi</span> <span class='ocrx_word' id='word_1_98' title='bbox 1571 1408 1656 1472; x_wconf 90' lang='lat' dir='ltr'>ad</span> <span class='ocrx_word' id='word_1_99' title='bbox 1699 1406 1994 1473; x_wconf 87' lang='lat' dir='ltr'>mollitias</span> <span class='ocrx_word' id='word_1_100' title='bbox 2037 1406 2277 1492; x_wconf 87' lang='lat' dir='ltr'>pariter</span> <span class='ocrx_word' id='word_1_101' title='bbox 2321 1417 2472 1472; x_wconf 90' lang='lat' dir='ltr'>sunt</span> <span class='ocrx_word' id='word_1_102' title='bbox 2516 1407 2833 1472; x_wconf 84' lang='lat' dir='ltr'>immutati</span> 
     </span>
     <span class='ocr_line' id='line_1_14' title="bbox 777 1501 2834 1588; baseline -0.001 -19"><span class='ocrx_word' id='word_1_103' title='bbox 777 1527 925 1569; x_wconf 85' lang='lat' dir='ltr'>cum</span> <span class='ocrx_word' id='word_1_104' title='bbox 976 1503 1301 1580; x_wconf 89' lang='lat' dir='ltr'>cantibus,</span> <span class='ocrx_word' id='word_1_105' title='bbox 1354 1514 1467 1567; x_wconf 89' lang='lat' dir='ltr'>aut</span> <span class='ocrx_word' id='word_1_106' title='bbox 1518 1502 1641 1567; x_wconf 88' lang='lat' dir='ltr'>hac</span> <span class='ocrx_word' id='word_1_107' title='bbox 1695 1501 2030 1573; x_wconf 85' lang='lat' dir='ltr'>dulcedine</span> <span class='ocrx_word' id='word_1_108' title='bbox 2073 1501 2562 1587; x_wconf 88' lang='lat' dir='ltr'>corruptelaque</span> <span class='ocrx_word' id='word_1_109' title='bbox 2609 1502 2834 1588; x_wconf 88' lang='lat' dir='ltr'>depra-</span> 
     </span>
     <span class='ocr_line' id='line_1_15' title="bbox 776 1597 2832 1684; baseline -0.001 -20"><span class='ocrx_word' id='word_1_110' title='bbox 776 1599 928 1676; x_wconf 84' lang='lat' dir='ltr'>vati,</span> <span class='ocrx_word' id='word_1_111' title='bbox 964 1609 1038 1665; x_wconf 94' lang='lat' dir='ltr'>ut</span> <span class='ocrx_word' id='word_1_112' title='bbox 1073 1599 1336 1683; x_wconf 91' lang='lat' dir='ltr'>quidam</span> <span class='ocrx_word' id='word_1_113' title='bbox 1369 1608 1616 1684; x_wconf 88' lang='lat' dir='ltr'>putant,</span> <span class='ocrx_word' id='word_1_114' title='bbox 1655 1609 1786 1673; x_wconf 86' lang='lat' dir='ltr'>aut,</span> <span class='ocrx_word' id='word_1_115' title='bbox 1825 1620 1973 1662; x_wconf 90' lang='lat' dir='ltr'>cum</span> <span class='ocrx_word' id='word_1_116' title='bbox 2009 1598 2314 1663; x_wconf 90' lang='lat' dir='ltr'>severitas</span> <span class='ocrx_word' id='word_1_117' title='bbox 2343 1619 2569 1663; x_wconf 88' lang='lat' dir='ltr'>eorum</span> <span class='ocrx_word' id='word_1_118' title='bbox 2596 1598 2684 1662; x_wconf 91' lang='lat' dir='ltr'>ob</span> <span class='ocrx_word' id='word_1_119' title='bbox 2712 1597 2832 1661; x_wconf 87' lang='lat' dir='ltr'>alia</span> 
     </span>
     <span class='ocr_line' id='line_1_16' title="bbox 776 1690 2830 1776; baseline -0.001 -17"><span class='ocrx_word' id='word_1_120' title='bbox 776 1693 931 1759; x_wconf 89' lang='lat' dir='ltr'>vitia</span> <span class='ocrx_word' id='word_1_121' title='bbox 976 1692 1340 1771; x_wconf 78' lang='lat' dir='ltr'>cecidisset,</span> <span class='ocrx_word' id='word_1_122' title='bbox 1393 1703 1533 1757; x_wconf 91' lang='lat' dir='ltr'>tum</span> <span class='ocrx_word' id='word_1_123' title='bbox 1575 1691 1700 1756; x_wconf 81' lang='lat' dir='ltr'>fuit</span> <span class='ocrx_word' id='word_1_124' title='bbox 1741 1691 1812 1757; x_wconf 84' lang='lat' dir='ltr'>in</span> <span class='ocrx_word' id='word_1_125' title='bbox 1855 1690 2118 1757; x_wconf 89' lang='lat' dir='ltr'>auribus</span> <span class='ocrx_word' id='word_1_126' title='bbox 2169 1692 2528 1776; x_wconf 80' lang='lat' dir='ltr'>animisque</span> <span class='ocrx_word' id='word_1_127' title='bbox 2571 1693 2830 1757; x_wconf 86' lang='lat' dir='ltr'>mutatis</span> 
     </span>
     <span class='ocr_line' id='line_1_17' title="bbox 682 1785 2830 1871; baseline 0.001 -23"><span class='ocrx_word' id='word_1_128' title='bbox 682 1808 733 1848; x_wconf 79' lang='lat'>39</span> <span class='ocrx_word' id='word_1_129' title='bbox 778 1788 971 1853; x_wconf 89' lang='lat' dir='ltr'>etiam</span> <span class='ocrx_word' id='word_1_130' title='bbox 1015 1786 1165 1852; x_wconf 90' lang='lat' dir='ltr'>huic</span> <span class='ocrx_word' id='word_1_131' title='bbox 1209 1785 1546 1851; x_wconf 83' lang='lat' dir='ltr'>mutationi</span> <span class='ocrx_word' id='word_1_132' title='bbox 1589 1786 1790 1851; x_wconf 85' lang='lat' dir='ltr'>locus.</span> <span class='ocrx_word' id='word_1_133' title='bbox 1879 1807 2078 1869; x_wconf 84' lang='lat' dir='ltr'>quam</span> <span class='ocrx_word' id='word_1_134' title='bbox 2121 1785 2206 1849; x_wconf 91' lang='lat' dir='ltr'>ob</span> <span class='ocrx_word' id='word_1_135' title='bbox 2239 1806 2384 1851; x_wconf 71' lang='lat' dir='ltr'>rem</span> <span class='ocrx_word' id='word_1_136' title='bbox 2427 1786 2536 1851; x_wconf 93' lang='lat' dir='ltr'>ille</span> <span class='ocrx_word' id='word_1_137' title='bbox 2572 1786 2830 1871; x_wconf 85' lang='lat' dir='ltr'>quidem</span> 
     </span>
     <span class='ocr_line' id='line_1_18' title="bbox 672 1878 2830 1967; baseline 0 -20"><span class='ocrx_word' id='word_1_138' title='bbox 672 1925 678 1930; x_wconf 89' lang='lat'><em>·</em></span> <span class='ocrx_word' id='word_1_139' title='bbox 776 1881 1281 1967; x_wconf 86' lang='lat' dir='ltr'>sapientissimus</span> <span class='ocrx_word' id='word_1_140' title='bbox 1330 1878 1644 1947; x_wconf 77' lang='lat' dir='ltr'>Graeciae</span> <span class='ocrx_word' id='word_1_141' title='bbox 1690 1880 1788 1946; x_wconf 88' lang='lat' dir='ltr'>vir</span> <span class='ocrx_word' id='word_1_142' title='bbox 1831 1880 2150 1965; x_wconf 85' lang='lat' dir='ltr'>longeque</span> <span class='ocrx_word' id='word_1_143' title='bbox 2198 1881 2600 1947; x_wconf 89' lang='lat' dir='ltr'>doctissimus</span> <span class='ocrx_word' id='word_1_144' title='bbox 2647 1882 2830 1949; x_wconf 84' lang='lat' dir='ltr'>valde</span> 
     </span>
     <span class='ocr_line' id='line_1_19' title="bbox 772 1974 2828 2061; baseline 0.002 -22"><span class='ocrx_word' id='word_1_145' title='bbox 772 1975 941 2042; x_wconf 91' lang='lat' dir='ltr'>hanc</span> <span class='ocrx_word' id='word_1_146' title='bbox 984 1976 1197 2042; x_wconf 87' lang='lat' dir='ltr'>labem</span> <span class='ocrx_word' id='word_1_147' title='bbox 1244 1986 1529 2052; x_wconf 63' lang='lat' dir='ltr'>veretum</span> <span class='ocrx_word' id='word_1_148' title='bbox 1584 1986 1782 2061; x_wconf 86' lang='lat' dir='ltr'>negat</span> <span class='ocrx_word' id='word_1_149' title='bbox 1824 1974 1996 2041; x_wconf 89' lang='lat' dir='ltr'>enim</span> <span class='ocrx_word' id='word_1_150' title='bbox 2039 1976 2273 2041; x_wconf 87' lang='lat' dir='ltr'>mutari</span> <span class='ocrx_word' id='word_1_151' title='bbox 2319 1998 2508 2061; x_wconf 88' lang='lat' dir='ltr'>posse</span> <span class='ocrx_word' id='word_1_152' title='bbox 2551 1978 2828 2043; x_wconf 86' lang='lat' dir='ltr'>musicas</span> 
     </span>
     <span class='ocr_line' id='line_1_20' title="bbox 774 2069 2828 2157; baseline 0.001 -22"><span class='ocrx_word' id='word_1_153' title='bbox 774 2072 953 2157; x_wconf 87' lang='lat' dir='ltr'>leges</span> <span class='ocrx_word' id='word_1_154' title='bbox 990 2072 1127 2136; x_wconf 87' lang='lat' dir='ltr'>sine</span> <span class='ocrx_word' id='word_1_155' title='bbox 1162 2071 1513 2137; x_wconf 82' lang='lat' dir='ltr'>mutatione</span> <span class='ocrx_word' id='word_1_156' title='bbox 1548 2072 1768 2156; x_wconf 77' lang='lat' dir='ltr'>legum</span> <span class='ocrx_word' id='word_1_157' title='bbox 1803 2069 2227 2155; x_wconf 87' lang='lat' dir='ltr'>publicarum.</span> <span class='ocrx_word' id='word_1_158' title='bbox 2298 2094 2420 2157; x_wconf 86' lang='lat' dir='ltr'>ego</span> <span class='ocrx_word' id='word_1_159' title='bbox 2459 2083 2681 2138; x_wconf 88' lang='lat' dir='ltr'>autem</span> <span class='ocrx_word' id='word_1_160' title='bbox 2713 2096 2828 2139; x_wconf 91' lang='lat' dir='ltr'>nec</span> 
     </span>
     <span class='ocr_line' id='line_1_21' title="bbox 776 2165 2826 2255; baseline 0 -24"><span class='ocrx_word' id='word_1_161' title='bbox 776 2177 908 2231; x_wconf 90' lang='lat' dir='ltr'>tam</span> <span class='ocrx_word' id='word_1_162' title='bbox 954 2166 1141 2232; x_wconf 85' lang='lat' dir='ltr'>valde</span> <span class='ocrx_word' id='word_1_163' title='bbox 1185 2166 1253 2231; x_wconf 91' lang='lat' dir='ltr'>id</span> <span class='ocrx_word' id='word_1_164' title='bbox 1294 2166 1647 2233; x_wconf 89' lang='lat' dir='ltr'>timendum</span> <span class='ocrx_word' id='word_1_165' title='bbox 1692 2187 1812 2231; x_wconf 90' lang='lat' dir='ltr'>nec</span> <span class='ocrx_word' id='word_1_166' title='bbox 1852 2165 2044 2251; x_wconf 86' lang='lat' dir='ltr'>plane</span> <span class='ocrx_word' id='word_1_167' title='bbox 2080 2167 2621 2233; x_wconf 88' lang='lat' dir='ltr'>contemnendum</span> <span class='ocrx_word' id='word_1_168' title='bbox 2655 2180 2826 2255; x_wconf 81' lang='lat' dir='ltr'>puto.</span> 
     </span>
     <span class='ocr_line' id='line_1_22' title="bbox 773 2258 2827 2347; baseline 0.001 -23"><span class='ocrx_word' id='word_1_169' title='bbox 773 2264 807 2340; x_wconf 88' lang='lat'>†</span> <span class='ocrx_word' id='word_1_170' title='bbox 841 2260 1003 2325; x_wconf 92' lang='lat' dir='ltr'>illud</span> <span class='ocrx_word' id='word_1_171' title='bbox 1047 2260 1336 2343; x_wconf 88' lang='lat' dir='ltr'>quidem,</span> <span class='ocrx_word' id='word_1_172' title='bbox 1382 2281 1550 2343; x_wconf 88' lang='lat' dir='ltr'>quae</span> <span class='ocrx_word' id='word_1_173' title='bbox 1586 2258 1879 2325; x_wconf 84' lang='lat' dir='ltr'>solebant</span> <span class='ocrx_word' id='word_1_174' title='bbox 1913 2261 2240 2344; x_wconf 86' lang='lat' dir='ltr'>quondam</span> <span class='ocrx_word' id='word_1_175' title='bbox 2276 2262 2560 2347; x_wconf 85' lang='lat' dir='ltr'>conpleri</span> <span class='ocrx_word' id='word_1_176' title='bbox 2595 2261 2827 2329; x_wconf 82' lang='lat' dir='ltr'>severi·</span> 
     </span>
     <span class='ocr_line' id='line_1_23' title="bbox 773 2352 2822 2433; baseline 0 -14"><span class='ocrx_word' id='word_1_177' title='bbox 773 2364 903 2419; x_wconf 87' lang='lat' dir='ltr'>tate</span> <span class='ocrx_word' id='word_1_178' title='bbox 938 2353 1220 2419; x_wconf 88' lang='lat' dir='ltr'>iucunda</span> <span class='ocrx_word' id='word_1_179' title='bbox 1238 2352 1530 2417; x_wconf 86' lang='lat' dir='ltr'>Livianis</span> <span class='ocrx_word' id='word_1_180' title='bbox 1558 2365 1624 2417; x_wconf 90' lang='lat' dir='ltr'>et</span> <span class='ocrx_word' id='word_1_181' title='bbox 1651 2353 1998 2419; x_wconf 86' lang='lat' dir='ltr'>Naevianis</span> <span class='ocrx_word' id='word_1_182' title='bbox 2033 2354 2261 2433; x_wconf 76' lang='lat' dir='ltr'>modiS,</span> <span class='ocrx_word' id='word_1_183' title='bbox 2296 2378 2470 2421; x_wconf 87' lang='lat' dir='ltr'>nunc</span> <span class='ocrx_word' id='word_1_184' title='bbox 2506 2367 2580 2420; x_wconf 91' lang='lat' dir='ltr'>ut</span> <span class='ocrx_word' id='word_1_185' title='bbox 2607 2356 2822 2423; x_wconf 86' lang='lat' dir='ltr'>eadem</span> 
     </span>
     <span class='ocr_line' id='line_1_24' title="bbox 774 2446 2824 2535; baseline 0.002 -24"><span class='ocrx_word' id='word_1_186' title='bbox 774 2446 1093 2511; x_wconf 89' lang='lat' dir='ltr'>exsultant</span> <span class='ocrx_word' id='word_1_187' title='bbox 1144 2456 1209 2511; x_wconf 91' lang='lat' dir='ltr'>et</span> <span class='ocrx_word' id='word_1_188' title='bbox 1260 2446 1540 2511; x_wconf 82' lang='lat' dir='ltr'>cervices</span> <span class='ocrx_word' id='word_1_189' title='bbox 1594 2446 1942 2532; x_wconf 89' lang='lat' dir='ltr'>oculosque</span> <span class='ocrx_word' id='word_1_190' title='bbox 1993 2449 2231 2535; x_wconf 88' lang='lat' dir='ltr'>pariter</span> <span class='ocrx_word' id='word_1_191' title='bbox 2281 2472 2430 2515; x_wconf 90' lang='lat' dir='ltr'>cum</span> <span class='ocrx_word' id='word_1_192' title='bbox 2491 2452 2824 2517; x_wconf 89' lang='lat' dir='ltr'>modorum</span> 
     </span>
     <span class='ocr_line' id='line_1_25' title="bbox 772 2538 2823 2626; baseline 0.004 -23"><span class='ocrx_word' id='word_1_193' title='bbox 772 2538 1153 2603; x_wconf 85' lang='lat' dir='ltr'>flexionibus</span> <span class='ocrx_word' id='word_1_194' title='bbox 1188 2538 1514 2623; x_wconf 84' lang='lat' dir='ltr'>torquent!</span> <span class='ocrx_word' id='word_1_195' title='bbox 1585 2541 1868 2626; x_wconf 86' lang='lat' dir='ltr'>graviter</span> <span class='ocrx_word' id='word_1_196' title='bbox 1899 2542 2051 2607; x_wconf 91' lang='lat' dir='ltr'>olim</span> <span class='ocrx_word' id='word_1_197' title='bbox 2085 2544 2207 2608; x_wconf 88' lang='lat' dir='ltr'>ista</span> <span class='ocrx_word' id='word_1_198' title='bbox 2241 2544 2613 2612; x_wconf 81' lang='lat' dir='ltr'>vindicabat</span> <span class='ocrx_word' id='word_1_199' title='bbox 2649 2558 2823 2613; x_wconf 85' lang='lat' dir='ltr'>vetus</span> 
     </span>
     <span class='ocr_line' id='line_1_26' title="bbox 770 2630 2825 2723; baseline 0.004 -26"><span class='ocrx_word' id='word_1_200' title='bbox 770 2632 883 2697; x_wconf 86' lang='lat' dir='ltr'>illa</span> <span class='ocrx_word' id='word_1_201' title='bbox 920 2630 1225 2710; x_wconf 80' lang='lat' dir='ltr'>Graecia,</span> <span class='ocrx_word' id='word_1_202' title='bbox 1268 2632 1461 2719; x_wconf 87' lang='lat' dir='ltr'>longe</span> <span class='ocrx_word' id='word_1_203' title='bbox 1497 2634 1846 2719; x_wconf 84' lang='lat' dir='ltr'>providens</span> <span class='ocrx_word' id='word_1_204' title='bbox 1883 2657 2078 2720; x_wconf 88' lang='lat' dir='ltr'>quam</span> <span class='ocrx_word' id='word_1_205' title='bbox 2113 2637 2350 2703; x_wconf 88' lang='lat' dir='ltr'>sensim</span> <span class='ocrx_word' id='word_1_206' title='bbox 2385 2640 2704 2723; x_wconf 82' lang='lat' dir='ltr'>pernicies</span> <span class='ocrx_word' id='word_1_207' title='bbox 2735 2640 2825 2705; x_wconf 89' lang='lat' dir='ltr'>in-</span> 
     </span>
     <span class='ocr_line' id='line_1_27' title="bbox 771 2727 2821 2817; baseline 0.002 -23"><span class='ocrx_word' id='word_1_208' title='bbox 771 2729 955 2813; x_wconf 90' lang='lat' dir='ltr'>lapsa</span> <span class='ocrx_word' id='word_1_209' title='bbox 998 2727 1237 2793; x_wconf 89' lang='lat' dir='ltr'>civium</span> <span class='ocrx_word' id='word_1_210' title='bbox 1278 2731 1347 2793; x_wconf 83' lang='lat' dir='ltr'>in</span> <span class='ocrx_word' id='word_1_211' title='bbox 1390 2728 1637 2795; x_wconf 89' lang='lat' dir='ltr'>animos</span> <span class='ocrx_word' id='word_1_212' title='bbox 1683 2730 1867 2795; x_wconf 88' lang='lat' dir='ltr'>malis</span> <span class='ocrx_word' id='word_1_213' title='bbox 1913 2731 2138 2797; x_wconf 85' lang='lat' dir='ltr'>studiis</span> <span class='ocrx_word' id='word_1_214' title='bbox 2172 2733 2486 2817; x_wconf 87' lang='lat' dir='ltr'>malisque</span> <span class='ocrx_word' id='word_1_215' title='bbox 2521 2735 2821 2801; x_wconf 77' lang='lat' dir='ltr'>doctrinis</span> 
     </span>
     <span class='ocr_line' id='line_1_28' title="bbox 772 2821 2826 2910; baseline 0.004 -23"><span class='ocrx_word' id='word_1_216' title='bbox 772 2832 1033 2907; x_wconf 90' lang='lat' dir='ltr'>repente</span> <span class='ocrx_word' id='word_1_217' title='bbox 1085 2832 1249 2887; x_wconf 86' lang='lat' dir='ltr'>totas</span> <span class='ocrx_word' id='word_1_218' title='bbox 1302 2821 1592 2889; x_wconf 86' lang='lat' dir='ltr'>civitates</span> <span class='ocrx_word' id='word_1_219' title='bbox 1645 2834 1985 2901; x_wconf 87' lang='lat' dir='ltr'>everteret,</span> <span class='ocrx_word' id='word_1_220' title='bbox 2039 2826 2093 2891; x_wconf 91' lang='lat' dir='ltr'>si</span> <span class='ocrx_word' id='word_1_221' title='bbox 2145 2827 2405 2910; x_wconf 90' lang='lat' dir='ltr'>quidem</span> <span class='ocrx_word' id='word_1_222' title='bbox 2449 2828 2564 2893; x_wconf 89' lang='lat' dir='ltr'>illa</span> <span class='ocrx_word' id='word_1_223' title='bbox 2608 2854 2826 2897; x_wconf 84' lang='lat' dir='ltr'>severa</span> 
     </span>
     <span class='ocr_line' id='line_1_29' title="bbox 772 2916 2828 3009; baseline 0.003 -25"><span class='ocrx_word' id='word_1_224' title='bbox 772 2916 1180 2984; x_wconf 85' lang='lat' dir='ltr'>Lacedaemo</span> <span class='ocrx_word' id='word_1_225' title='bbox 1224 2938 1453 2983; x_wconf 88' lang='lat' dir='ltr'>nervos</span> <span class='ocrx_word' id='word_1_226' title='bbox 1495 2918 1710 2995; x_wconf 89' lang='lat' dir='ltr'>iussit,</span> <span class='ocrx_word' id='word_1_227' title='bbox 1757 2940 1916 3003; x_wconf 89' lang='lat' dir='ltr'>quos</span> <span class='ocrx_word' id='word_1_228' title='bbox 1951 2920 2166 3005; x_wconf 89' lang='lat' dir='ltr'>plures</span> <span class='ocrx_word' id='word_1_229' title='bbox 2202 2943 2396 3006; x_wconf 84' lang='lat' dir='ltr'>quam</span> <span class='ocrx_word' id='word_1_230' title='bbox 2431 2934 2686 3009; x_wconf 86' lang='lat' dir='ltr'>septem</span> <span class='ocrx_word' id='word_1_231' title='bbox 2720 2925 2828 2991; x_wconf 87' lang='lat' dir='ltr'>ha·</span> 
     </span>
     <span class='ocr_line' id='line_1_30' title="bbox 669 3010 1956 3136; baseline 0.003 -63"><span class='ocrx_word' id='word_1_232' title='bbox 669 3082 738 3136; x_wconf 70' lang='grc'>16</span> <span class='ocrx_word' id='word_1_233' title='bbox 772 3010 972 3086; x_wconf 88' lang='lat' dir='ltr'>beret,</span> <span class='ocrx_word' id='word_1_234' title='bbox 1009 3012 1075 3075; x_wconf 89' lang='lat' dir='ltr'>in</span> <span class='ocrx_word' id='word_1_235' title='bbox 1113 3010 1435 3077; x_wconf 88' lang='lat' dir='ltr'>Timothei</span> <span class='ocrx_word' id='word_1_236' title='bbox 1469 3011 1705 3077; x_wconf 80' lang='lat' dir='ltr'>fidibus</span> <span class='ocrx_word' id='word_1_237' title='bbox 1739 3013 1956 3077; x_wconf 88' lang='lat' dir='ltr'>incidi.</span> 
     </span>
     <span class='ocr_line' id='line_1_31' title="bbox 675 3153 2825 3293; baseline 0.007 -33"><span class='ocrx_word' id='word_1_238' title='bbox 675 3153 729 3193; x_wconf 60' lang='lat'>⁴⁰</span> <span class='ocrx_word' id='word_1_239' title='bbox 772 3197 1044 3281; x_wconf 84' lang='lat' dir='ltr'>optumi:</span> <span class='ocrx_word' id='word_1_240' title='bbox 1084 3199 1163 3263; x_wconf 90' lang='lat' dir='ltr'>de</span> <span class='ocrx_word' id='word_1_241' title='bbox 1198 3220 1327 3283; x_wconf 90' lang='lat' dir='ltr'>quo</span> <span class='ocrx_word' id='word_1_242' title='bbox 1366 3222 1513 3266; x_wconf 90' lang='lat' dir='ltr'>cum</span> <span class='ocrx_word' id='word_1_243' title='bbox 1552 3202 1955 3267; x_wconf 84' lang='lat' dir='ltr'>consulerent</span> <span class='ocrx_word' id='word_1_244' title='bbox 1989 3202 2418 3271; x_wconf 85' lang='lat' dir='ltr'>Athenienses</span> <span class='ocrx_word' id='word_1_245' title='bbox 2455 3206 2825 3293; x_wconf 84' lang='lat' dir='ltr'>Apollinem</span> 
     </span>
     <span class='ocr_line' id='line_1_32' title="bbox 770 3289 2826 3383; baseline 0.007 -28"><span class='ocrx_word' id='word_1_246' title='bbox 770 3289 1101 3375; x_wconf 88' lang='lat' dir='ltr'>Pythium,</span> <span class='ocrx_word' id='word_1_247' title='bbox 1113 3313 1275 3376; x_wconf 87' lang='lat' dir='ltr'>quas</span> <span class='ocrx_word' id='word_1_248' title='bbox 1292 3294 1694 3379; x_wconf 85' lang='lat' dir='ltr'>potissimum</span> <span class='ocrx_word' id='word_1_249' title='bbox 1711 3296 2050 3383; x_wconf 87' lang='lat' dir='ltr'>religiones</span> <span class='ocrx_word' id='word_1_250' title='bbox 2071 3309 2377 3377; x_wconf 89' lang='lat' dir='ltr'>tenerent,</span> <span class='ocrx_word' id='word_1_251' title='bbox 2389 3302 2680 3369; x_wconf 86' lang='lat' dir='ltr'>oraclum</span> <span class='ocrx_word' id='word_1_252' title='bbox 2699 3305 2826 3369; x_wconf 90' lang='lat' dir='ltr'>edi-</span> 
     </span>
     <span class='ocr_line' id='line_1_33' title="bbox 766 3389 2822 3477; baseline 0.006 -26"><span class='ocrx_word' id='word_1_253' title='bbox 766 3396 906 3451; x_wconf 88' lang='lat' dir='ltr'>tum</span> <span class='ocrx_word' id='word_1_254' title='bbox 926 3398 1022 3451; x_wconf 90' lang='lat' dir='ltr'>est</span> <span class='ocrx_word' id='word_1_255' title='bbox 1042 3394 1180 3451; x_wconf 88' lang='lat' dir='ltr'>‘eas</span> <span class='ocrx_word' id='word_1_256' title='bbox 1199 3408 1365 3471; x_wconf 90' lang='lat' dir='ltr'>quae</span> <span class='ocrx_word' id='word_1_257' title='bbox 1384 3400 1597 3453; x_wconf 88' lang='lat' dir='ltr'>essent</span> <span class='ocrx_word' id='word_1_258' title='bbox 1612 3389 1678 3455; x_wconf 90' lang='lat' dir='ltr'>in</span> <span class='ocrx_word' id='word_1_259' title='bbox 1696 3412 1872 3455; x_wconf 90' lang='lat' dir='ltr'>more</span> <span class='ocrx_word' id='word_1_260' title='bbox 1890 3391 2242 3457; x_wconf 62' lang='lat' dir='ltr'>maiorum?</span> <span class='ocrx_word' id='word_1_261' title='bbox 2281 3415 2410 3477; x_wconf 92' lang='lat' dir='ltr'>quo</span> <span class='ocrx_word' id='word_1_262' title='bbox 2430 3417 2582 3459; x_wconf 88' lang='lat' dir='ltr'>cum</span> <span class='ocrx_word' id='word_1_263' title='bbox 2597 3398 2822 3463; x_wconf 83' lang='lat' dir='ltr'>iterum</span> 
     </span>
     <span class='ocr_line' id='line_1_34' title="bbox 766 3480 2822 3572; baseline 0.005 -27"><span class='ocrx_word' id='word_1_264' title='bbox 766 3480 1091 3545; x_wconf 87' lang='lat' dir='ltr'>venissent</span> <span class='ocrx_word' id='word_1_265' title='bbox 1108 3481 1549 3565; x_wconf 87' lang='lat' dir='ltr'>maiorumque</span> <span class='ocrx_word' id='word_1_266' title='bbox 1570 3504 1814 3549; x_wconf 90' lang='lat' dir='ltr'>morem</span> <span class='ocrx_word' id='word_1_267' title='bbox 1837 3484 2142 3551; x_wconf 83' lang='lat' dir='ltr'>dixissent</span> <span class='ocrx_word' id='word_1_268' title='bbox 2153 3509 2346 3572; x_wconf 85' lang='lat' dir='ltr'>saepe</span> <span class='ocrx_word' id='word_1_269' title='bbox 2355 3510 2496 3555; x_wconf 86' lang='lat' dir='ltr'>esse</span> <span class='ocrx_word' id='word_1_270' title='bbox 2507 3502 2822 3557; x_wconf 86' lang='lat' dir='ltr'>mutatum</span> 
     </span>
     <span class='ocr_line' id='line_1_35' title="bbox 766 3575 2823 3665; baseline 0.006 -28"><span class='ocrx_word' id='word_1_271' title='bbox 766 3575 1311 3659; x_wconf 84' lang='lat' dir='ltr'>quaesissentque,</span> <span class='ocrx_word' id='word_1_272' title='bbox 1324 3596 1517 3658; x_wconf 90' lang='lat' dir='ltr'>quem</span> <span class='ocrx_word' id='word_1_273' title='bbox 1535 3599 1780 3643; x_wconf 88' lang='lat' dir='ltr'>morem</span> <span class='ocrx_word' id='word_1_274' title='bbox 1798 3578 2198 3663; x_wconf 86' lang='lat' dir='ltr'>potissimum</span> <span class='ocrx_word' id='word_1_275' title='bbox 2219 3594 2645 3665; x_wconf 84' lang='lat' dir='ltr'>sequerentur</span> <span class='ocrx_word' id='word_1_276' title='bbox 2663 3608 2698 3650; x_wconf 91' lang='lat' dir='ltr'>e</span> <span class='ocrx_word' id='word_1_277' title='bbox 2719 3608 2823 3650; x_wconf 88' lang='lat' dir='ltr'>va-</span> 
     </span>
     <span class='ocr_line' id='line_1_36' title="bbox 764 3667 2826 3759; baseline 0.008 -29"><span class='ocrx_word' id='word_1_278' title='bbox 764 3667 899 3743; x_wconf 89' lang='lat' dir='ltr'>riis,</span> <span class='ocrx_word' id='word_1_279' title='bbox 927 3668 1256 3753; x_wconf 88' lang='lat' dir='ltr'>respondit</span> <span class='ocrx_word' id='word_1_280' title='bbox 1286 3671 1695 3754; x_wconf 88' lang='lat' dir='ltr'>‘optumum.’</span> <span class='ocrx_word' id='word_1_281' title='bbox 1739 3683 1805 3737; x_wconf 87' lang='lat' dir='ltr'>et</span> <span class='ocrx_word' id='word_1_282' title='bbox 1829 3672 2118 3759; x_wconf 89' lang='lat' dir='ltr'>profecto</span> <span class='ocrx_word' id='word_1_283' title='bbox 2147 3675 2236 3741; x_wconf 85' lang='lat' dir='ltr'>ita</span> <span class='ocrx_word' id='word_1_284' title='bbox 2263 3687 2379 3753; x_wconf 89' lang='lat' dir='ltr'>est,</span> <span class='ocrx_word' id='word_1_285' title='bbox 2408 3688 2482 3741; x_wconf 89' lang='lat' dir='ltr'>ut</span> <span class='ocrx_word' id='word_1_286' title='bbox 2499 3678 2568 3742; x_wconf 91' lang='lat' dir='ltr'>id</span> <span class='ocrx_word' id='word_1_287' title='bbox 2586 3679 2826 3745; x_wconf 88' lang='lat' dir='ltr'>haben-</span> 
     </span>
     <span class='ocr_line' id='line_1_37' title="bbox 766 3761 2818 3858; baseline 0.006 -34"><span class='ocrx_word' id='word_1_288' title='bbox 766 3761 919 3825; x_wconf 90' lang='lat' dir='ltr'>dum</span> <span class='ocrx_word' id='word_1_289' title='bbox 938 3762 1021 3826; x_wconf 90' lang='lat' dir='ltr'>sit</span> <span class='ocrx_word' id='word_1_290' title='bbox 1038 3763 1550 3846; x_wconf 88' lang='lat' dir='ltr'>antiquissimum</span> <span class='ocrx_word' id='word_1_291' title='bbox 1570 3778 1634 3832; x_wconf 88' lang='lat' dir='ltr'>et</span> <span class='ocrx_word' id='word_1_292' title='bbox 1653 3767 1774 3832; x_wconf 91' lang='lat' dir='ltr'>deo</span> <span class='ocrx_word' id='word_1_293' title='bbox 1792 3769 2174 3852; x_wconf 84' lang='lat' dir='ltr'>proximum,</span> <span class='ocrx_word' id='word_1_294' title='bbox 2195 3771 2370 3855; x_wconf 91' lang='lat' dir='ltr'>quod</span> <span class='ocrx_word' id='word_1_295' title='bbox 2387 3772 2468 3837; x_wconf 90' lang='lat' dir='ltr'>sit</span> <span class='ocrx_word' id='word_1_296' title='bbox 2488 3774 2818 3858; x_wconf 87' lang='lat' dir='ltr'>optimum.</span> 
     </span>
     <span class='ocr_line' id='line_1_38' title="bbox 894 3854 2820 3951; baseline 0.008 -32"><span class='ocrx_word' id='word_1_297' title='bbox 894 3854 1145 3940; x_wconf 84' lang='lat' dir='ltr'>Stipem</span> <span class='ocrx_word' id='word_1_298' title='bbox 1200 3859 1571 3948; x_wconf 86' lang='lat' dir='ltr'>sustulimus</span> <span class='ocrx_word' id='word_1_299' title='bbox 1624 3861 1750 3925; x_wconf 88' lang='lat' dir='ltr'>nisi</span> <span class='ocrx_word' id='word_1_300' title='bbox 1801 3885 1972 3941; x_wconf 89' lang='lat' dir='ltr'>eam,</span> <span class='ocrx_word' id='word_1_301' title='bbox 2029 3886 2222 3948; x_wconf 88' lang='lat' dir='ltr'>quam</span> <span class='ocrx_word' id='word_1_302' title='bbox 2269 3866 2354 3931; x_wconf 86' lang='lat' dir='ltr'>ad</span> <span class='ocrx_word' id='word_1_303' title='bbox 2397 3888 2644 3951; x_wconf 89' lang='lat' dir='ltr'>paucos</span> <span class='ocrx_word' id='word_1_304' title='bbox 2690 3870 2820 3934; x_wconf 88' lang='lat' dir='ltr'>dies</span> 
     </span>
     <span class='ocr_line' id='line_1_39' title="bbox 762 3948 2822 4050; baseline 0.01 -42"><span class='ocrx_word' id='word_1_305' title='bbox 762 3948 1081 4050; x_wconf 73' lang='lat' dir='ltr'>propriam</span> <span class='ocrx_word' id='word_1_306' title='bbox 1128 3950 1361 4017; x_wconf 85' lang='lat' dir='ltr'>Idaeae</span> <span class='ocrx_word' id='word_1_307' title='bbox 1408 3953 1640 4019; x_wconf 87' lang='lat' dir='ltr'>Matris</span> <span class='ocrx_word' id='word_1_308' title='bbox 1689 3957 2054 4041; x_wconf 87' lang='lat' dir='ltr'>excepimus</span> <span class='ocrx_word' id='word_1_309' title='bbox 2063 3984 2084 4037; x_wconf 85' lang='lat'>3</span> <span class='ocrx_word' id='word_1_310' title='bbox 2138 3960 2338 4046; x_wconf 85' lang='lat' dir='ltr'>inplet</span> <span class='ocrx_word' id='word_1_311' title='bbox 2381 3960 2553 4025; x_wconf 86' lang='lat' dir='ltr'>enim</span> <span class='ocrx_word' id='word_1_312' title='bbox 2603 3984 2822 4049; x_wconf 86' lang='lat' dir='ltr'>super-</span> 
     </span>
     <span class='ocr_line' id='line_1_40' title="bbox 763 4042 2008 4117; baseline 0.017 -22"><span class='ocrx_word' id='word_1_313' title='bbox 763 4046 1013 4103; x_wconf 78' lang='lat' dir='ltr'>stitione</span> <span class='ocrx_word' id='word_1_314' title='bbox 1050 4042 1293 4107; x_wconf 89' lang='lat' dir='ltr'>animos</span> <span class='ocrx_word' id='word_1_315' title='bbox 1330 4055 1395 4110; x_wconf 89' lang='lat' dir='ltr'>et</span> <span class='ocrx_word' id='word_1_316' title='bbox 1431 4047 1726 4113; x_wconf 86' lang='lat' dir='ltr'>exhaurit</span> <span class='ocrx_word' id='word_1_317' title='bbox 1761 4050 2008 4117; x_wconf 86' lang='lat' dir='ltr'>domus.</span> 
     </span>
    </p>
   </div>
   <div class='ocr_carea' id='block_1_3' title="bbox 2965 2372 2977 3124">
    <p class='ocr_par' dir='ltr' id='par_1_3' title="bbox 2965 2372 2977 3124">
     <span class='ocr_line' id='line_1_41' title="bbox 2965 2372 2977 3124; baseline 0 0"><span class='ocrx_word' id='word_1_318' title='bbox 2965 2372 2977 3124; x_wconf 95' lang='lat' dir='ltr'> </span> 
     </span>
    </p>
   </div>
   <div class='ocr_carea' id='block_1_4' title="bbox 901 3104 2930 3195">
    <p class='ocr_par' dir='ltr' id='par_1_4' title="bbox 901 3104 2930 3195">
     <span class='ocr_line' id='line_1_42' title="bbox 901 3104 2930 3195; baseline 0.007 -29"><span class='ocrx_word' id='word_1_319' title='bbox 901 3104 1228 3191; x_wconf 88' lang='lat' dir='ltr'>Deinceps</span> <span class='ocrx_word' id='word_1_320' title='bbox 1281 3107 1349 3171; x_wconf 91' lang='lat' dir='ltr'>in</span> <span class='ocrx_word' id='word_1_321' title='bbox 1391 3107 1537 3192; x_wconf 87' lang='lat' dir='ltr'>lege</span> <span class='ocrx_word' id='word_1_322' title='bbox 1582 3118 1709 3183; x_wconf 89' lang='lat' dir='ltr'>est,</span> <span class='ocrx_word' id='word_1_323' title='bbox 1762 3118 1836 3171; x_wconf 90' lang='lat' dir='ltr'>ut</span> <span class='ocrx_word' id='word_1_324' title='bbox 1880 3108 1959 3173; x_wconf 92' lang='lat' dir='ltr'>de</span> <span class='ocrx_word' id='word_1_325' title='bbox 2001 3108 2228 3173; x_wconf 88' lang='lat' dir='ltr'>ritibus</span> <span class='ocrx_word' id='word_1_326' title='bbox 2272 3110 2493 3195; x_wconf 88' lang='lat' dir='ltr'>patriis</span> <span class='ocrx_word' id='word_1_327' title='bbox 2539 3114 2825 3179; x_wconf 79' lang='lat' dir='ltr'>colantur</span> <span class='ocrx_word' id='word_1_328' title='bbox 2919 3110 2930 3123; x_wconf 64' lang='lat'><strong>⁴</strong></span> 
     </span>
    </p>
   </div>
  </div>
 </body>
</html>
