3292 4559
725 264 811 329 36
934 290 940 303 ’
1342 268 1421 325 Μ.
1458 269 1734 327 TULLII
1766 268 2168 329 CICERONIS

725 398 1120 484 voluptatem
1158 394 1373 461 omnia
1414 394 1776 461 referantur
1807 430 1896 441 ——-
1931 394 2056 460 alia
2100 405 2197 461 est
2241 417 2317 460 ea
2351 395 2642 478 quaestio
2677 431 2790 474 -‚

677 493 841 560 sed
876 492 1079 557 doceo
1124 491 1277 557 deos
1322 500 1567 554 vestros
1614 511 1756 554 esse
1789 488 2136 573 voluptatis
2173 501 2494 574 expertes,
2545 490 2640 555 ita
2673 513 2784 555 ve-

622 588 690 643 41
728 598 859 653 stro
893 585 1128 651 iudicio
1164 605 1247 649 ιιε
1280 583 1503 647 beatos
1540 582 1822 666 quidem.
1896 586 1996 647 ‘at
2031 582 2248 647 dolore
2283 582 2555 647 vacant?
2621 584 2788 648 satin

616 662 693 701 ¹¹⁴
728 692 827 749 est
872 680 941 745 id
994 678 1078 744 ad
1128 677 1303 743 illam
1356 676 1794 741 abundantem
1836 676 2021 740 bonis
2069 676 2267 741 vitam
2310 676 2800 742 beatissimam?

730 773 1023 859 ‘cogitat'
1066 771 1365 857 inquiunt
1412 777 1429 807 ‘
1442 770 1709 835 adsidue
1752 771 2018 835 beatum
2053 792 2192 837 esse
2229 794 2328 847 se3
2375 770 2572 837 habet
2617 772 2790 837 enim

724 864 883 935 nihil
930 868 1135 945 aliud,
1188 867 1364 952 quod
1407 865 1607 952 agitet
1650 866 1719 931 in
1766 866 2020 932 mente.'
2110 866 2554 952 conprehende
2589 868 2792 953 igitur

726 964 940 1031 animo
978 975 1043 1030 et
1085 978 1371 1049 propone
1417 973 1565 1026 ante
1601 960 1822 1026 oculos
1859 961 2054 1027 deum
2099 960 2258 1027 nihil
2294 962 2468 1027 aliud
2510 962 2578 1027 in
2615 962 2794 1027 omni

728 1058 1104 1125 aeternitate
1150 1056 1275 1129 nisi
1328 1055 1517 1119 ‘mihi
1560 1054 1827 1141 pulchre
1875 1056 2000 1121 est’
2050 1067 2114 1121 et
2157 1061 2310 1143 ‘ego
2345 1056 2574 1121 beatus
2612 1054 2790 1120 sum’

728 1153 1136 1239 cogitantem.
1191 1172 1311 1217 nec
1345 1148 1561 1215 tamen
1596 1148 1815 1226 video,
1853 1171 1982 1233 quo
2017 1150 2210 1215 modo
2245 1172 2378 1215 non
2411 1162 2632 1236 pereat
2666 1149 2798 1214 iste

728 1246 889 1313 deus
924 1246 1184 1321 beatus,
1230 1265 1377 1309 cum
1413 1242 1550 1308 sine
1593 1244 1728 1309 ulla
1761 1242 2228 1309 intermissione
2263 1246 2552 1331 pulsetur
2589 1244 2799 1330 agite·

728 1354 961 1425 turque
998 1349 1354 1403 atomorum
1398 1336 1764 1403 incursione
1799 1337 2186 1423 sempiterna
2221 1360 2496 1424 cumque
2533 1362 2613 1404 ex
2647 1338 2801 1424 ipso

728 1434 1039 1519 imagines
1074 1454 1327 1518 semper
1363 1431 1669 1497 adfluant.
1721 1432 1813 1497 ita
1846 1453 1967 1497 nec
2004 1432 2232 1497 beatus
2258 1444 2354 1497 est
2381 1443 2595 1499 vester
2627 1432 2798 1497 deus

626 1550 703 1591 116
730 1550 849 1593 nec
884 1536 1199 1593 aeternus.
1498 1525 1593 1590 At
1638 1525 1833 1592 etiam
1885 1526 1965 1591 de
2013 1526 2375 1604 sanctitate,
2423 1526 2504 1591 de
2547 1526 2800 1611 pietate

729 1622 1033 1687 adversus
1070 1620 1223 1685 deos
1268 1617 1465 1685 libros
1502 1619 1754 1705 scripsit
1786 1618 2128 1705 Epicurus.
2222 1632 2288 1685 at
2333 1641 2464 1704 quo
2498 1620 2688 1685 modo
2723 1619 2802 1685 in

728 1714 827 1779 his
879 1714 1203 1798 loquitur?
1265 1725 1339 1778 ut
1400 1716 1495 1779 Ti.
1554 1710 2032 1779 Coruncanium
2086 1725 2198 1780 aut
2249 1713 2328 1778 P.
2385 1712 2804 1791 Scaevolam,

726 1810 1055 1897 pontifices
1092 1810 1427 1887 maximos,
1462 1820 1527 1875 te
1562 1810 1786 1875 audire
1821 1811 2019 1887 dicas,
2053 1832 2184 1875 non
2221 1831 2390 1887 eum,
2426 1809 2540 1893 qui
2575 1820 2803 1873 sustu-

726 1908 871 1972 lerit
897 1920 1152 1971 omnem
1178 1906 1464 1970 funditus
1492 1905 1887 1991 religionem,
1917 1928 2040 1972 nec
2065 1905 2382 1981 manibus,
2420 1915 2496 1969 ut
2509 1902 2802 1981 Xerxes,

700 2000 843 2066 sed
878 2000 1231 2065 rationibus
1278 2000 1542 2065 deorum
1577 2000 2013 2065 inmortalium
2057 2000 2298 2086 templa
2333 2010 2396 2065 et
2431 2021 2578 2063 aras
2613 2020 2806 2063 ever-

729 2094 893 2159 terit.
982 2095 1138 2178 quid
1180 2105 1277 2158 est
1324 2093 1525 2170 enim,
1582 2116 1699 2159 cur
1751 2094 1902 2159 deos
1951 2094 2033 2158 ab
2078 2094 2443 2158 hominibus
2489 2092 2801 2157 colendos

730 2188 926 2263 dicas,
964 2210 1111 2251 cum
1140 2188 1241 2251 dei
1268 2210 1398 2250 non
1424 2188 1619 2251 modo
1648 2186 1934 2253 homines
1966 2210 2096 2251 non
2123 2189 2356 2261 colant,
2391 2185 2504 2251 sed
2529 2186 2798 2251 omnino

628 2298 706 2339 116
730 2279 887 2343 nihil
922 2289 1175 2354 curent,
1222 2279 1382 2343 nihil
1417 2279 1651 2365 agant?
1703 2292 1770 2344 at
1805 2292 1901 2345 est
1935 2301 2157 2345 eorum
2191 2278 2424 2343 eximia
2471 2280 2798 2363 quaedam

730 2382 1186 2459 praestansque
1221 2382 1479 2449 natura,
1526 2383 1600 2436 ut
1644 2392 1722 2437 ea
1758 2372 2048 2439 debeat
2029 2394 2174 2457 1psa
2207 2394 2351 2482 per·
2357 2394 2425 2437 se
2461 2372 2546 2436 ad
2580 2394 2648 2439 se
2685 2396 2808 2439 co—

730 2466 985 2533 lendam
1020 2464 1292 2531 adlicere
1329 2466 1700 2552 sapientem.
1759 2490 1842 2531 an
1871 2466 2216 2551 quicquam
2253 2466 2558 2532 eximium
2582 2478 2800 2553 potest

732 2584 870 2629 esse
902 2560 971 2623 in
1011 2582 1093 2625 ea
1132 2570 1390 2638 natura,
1438 2582 1605 2643 quae
1654 2582 1772 2625 sua
1818 2561 2144 2646 voluptate
2187 2560 2434 2625 laetans
2478 2560 2636 2626 nihil
2669 2584 2802 2629 nec

732 2666 953 2720 actura
988 2654 1069 2719 sit
1102 2675 1411 2738 umquam
1444 2674 1656 2736 neque
1693 2665 1864 2739 agat
1879 2676 2087 2738 neque
2123 2653 2362 2741 egerit?
2397 2676 2562 2739 quae
2597 2676 2801 2741 porro

730 2749 931 2835 pietas
968 2748 1028 2813 ei
1062 2747 1348 2823 debetur,
1384 2770 1422 2811 a
1448 2766 1577 2829 quo
1605 2746 1764 2811 nihil
1793 2748 2156 2833 acceperis?
2191 2758 2304 2812 aut
2327 2748 2484 2833 quid
2509 2749 2799 2827 omnine,

732 2844 913 2909 cuius
968 2842 1215 2909 nullum
1265 2839 1565 2906 meritum
1616 2842 1727 2918 sit,
1782 2842 1842 2909 ei
1897 2843 2118 2908 deberi
2175 2844 2424 2929 potest?
2475 2856 2572 2911 est
2621 2845 2801 2911 enim.

730 2936 935 3022 pietas
978 2934 1219 2999 iustitia
1262 2935 1604 3001 adversum
1650 2936 1834 3014 deos,
1891 2960 2038 3002 cum
2090 2938 2324 3022 quibus
2369 2938 2525 3022 quid
2578 2950 2816 3025 potest-

731 3028 917 3093 nobis
953 3050 1093 3093 esse
1125 3027 1310 3105 iuris,
1356 3050 1504 3094 cum
1546 3029 1789 3095 homini
1835 3032 2012 3097 nulla
2047 3052 2194 3097 cum
2229 3032 2350 3097 deo
2387 3033 2469 3097 sit
2503 3053 2797 3097 commu·

732 3121 939 3187 nitas?
992 3122 1294 3187 sanctitas
1342 3134 1559 3189 autem
1606 3136 1703 3189 εει
1749 3126 2012 3191 scientia
2057 3125 2467 3192 colendorum
2504 3126 2800 3204 deorum,

734 3215 845 3299 qui
898 3236 1093 3298 quam
1140 3216 1225 3279 ob
1268 3238 1405 3281 rem
1440 3217 1701 3285 colendi
1752 3220 1879 3283 sint
1921 3242 2052 3284 non
2096 3219 2397 3304 intellego
2443 3219 2624 3283 nullo
2668 3244 2799 3287 nec

628 3298 705 3413 33²⁷
736 3319 999 3403 accepto
1034 3308 1121 3373 ab
1152 3308 1245 3401 eis
1289 3333 1409 3376 nec
1453 3324 1708 3396 sperato
1752 3313 1941 3378 bono,
2035 3314 2191 3395 quid
2226 3323 2322 3377 est
2363 3322 2581 3377 autem
2617 3315 2797 3397 quod

734 3398 888 3470 deos
930 3396 1308 3469 veneremur
1352 3417 1612 3491 propter
1657 3405 2140 3471 admirationem
2184 3405 2321 3471 eius
2373 3415 2671 3485 naturae,
2723 3408 2797 3473 in

736 3518 865 3582 qua
900 3496 1231 3583 egregium
1276 3496 1433 3561 nihil
1479 3498 1851 3565 videamus?
1900 3521 2052 3564 nam
2094 3498 2569 3584 superstitione,
2617 3502 2799 3585 quod

734 3590 993 3676 gloriari
1029 3591 1274 3668 soletis,
1307 3591 1497 3657 facile
1534 3604 1630 3657 est
1663 3592 1950 3669 liberari,
1987 3615 2134 3658 cum
2170 3592 2498 3657 sustuleris
2534 3616 2791 3663 omnem

735 3684 866 3749 vim
911 3685 1206 3762 deorum,
1256 3684 1381 3773 nisi
1426 3686 1591 3751 forte
1628 3686 1990 3773 Diagoram
2037 3696 2150 3750 aut
2181 3684 2624 3767 Theodorum,
2679 3692 2796 3774 qui

736 3772 992 3843 omnino
1046 3780 1199 3871 deos
1250 3802 1387 3847 esse
1439 3781 1794 3867 negabant,
1851 3802 2070 3847 censes
2121 3781 2592 3866 superstitiosos
2649 3808 2788 3850 esse

735 3870 1039 3979 potuisse.
1104 3896 1225 3960 ego
1258 3899 1340 3941 ιιε
1374 3875 1799 3961 Protagoram
1834 3875 2123 3959 quidem.
2160 3875 2266 3940 cui
2298 3888 2598 3943 neutrum
2630 3878 2799 3944 licu-

738 3963 876 4041 erit,
910 3988 1031 4033 nec
1066 3990 1207 4034 esse
1243 3969 1396 4035 deos
1430 3992 1549 4035 nec
1583 3991 1715 4034 non
1748 3992 1907 4035 esse.
1969 3968 2198 4034 horum
2235 3970 2403 4035 enim
2437 3973 2795 4038 sententiae

736 4059 1033 4131 omnium.
1066 4084 1196 4129 non
1238 4063 1431 4130 modo
1478 4063 1992 4151 superstitionem
2032 4064 2292 4142 tollunt,
2344 4064 2414 4129 in
2455 4085 2588 4149 qua
2627 4065 2793 4133 inest
