3292 4559
741 269 830 336 80
921 333 924 336 .
1152 334 1158 340 .
1254 308 1256 310 v
1355 280 1434 336 M.
1472 281 1747 338 TULLII
1784 278 2188 338 CICERONIS

637 428 720 478 130·
738 406 1108 472 liberantur.
1199 403 1444 470 accedit
1480 404 1563 468 ad
1606 425 1738 468 non
1773 403 2096 470 nullorum
2131 403 2553 472 animantium
2587 417 2653 472 et
2696 431 2809 474 ea·-

737 521 882 566 rum
915 523 1148 576 rerum,
1186 521 1348 583 quas
1384 510 1552 566 terra
1585 498 1815 584 gignit,
1853 499 2401 564 conservationem
2430 510 2493 566 et
2527 501 2805 568 salutem

738 595 1068 660 hominum
1121 594 1314 658 etiam
1367 593 1646 658 sollertia
1699 605 1763 658 et
1816 593 2176 679 diligentia3
2241 618 2393 659 nam
2444 597 2685 662 multae
2738 609 2807 662 et

735 689 1014 775 pecudes
1051 699 1117 754 et
1152 689 1380 773 stirpes
1409 699 1578 766 sunt,
1615 709 1783 772 quae
1812 688 1949 753 sine
1985 688 2432 774 procuratione
2468 689 2804 755 hominum

737 785 954 850 salvae
999 805 1140 870 esse
1182 805 1314 849 non
1359 793 1646 870 possunt.
1736 806 2013 870 magnae
2056 783 2250 850 etiam
2294 785 2803 871 opportunitates

738 879 822 945 ad
874 878 1118 945 cultum
1172 877 1504 942 hominum
1559 889 1753 962 atque
1808 878 2268 944 abundantiam
2324 880 2487 946 aliae
2540 879 2678 943 aliis
2732 879 2804 945 in

736 971 894 1038 locis
929 972 1352 1058 reperiuntur.
1439 973 1823 1058 Aegyptum
1856 971 2045 1037 Nilus
2078 973 2316 1059 inrigat
2350 984 2444 1049 et,
2482 995 2628 1038 cum
2664 982 2805 1037 tota

740 1077 998 1134 aestate
1023 1066 1320 1132 obrutam
1355 1067 1809 1152 oppletamque
1845 1068 2081 1144 tenuit,
2137 1078 2274 1133 tum
2310 1068 2549 1133 recedit
2592 1069 2804 1132 molli-

740 1172 966 1245 tosque
1001 1172 1062 1226 et
1099 1161 1438 1229 oblimatos
1474 1177 1663 1247 agros
1701 1161 1786 1226 ad
1821 1162 2163 1228 serendum
2196 1162 2515 1248 relinquit.
2578 1162 2803 1229 Meso-

737 1251 1084 1342 potamiam
1120 1256 1399 1320 fertilem
1433 1255 1629 1320 efficit
1656 1253 2100 1342 EuphrateS,
2082 1281 2151 1322 ιιι
2185 1279 2381 1367 quam
2415 1267 2570 1342 quot
2597 1279 2803 1322 annos

737 1349 922 1434 quasi
956 1372 1158 1417 novos
1195 1371 1384 1436 agros
1419 1350 1686 1414 invehit.
1774 1351 1977 1416 Indus
2012 1373 2195 1428 ver0,
2234 1351 2346 1435 qui
2382 1363 2481 1417 est.
2514 1351 2801 1416 omnium

736 1443 1074 1514 fluminum
1117 1445 1467 1520 maximus,
1519 1467 1653 1512 non
1696 1467 1865 1529 aqua
1909 1445 2117 1510 solum
2161 1467 2351 1534 agros
2397 1446 2700 1512 laetificat
2733 1457 2801 1511 et

737 1539 1008 1625 mitigat,
1045 1537 1160 1606 sed
1193 1560 1304 1604 eos
1341 1539 1534 1604 etiam
1563 1541 1865 1618 conserit3
1902 1563 2205 1626 magnam
2242 1541 2414 1606 enim
2442 1542 2575 1606 vim
2608 1541 2801 1606 semi-

559 1707 564 1709 ,
636 1656 712 1696 131
737 1656 894 1698 num
937 1655 1158 1699 secum
1192 1633 1500 1698 frumenti
1535 1633 1839 1699 similium
1874 1635 2105 1698 dicitur
2142 1635 2499 1720 deportare.
2564 1636 2799 1702 multa-

741 1750 865 1812 que
901 1727 1029 1794 alia
1069 1729 1140 1792 in
1174 1728 1314 1794 aliis
1358 1727 1517 1792 locis
1552 1729 2135 1796 commemorabilia
2178 1728 2465 1815 proferre
2509 1750 2799 1815 possum,

633 1841 703 1898 53
737 1823 972 1892 multos
1024 1823 1252 1892 fertilis
1303 1843 1494 1909 agros
1547 1822 1706 1888 alios
1762 1824 2032 1888 aliorum
2084 1823 2432 1893 fructuum.
2520 1825 2636 1890 sed
2688 1824 2800 1890 illa

739 1930 978 2007 quanta
1021 1920 1380 2006 benignitas
1423 1930 1720 1997 naturae,
1767 1919 1943 2006 quod
1984 1931 2119 1986 tam
2161 1920 2364 1985 multa
2406 1919 2490 1984 ad
2532 1942 2797 1986 vescen-

740 2016 921 2092 dum,
973 2025 1108 2082 tam
1150 2015 1329 2081 varia
1374 2025 1438 2081 et
1489 2024 1621 2080 tam
1665 2015 1949 2082 iucunda
1992 2015 2229 2102 gignit.
2278 2009 2492 2099 neque
2537 2037 2614 2080 ea
2666 2035 2794 2078 uno

615 2130 618 2132 ’
737 2121 1024 2196 tempore
1059 2110 1231 2186 anni,
1267 2120 1341 2175 ut
1371 2131 1622 2196 semper
1653 2120 1719 2176 et
1751 2111 2033 2176 novitate
2066 2111 2454 2176 delectemur
2480 2119 2544 2175 et
2578 2108 2793 2195 copia!

739 2225 932 2287 quam
965 2199 1377 2290 tempestivos
1414 2216 1629 2270 autem
1668 2205 1861 2281 dedit,
1896 2225 2093 2288 quam
2126 2205 2420 2270 salutaris
2448 2225 2579 2269 non
2604 2204 2799 2268 modo

736 2297 1096 2378 hominum,
1134 2299 1248 2366 sed
1285 2299 1478 2365 etiam
1511 2298 1835 2384 pecudum
1870 2297 2121 2383 generi,
2165 2299 2243 2364 iis
2280 2299 2555 2383 denique
2592 2298 2798 2363 omni-

738 2394 880 2471 bus,
917 2415 1084 2478 quae
1120 2393 1413 2459 oriuntur
1447 2415 1482 2458 e
1519 2404 1708 2469 terra,
1744 2402 1971 2456 ventos
2006 2391 2289 2458 Etesiae!
2328 2415 2601 2477 quorum
2635 2393 2797 2459 flatu

735 2487 916 2552 nimii
951 2498 1386 2574 temperantur
1419 2487 1694 2563 calores3
1732 2484 1813 2550 ab
1848 2485 2054 2550 isdem
2089 2486 2280 2551 etiam
2314 2486 2617 2552 maritimi
2650 2509 2799 2554 cur-

739 2605 847 2648 sus
883 2581 1120 2650 celeres
1157 2593 1224 2648 et
1258 2581 1415 2649 certi
1450 2581 1832 2666 diriguntur.
1884 2581 2089 2646 multa
2120 2583 2587 2667 praetereunda
2643 2591 2795 2647 sunt

635 2703 712 2743 132
726 2674 818 2755 [et
855 2688 1070 2744 tamen
1112 2677 1314 2742 multa
1357 2676 1715 2758 dicuntur}
1701 2726 1716 2757 ,
1742 2675 2098 2740 enumerari
2148 2676 2318 2741 enim
2361 2698 2493 2742 non
2527 2689 2798 2763 possunt

737 2769 1075 2838 fluminum
1100 2768 1625 2856 opportunitates,
1663 2779 1877 2834 aestus
1913 2769 2211 2833 maritimi
2244 2766 2580 2857 [multum]
2614 2793 2800 2838 acce-

740 2866 963 2932 dentes
997 2875 1060 2930 et
1095 2863 1496 2941 recedentes,
1533 2873 1785 2928 montes
1819 2863 2035 2929 vestiti
2070 2875 2262 2948 atque
2300 2864 2648 2943 silvestrae,
2694 2889 2799 2931 sa-

736 2960 916 3026 linae
957 2959 1042 3024 ab
1095 2979 1208 3023 ora
1260 2957 1582 3024 maritima
1632 2958 2095 3024 remotissimae
2108 3007 2127 3037 ,
2180 2959 2797 3036 medicamentorum

738 3051 1112 3118 salutarium
1145 3051 1555 3138 plenissimae
1589 3063 1817 3129 terrae,
1852 3075 1955 3118 res
1984 3053 2261 3138 denique
2295 3053 2797 3122 innumerabiles

635 3177 641 3186 ·
737 3147 822 3214 ad
865 3145 1107 3212 victum
1141 3158 1220 3214 et*
1254 3148 1338 3212 ad
1382 3147 1580 3214 vitam
1619 3147 2039 3222 necessariae.
2125 3147 2259 3212 iani
2293 3149 2419 3214 diei
2462 3149 2797 3234 noctisque

737 3241 1109 3311 vicissitudo
1173 3249 1509 3310 conservat
1569 3242 1910 3308 animantis
1974 3243 2261 3308 tribuens
2323 3243 2498 3310 aliud
2561 3243 2799 3330 agendi

735 3350 1018 3424 tempus,
1083 3339 1258 3407 aliud
1319 3338 1709 3424 quiescendi.
1817 3337 1908 3404 sic
1952 3339 2254 3424 ,undique
2315 3338 2491 3406 omni
2548 3338 2795 3405 ratione

737 3433 1138 3500 concluditur
1161 3443 1374 3503 mente
1401 3432 1790 3517 consilioque
1818 3432 2036 3498 divino
2063 3433 2278 3510 omnia
2302 3432 2370 3498 in
2404 3433 2528 3498 hoc
2552 3433 2796 3498 mundo

739 3529 822 3593 ad
855 3528 1127 3602 salutem
1163 3529 1449 3594 omnium
1484 3527 2155 3612 conservationemque
2192 3527 2647 3594 admirabiliter
2680 3527 2798 3592 ad-

737 3621 1098 3690 ministrari.

637 3737 712 3778 133
866 3718 998 3785 Hic
1033 3727 1299 3802 quaerat
1344 3716 1691 3802 quispiam,
1740 3717 2074 3784 cuiusnam
2110 3738 2305 3782 causa
2336 3727 2660 3784 tantarum
2694 3739 2796 3782 re.-

738 3835 883 3878 rum
933 3813 1178 3879 molitio
1231 3812 1404 3878 facta
1455 3813 1564 3877 sit:
1635 3812 2019 3879 arborumne
2071 3823 2137 3878 et
2186 3811 2567 3878 herbarum?
2626 3833 2795 3896 quae

739 3928 1133 3990 quamquam
1179 3906 1316 3972 sine
1351 3929 1545 3972 sensu
1581 3917 1759 3984 sunt,
1796 3918 2012 3973 tamen
2044 3930 2085 3972 a
2118 3917 2347 3972 natura
2380 3906 2792 3974 sustinentur.

739 4011 806 4064 at
837 3999 906 4064 id
950 3999 1212 4084 quidem
1256 4001 1606 4068 absurdum
1654 4011 1768 4068 est.
1858 4025 1938 4066 an
1976 4001 2361 4068 bestiarum?
2412 3999 2609 4065 nihilo
2644 3993 2796 4085 pross-

737 4094 1014 4160 habilius
1077 4096 1232 4164 deos
1299 4106 1622 4180 mutarum
1685 4106 1749 4162 et
1810 4095 1967 4160 nihil
2033 4093 2537 4182 intellegentium
2598 4115 2796 4160 causa
