3292 4559
1052 202 1054 204 ’
1092 225 1221 282 -Ds
1258 221 1586 282 osmcns
1622 225 1702 282 11.
1737 227 1906 284 3-9.
2401 217 2538 290 151

462 350 809 437 quaeritur
852 348 1049 416 animi
1090 348 1473 432 requiesque
1506 369 1833 426 curarum,
1879 371 2046 433 quae
2081 350 2356 420 conferri
2391 377 2538 423 cum

464 468 701 512 eorum
736 443 965 514 studiis
999 452 1237 529 potest,
1272 443 1387 527 qui
1422 465 1674 530 semper
1705 445 1952 528 aliquid
1985 447 2330 530 anquirunt
2363 451 2538 534 quod

462 549 720 626 spectet
756 549 821 604 et
854 537 1069 604 valeat
1098 536 1191 604 ad
1216 536 1382 606 bene
1418 537 1732 620 beateque
1769 538 2152 608 vivendum?
2203 542 2338 610 sive
2373 545 2537 638 ratio

462 632 875 712 constantiae
909 631 1289 714 virtutisque
1326 630 1599 708 ducitur,
1634 642 1748 696 aut
1781 631 1942 700 haec
1969 655 2072 700 ars
2099 645 2198 700 est
2221 647 2334 703 aut
2360 621 2538 704 nulla

462 728 758 804 omnino,
793 749 911 812 per
944 747 1139 810 quam
1165 747 1273 791 eas
1302 725 1766 809 adsequamur·
1797 726 2042 792 nullam
2069 727 2279 795 dicere
2309 751 2524 810 maxu-

463 845 729 888 marum
792 842 1009 888 rerum
1060 829 1263 886 artem
1315 842 1487 896 esse,
1551 841 1698 888 cum
1751 820 2160 888 minimarum
2211 823 2366 892 sine
2399 837 2534 896 arte

460 916 649 982 nulla
685 915 790 992 sit,
822 912 1157 980 hominum
1192 924 1290 980 est
1320 936 1549 999 parum
1584 912 1980 982 considerate
2013 915 2412 999 loquentium
2441 930 2535 986 at·-

462 1025 599 1095 que
652 1010 724 1076 in
772 1008 1093 1076 maxumis
1144 1007 1337 1074 rebus
1391 1008 1766 1086 errantium3
1819 1009 1876 1074 si
1919 1019 2136 1076 autem
2181 1021 2276 1076 est
2321 1012 2536 1096 aliqua

458 1105 811 1190 disciplina
845 1103 1119 1181 virtutis,
1154 1103 1267 1172 ubi
1303 1127 1379 1168 ea
1414 1114 1778 1188 quaeretur,
1813 1124 1962 1170 cum
1989 1104 2072 1172 ab
2098 1103 2220 1174 hoc
2247 1105 2534 1174 discendi

456 1221 709 1286 genere
757 1197 1163 1264 discesseris?
1216 1197 1331 1262 sed
1370 1197 1565 1276 haec,
1608 1220 1760 1264 cum
1805 1198 1888 1265 ad
1922 1197 2393 1286 philosophiam
2424 1222 2534 1266 00-

460 1297 835 1370 hortamur,
870 1292 1231 1358 accuratius
1266 1291 1577 1378 disputari
1613 1292 1846 1371 solent,
1881 1294 2058 1377 quod
2091 1293 2217 1360 0110
2251 1296 2532 1378 quodam

458 1390 637 1456 libro
682 1387 953 1454 fecimus
965 1411 983 1464 3
1038 1386 1162 1452 hoc
1206 1395 1423 1452 autem
1456 1396 1750 1472 'tempore
1794 1397 2044 1454 tantum
2087 1389 2272 1454 nobis
2319 1389 2532 1456 decla-

460 1481 749 1548 randum
788 1479 968 1562 fuit,-
991 1502 1105 1546 cur
1148 1478 1355 1544 orbati
1397 1479 1491 1548 rei
1532 1480 1830 1566 publicae
1874 1483 2244 1549 muneribus
2289 1483 2373 1549 ad
2407 1483 2532 1550 hoc

460 1598 583 1642 nos
638 1573 925 1640 studium
980 1573 1380 1658 potissimum
1422 1573 1930 1640 contulissemus.
2019 1576 2372 1642 occurritur
2415 1598 2530 1641 au-

458 1685 599 1736 tem
644 1667 863 1744 nobis,
908 1678 973 1732 et
1016 1667 1278 1750 quidem
1322 1689 1363 1732 a
1406 1667 1607 1736 doctis
1653 1677 1720 1734 et
1755 1667 2018 1734 eruditis
2055 1669 2529 1752 quaerentibus,

460 1753 708 1834 00110110
734 1770 1097 1828 constanter
1122 1761 1335 1828 facere
1361 1761 1714 1840 videamur,
1749 1762 1882 1845 qui,
1919 1784 2066 1828 cum
2103 1763 2349 1849 percipi
2371 1762 2532 1832 nihil

460 1880 659 1944 posse
706 1856 1028 1932 dicamus,
1074 1865 1291 1920 tamen
1334 1865 1401 1920 et
1442 1854 1583 1920 aliis
1630 1854 1712 1920 de
1755 1854 1950 1921 rebus
1985 1856 2292 1922 disserere
2329 1857 2532 1924 solea·-
2607 1925 2614 1935 ,

460 1975 611 2016 mus
662 1961 728 2016 et
772 1947 897 2015 1100
936 1947 1078 2034 ipso
1114 1960 1399 2034 tempore
1432 1959 1776 2034 praecepta
1809 1948 2004 2016 officii
2039 1970 2530 2034 persequamur3

460 2045 707 2132 quibus
757 2043 987 2112 vellem
1030 2043 1183 2108 satis
1228 2042 1485 2130 cognita
1532 2055 1702 2110 esset
1745 2053 1964 2108 nostra
2007 2044 2348 2112 sententia:
2401 2065 2532 2113 non

460 2139 645 2206 0111111
676 2160 901 2204 sumus
933 2137 1001 2213 ii,
1034 2157 1311 2221 quorum
1336 2147 1607 2223 vagetur
1632 2136 1884 2202 animus
1911 2159 2122 2204 errore
2149 2159 2269 2202 nec
2295 2136 2531 2204 habeat
2650 2197 2653 2201 .

457 2255 781 2318 umquam
822 2231 981 2317 quid
1024 2242 1327 2314 sequatur
1334 2254 1353 2311 ς
1408 2252 1573 2315 quae
1618 2230 1790 2296 enim
1834 2242 2003 2296 esset
2044 2231 2170 2296 ista
2209 2253 2388 2299 mens
2425 2233 2528 2300 vel

458 2351 635 2412 quae
688 2326 823 2392 vita
870 2325 1115 2410 potius,
1168 2346 1299 2391 non
1344 2324 1535 2400 modo
1582 2324 1982 2410 disputandi,
2035 2325 2152 2394 sed
2195 2325 2411 2392 etiam·
2432 2326 2529 2394 vi-

460 2421 663 2488 vendi
710 2420 957 2487 ratione
1002 2419 1293 2485 sublata?
1360 2441 1479 2486 nos
1524 2431 1768 2496 autem,
1813 2430 1886 2486 ut
1930 2420 2120 2487 ceteri
2165 2420 2290 2486 0110
2333 2431 2526 2502 certa,

460 2517 610 2582 alia·
631 2516 876 2582 incerta
910 2536 1050 2582 esse
1086 2513 1327 2592 dicunt,
1360 2513 1455 2580 sic
1489 2515 1573 2580 ab
1606 2513 1706 2580 his
1743 2513 2188 2583 dissentientes
2223 2515 2348 2581 alia
2379 2537 2528 2601 pro·-

460 2610 741 2688 habilia,
791 2618 1013 2674 contra
1066 2607 1195 2674 alia
1244 2607 1536 2674 dicimus.
1624 2608 1782 2691 quid
1825 2619 1923 2674 est
1963 2609 2162 2695 igitur
2203 2609 2378 2693 quod
2421 2633 2528 2676 me

461 2704 755 2789 inpediat
788 2725 889 2780 ea,
922 2723 1089 2785 quae
1123 2700 1482 2787 probabilia
1514 2701 1674 2766 mihi
1708 2702 2074 2779 videantur,
2111 2703 2322 2786 sequi,
2359 2723 2526 2786 quae

461 2807 710 2874 contra,
745 2795 1085 2882 inprobare
1122 2805 1314 2878 atque
1343 2794 1724 2860 adfirmandi
1749 2795 2190 2880 adrogantiam
2219 2794 2526 2860 vitantem

463 2893 697 2978 fugere
732 2891 1175 2968 temeritatem,
1212 2911 1379 2974 quae
1416 2913 1456 2954 a
1492 2889 1808 2974 sapientia
1841 2888 2106 2955 dissidet
2140 2885 2526 2973 plurimum?

462 2997 693 3054 contra
734 2996 952 3050 autem
996 2984 1211 3052 omnia
1253 2983 1615 3070 disputatur
1661 3007 1702 3049 a
1743 2984 2007 3060 nostris,
2052 2982 2228 3067 quod
2269 2981 2394 3050 hoc
2427 2982 2526 3067 ip-

462 3105 615 3150 sum
649 3079 982 3166 probabile
1018 3080 1268 3146 elucere
1302 3101 1432 3144 non
1464 3090 1710 3164 posset,
1755 3080 1878 3146 nisi
1921 3102 2004 3147 ex
2039 3090 2308 3162 utraque
2343 3089 2525 3164 parte

460 3197 811 3242 causarum
845 3184 1015 3240 esset
1047 3174 1221 3240 facta
1252 3173 1595 3240 contentio.
1667 3174 1784 3240 sed
1815 3174 1976 3241 haec
2009 3175 2350 3258 explanata
2375 3184 2528 3250 sunt

460 3271 535 3336 in
568 3267 983 3338 Academicis
1026 3267 1257 3334 nostris
1302 3267 1455 3334 satis
1468 3316 1486 3347 ,
1530 3279 1603 3334 ut
1646 3268 1946 3345 arbitror,
1991 3268 2355 3353 diligenter3
2408 3267 2526 3333 tibi

456 3373 723 3440 autem,
762 3363 851 3428 mi
890 3359 1150 3438 Cicer0,
1197 3381 1590 3445 quamquam
1630 3361 1700 3426 in
1735 3361 2178 3444 antiquissima
2209 3359 2526 3427 nobilissi-

460 3478 707 3541 maque
751 3455 1158 3542 philosophia
1192 3453 1502 3541 Cratippo
1551 3466 1811 3530 auctore
1855 3453 2160 3529 versaris,
2203 3451 2283 3518 iis
2329 3451 2529 3516 simil—

460 3552 653 3628 111110,
700 3550 815 3636 qui
856 3550 979 3617 1810
1022 3548 1353 3636 praeclara
1386 3559 1802 3634 pepererunt,
1848 3558 2062 3613 tamen
2093 3545 2256 3612 haec
2288 3555 2526 3621 nostra,

461 3645 761 3712 finituma
794 3645 1051 3724 vestris,
1094 3644 1319 3732 ignota
1350 3665 1492 3710 esse
1524 3641 1977 3710 11011110οᾶ
1957 3664 2088 3708 1am
2121 3639 2208 3706 ad
2239 3639 2528 3708 instituta

463 3761 835 3826 pergamus.

598 3832 909 3918 Quinque
974 3833 1173 3920 igitur
1240 3831 1591 3899 rationibus
1657 3831 1996 3916 propositis
2055 3828 2253 3897 officii
2311 3849 2601 3938 perse-9

460 3928 737 4011 quendi,
780 3949 1057 4012 quarum
1102 3926 1268 3993 duae
1314 3927 1397 3994 ad
1442 3927 1638 3995 decus
1683 3925 2208 4008 honestatemque
2252 3922 2528 4008 pertine-

460 4033 637 4102 rent,
675 4022 843 4090 duae
887 4021 971 4088 ad
1017 4022 1353 4088 commoda
1398 4021 1595 4102 vitae,
1642 4021 1890 4120 copias,
1935 4041 2122 4105 epse,
2162 4017 2526 4172 {scultatea

2577 3819 2612 3872 3
