3292 4559
643 2856 712 2904 13

651 2928 700 2964 M

740 191 826 259 62
978 163 986 168 ’
1260 245 1264 252 .
1355 199 1433 254 M.
1469 197 1744 256 TULLII
1778 165 2178 254 CICERONIS

738 336 975 394 rentur.
1064 345 1216 409 ergo
1271 322 1394 388 hoc
1439 322 1703 405 quidem
1745 319 2158 406 perspicuum·
2177 328 2325 395 .est,
2381 341 2492 386 eos
2547 320 2632 384 ad
2673 321 2794 385 im-

738 418 1095 504 perandum
1130 416 1328 502 deligi
1362 416 1610 492 solitos,
1658 436 1932 498 quorum
1966 413 2046 480 de
2078 413 2320 479 iustitia
2353 435 2592 498 magna
2627 427 2796 482 esset

740 516 952 596 opinio
1008 510 1426 577 multitudinis
1438 535 1456 586 3
1510 510 1812 576 adiuncto
1865 529 2016 574 vero
2068 518 2141 571 ut
2191 506 2364 571 idem
2408 507 2599 573 etiam
2643 531 2799 592 pru-

743 608 960 672 dentes
996 604 1382 672 haberemur
1414 603 1573 669 nihil
1608 613 1747 670 erat
1779 602 1952 685 quod
1986 600 2275 668 homines
2309 600 2388 666 iis
2424 598 2796 668 auctoribus

740 724 864 764 non
920 720 1106 784 posse
1160 698 1467 782 consequi
1518 721 1587 763 se
1641 697 2116 762 arbitrarentur.
2217 693 2392 759 omni
2443 695 2645 780 igitur
2694 719 2797 762 ra-

740 796 908 856 tione
948 793 1213 860 nolenda
1246 803 1311 858 et
1344 791 1677 857 retinenda
1709 789 1952 856 iustitia
1985 801 2110 866 est,
2147 811 2296 856 cum
2327 788 2469 874 ipsa
2501 810 2620 874 per
2655 813 2796 859 sese

744 928 832 932 —r
867 912 1015 952 nani
1061 888 1242 953 aliter
1274 885 1519 952 iustitia
1551 907 1681 950 non
1716 895 1884 950 esset
1914 920 2024 960 —,
2059 895 2197 948 tum
2231 893 2491 968 propter
2524 885 2799 970 amplifi-

744 984 1056 1048 sationem
1089 981 1346 1046 honoris
1382 991 1448 1046 et
1480 980 1743 1066 gloriae.
1831 978 1946 1044 sed
1979 989 2052 1043 ut
2086 977 2395 1062 pecuniae
2428 999 2564 1043 non
2599 999 2798 1062 quae·

744 1076 976 1140 rendae
1022 1075 1228 1141 solum
1261 1074 1425 1140 ratio
1460 1085 1587 1157 est,
1634 1095 1860 1139 verum
1894 1072 2088 1138 etiam
2122 1054 2583 1147 conlocandae,
2628 1093 2796 1155 quae

744 1184 1081 1252 perpetuos
1134 1178 1425 1252 sumptus
1477 1167 1868 1252 suppeditet,
1928 1186 2050 1232 nec
2110 1165 2319 1231 solum
2378 1165 2796 1242 necessarios,

744 1268 856 1328 sm}
896 1264 1084 1328 [etiam
1116 1262 1417 1338 liberalis,
1453 1262 1547 1328 sic
1578 1262 1786 1347 gloria
1819 1271 1884 1326 et
1918 1260 2283 1344 quaerenda
2309 1269 2374 1324 et
2402 1259 2800 1327 conlocanda

748 1360 984 1420 ratione
1020 1367 1144 1421 est:
1180 1376 1571 1438 quamquam
1605 1355 1930 1440 praeclare
1967 1352 2268 1420 Socrates
2300 1352 2469 1418 hanc
2501 1353 2679 1420 viam
2713 1353 2800 1419 ad

740 1452 1011 1532 gloriam
1052 1447 1413 1534 proximam
1448 1459 1513 1514 et
1546 1449 1730 1532 quasi
1765 1446 2304 1531 compendiariam
2339 1446 2598 1513 dicebat
2631 1469 2797 1524 esse,

744 1548 796 1604 εἰ,
848 1544 992 1624 quis
1038 1543 1110 1608 id
1162 1554 1409 1626 ageret,
1462 1552 1565 1618 ut,
1618 1541 1826 1624 qualis
1878 1539 2102 1606 haberi
2147 1540 2365 1616 vellet,
2417 1539 2562 1605 talis
2609 1551 2797 1606 esset.

744 1640 916 1720 qumi
952 1640 1008 1700 si
1039 1636 1154 1720 qui
1188 1635 1587 1703 simulatione
1623 1645 1689 1701 et
1719 1634 1897 1700 inani
1931 1634 2352 1701 ostentatione
2388 1645 2452 1700 et
2486 1634 2638 1700 ficto
2665 1656 2798 1700 non

748 1736 932 1796 math]
984 1753 1271 1799 sermone
1307 1730 1423 1797 sed
1458 1730 1652 1796 etiam
1684 1731 1865 1796 voltu
1899 1729 2195 1794 stabilem
2228 1751 2299 1793 se
2332 1727 2608 1812 gloriam
2645 1750 2797 1795 con-

744 1828 924 1908 sequi?
960 1847 1144 1912 posse
1178 1836 1419 1902 rentur,
1456 1823 1864 1890 vehementer
1899 1833 2143 1888 errant:
2200 1844 2353 1888 vera
2385 1822 2595 1907 gloria
2629 1823 2799 1888 radi-

744 1944 848 1984 -zssffl
896 1920 1028 2004 agit
1078 1929 1271 2003 atque
1328 1919 1519 1986 etiam
1566 1927 1956 2003 propagatur
1967 1941 1986 1993 3
2041 1916 2192 1982 ficta
2241 1916 2457 1981 omnia
2509 1917 2800 1984 celeriter

748 2036 1071 2096 nunquam
1114 2013 1365 2080 flosculi
1413 2012 1743 2088 decidunt,
1788 2032 1908 2078 neo
1951 2011 2319 2076 simulatum
2361 2014 2573 2095 po'test
2616 2012 2798 2094 quio-

748 2132 940 2192 quam
976 2129 1113 2172 esse
1148 2107 1536 2172 diuturnum.
1609 2117 1802 2172 testes
1840 2116 1988 2170 sunt
2019 2103 2321 2189 permulti
2353 2104 2421 2167 in
2456 2115 2798 2188 utramque

748 2222 1009 2284 partmn,
1045 2201 1161 2266 sed
1194 2201 1521 2265 brevitatis
1559 2222 1754 2265 causa
1787 2199 2030 2265 familia
2065 2198 2344 2265 contenti
2372 2197 2609 2263 erimus
2638 2222 2796 2265 una:

748 2296 1041 2358 '‘sitm-ius
1076 2293 1248 2358 enim
1282 2292 1637 2369 Gracchus,
1674 2293 1754 2357 P.
1791 2293 1836 2357 f.
1850 2341 1869 2370 ,
1905 2305 2037 2358 tam
2073 2293 2184 2358 diu
2216 2291 2604 2368 laudabitur,
2643 2293 2798 2359 dum

747 2388 1048 2452 memoria
1098 2409 1312 2451 rerum
1356 2387 1794 2453 Romanarum
1843 2385 2156 2462 manebit,
2207 2397 2274 2450 at
2325 2385 2462 2452 eius
2517 2387 2636 2452 fflii
2679 2410 2798 2455 nec

751 2484 872 2540 rivi
912 2479 1341 2563 probabantur
1375 2481 1565 2547 bonis
1595 2491 1664 2544 et
1695 2481 1931 2547 mortui
1964 2503 2302 2546 numerum
2338 2479 2632 2547 obtinent
2659 2481 2798 2546 iure

748 2595 1095 2637 [versant-um.
1158 2573 1269 2656 qui
1302 2574 1497 2658 igitur
1534 2573 1799 2658 adipisci
1832 2596 2055 2640 veram
2088 2573 2360 2659 gloriam
2385 2572 2578 2650 volet,
2614 2575 2800 2640 iusti-

751 2670 868 2732 tim:
908 2668 1212 2752 fungatur
1239 2667 1501 2734 officiis:
1538 2691 1617 2734 ea
1652 2689 1818 2751 quae
1853 2679 2084 2744 essent,
2121 2667 2362 2734 dictum
2396 2677 2495 2733 est
2527 2669 2599 2735 in
2631 2668 2800 2734 libro

748 2764 1085 2844 superiore.
1236 2767 1241 2770 ’
2178 2796 2181 2799 ·

880 2856 1009 2920 Sed
1041 2865 1115 2920 ut
1148 2856 1477 2934 facillime,
1520 2858 1741 2940 quales
1787 2855 2012 2931 simu's,
2062 2857 2219 2921 tales
2264 2878 2404 2922 esse
2439 2855 2800 2933 videamur,

748 2952 860 3015 etsi
908 2954 976 3012 in
1016 2971 1091 3014 eo
1138 2950 1279 3034 ipso
1315 2952 1411 3019 vis
1446 2951 1726 3017 maxima
1763 2962 1886 3026 est,
1931 2960 2004 3014 ιιι
2048 2951 2248 3017 simus
2292 2949 2366 3026 ii,
2413 2944 2528 3033 qui
2572 2949 2800 3015 haberi

749 3044 932 3104 velim
940 3067 1032 3119 115,
1068 3055 1285 3108 tamen
1320 3045 1637 3128 quaedam
1672 3055 2013 3129 praecepta
2049 3043 2262 3109 danda
2296 3053 2462 3108 sunt.
2549 3067 2709 3109 *nam
2741 3044 2799 3108 si

748 3140 888 3216 quis·
936 3136 1015 3200 ab
1059 3135 1319 3204 ineunte
1364 3147 1570 3203 aetate
1615 3137 1811 3210 habet
1853 3159 2114 3204 causam
2157 3137 2544 3204 celebritatis
2580 3148 2649 3202 et
2683 3160 2798 3202 no-

744 3232 928 3292 minis
968 3239 1077 3293 aut
1110 3253 1151 3294 a
1182 3241 1361 3316 patre
1397 3242 1757 3316 acceptam,
1802 3231 1978 3314 quod
2011 3231 2158 3308 tibi,
2204 3231 2295 3296 mi
2330 3227 2592 3308 Cicero,
2628 3231 2799 3297 arbi-

744 3343 876 3388 tror
920 3324 1288 3410 contigisse,
1334 3337 1448 3390 aut
1492 3326 1707 3408 aliquo
1751 3347 1906 3393 casu
1950 3337 2143 3410 atque
2186 3326 2474 3402 fortuna,
2517 3326 2590 3393 in
2623 3325 2798 3390 hunc

748 3420 911 3484 oculi
976 3419 1261 3486 omnium
1320 3420 1718 3486 coniciuntur
1780 3430 1973 3503 atque
2029 3420 2098 3487 in
2161 3442 2336 3497 eum,
2403 3418 2560 3502 quid
2620 3431 2795 3503 agat,

744 3536 936 3596 quum
972 3513 1354 3592 admodum
1387 3515 1581 3590 vivat,
1613 3514 1954 3597 inquiritur
1987 3524 2072 3590 et,
2108 3524 2438 3597 tamquam
2471 3513 2542 3578 in
2573 3511 2794 3578 claris-

748 3608 908 3668 sima
950 3608 1092 3673 luce
1134 3619 1447 3685 versetur,
1492 3609 1584 3673 ita
1625 3609 1873 3674 nullum
1917 3607 2260 3674 obscurum
2297 3617 2511 3692 potest
2540 3627 2662 3673 nec
2697 3605 2797 3670 di-

748 3717 920 3764 etum
976 3701 1111 3768 eius
1154 3724 1295 3769 esse
1326 3724 1447 3769 nec
1490 3701 1764 3779 factum3
1818 3723 2090 3785 quarum
2125 3711 2342 3769 autem
2373 3701 2584 3786 prima
2619 3711 2797 3768 aetas

744 3810 1000 3876 propter
1032 3795 1451 3862 humilitatem
1485 3806 1548 3862 et
1584 3795 2035 3862 obscuritatem
2067 3795 2138 3862 in
2170 3794 2504 3863 hominum
2536 3794 2799 3880 ignora·-

748 3888 912 3952 timffl
984 3899 1300 3966 versatur,
1354 3890 1427 3965 ii,
1500 3889 1690 3955 simul
1760 3911 1837 3954 ac
1896 3889 2159 3956 iuvenes
2221 3911 2362 3954 esse
2423 3898 2796 3973 coeperunt,

744 4004 980 4066 magna
1028 3993 1315 4067 spectare
1368 3995 1432 4051 et
1492 3984 1577 4050 ad
1620 4005 1699 4051 ea
1741 3982 1931 4052 rectis
1974 3983 2200 4052 studiis
2247 3983 2484 4051 debent
2525 3992 2791 4051 conten·

2576 4101 2611 4109 ῃ
