3292 4559
834 307 961 375 206
1449 314 1527 367 M.
1563 290 1838 369 TULLn
1871 263 2270 368 ommoms

832 445 1000 521 eius,
1040 440 1213 505 unde
1249 437 1565 503 anhelitus
1597 435 1706 502 ille
1740 448 1947 503 terrae
1981 436 2186 511 fieret,
2235 456 2364 519 quo
2396 432 2628 521 Pythia
2659 450 2840 505 mente

833 537 1092 601 imitata
1136 535 1395 599 oracula
1437 532 1673 598 ederet.
1762 532 1844 597 de
1895 530 2047 596 vino
2098 540 2212 597 aut
2263 531 2634 597 salsamento
2683 544 2840 619 putes

830 633 1027 713 loqui,
1062 652 1228 717 quae
1256 639 1646 695 evanescunt
1673 637 2019 694 vetustate:
2056 627 2138 694 de
2162 627 2232 693 vi
2256 626 2381 693 loci
2408 627 2630 713 agitur,
2663 649 2840 712 neque

834 729 1040 791 allum
1073 724 1352 792 naturali
1385 723 1499 789 sed
1535 723 1729 788 etiam
1764 722 2012 800 divina3
2050 743 2217 807 quae
2251 743 2380 806 quo
2408 721 2655 787 tandem
2676 722 2840 787 modo

834 820 1127 886 uastauit?
1165 817 1537 885 ‘vetustate'
1574 817 1847 902 inquies.
1902 840 2071 902 quae
2096 828 2382 883 vetustas
2408 827 2524 895 est,
2558 838 2702 902 quae
2727 817 2839 880 vim

834 917 1113 981 divinam
1148 914 1459 979 conficere
1493 911 1733 999 possit?
1775 911 1933 996 quid
1965 923 2098 977 tam
2126 912 2416 978 divinum
2449 923 2651 978 autem
2671 932 2837 994 quam

834 1009 1102 1074 adflatus
1138 1032 1174 1074 e
1219 1018 1388 1073 terra
1430 1016 1712 1072 mentem
1762 1007 1856 1071 ita
1897 1028 2192 1084 movens,
2246 1018 2321 1071 ut
2365 1030 2507 1073 eam
2548 1004 2836 1092 providam

830 1125 1043 1169 rurum
1084 1103 1446 1169 futurarum
1484 1101 1753 1179 efficiat,
1798 1112 1873 1167 ut
1917 1124 1996 1167 ea
2028 1124 2158 1166 non
2201 1101 2396 1168 modo
2434 1111 2642 1168 cernat
2670 1098 2837 1165 multo

830 1217 998 1277 ants,
1033 1198 1147 1263 sed
1174 1197 1367 1264 etiam
1383 1218 1650 1264 numero
1677 1219 1998 1282 versuque
2027 1198 2438 1283 pronuntiet?
2471 1196 2709 1282 quando
2739 1195 2838 1258 ista

830 1297 922 1357 vis.
962 1302 1177 1360 autem
1213 1291 1513 1358 evanuit?
1548 1315 1633 1357 an
1667 1302 1816 1377 post
1848 1313 2043 1376 quam
2079 1292 2372 1359 homines
2406 1292 2609 1357 minus
2634 1288 2838 1357 creduli

726 1409 802 1445 ns
830 1409 970 1453 usse
1006 1386 1389 1471 coeperunt?
1431 1384 1908 1452 Demosthenes
1944 1385 2230 1470 quidem,
2269 1387 2385 1472 qui
2418 1386 2640 1451 abhinc
2669 1404 2836 1449 annos

826 1501 1023 1565 prnpe
1059 1490 1374 1545 trecentos
1408 1479 1552 1556 fuit,
1587 1480 1718 1544 iam
1753 1491 1891 1545 tum
1923 1480 2349 1566 φιλιππίζειν
2376 1480 2665 1567 Pythiam
2697 1478 2836 1542 dice·

830 1577 966 1649 hat,
1015 1574 1087 1639 id
1128 1586 1254 1652 est,
1308 1574 1494 1658 quasi
1538 1596 1690 1641 cum
1721 1574 2027 1661 Philippo
2071 1574 2310 1643 facere.
2396 1575 2520 1641 hoc
2552 1586 2746 1641 autem
2775 1591 2836 1635 eo

826 1668 1180 1753 :2121entabat‚
1226 1680 1300 1734 ut
1335 1691 1476 1735 eam
1513 1692 1553 1734 a
1584 1668 1890 1755 Philippo
1928 1681 2299 1756 corruptam
2334 1671 2594 1747 diceret3
2637 1690 2702 1733 ex
2729 1686 2837 1749 quo

830 1765 970 1825 linuit
1006 1763 1393 1829 existumare
1426 1763 1494 1827 in
1538 1763 1680 1829 aliis
1728 1784 1981 1849 quoque
2017 1765 2298 1831 oraculis
2366 1762 2684 1851 Delphicis
2743 1759 2838 1825 ali·
2934 1823 2937 1846 ,

826 1857 982 1939 quid
1013 1880 1144 1928 non
1178 1858 1407 1924 sinceri
1450 1858 1669 1924 fuisse.
1743 1858 1856 1925 sed
1890 1858 2105 1925 nescio
2142 1880 2273 1943 quo
2316 1860 2505 1926 modo
2538 1858 2636 1923 isti
2665 1855 2839 1943 philo-
2934 1860 2937 1910 ἐ

826 1953 1008 2037 ειῑ]],]1ῄ
1035 1952 1453 2038 superstitiosi
1484 1963 1548 2018 et
1575 1975 1781 2039 paene
1808 1952 2068 2019 fanatici
2087 1954 2352 2038 quidvis
2371 1956 2557 2020 malle
2583 1952 2838 2017 videntur
2936 2020 2937 2027 χ

826 2069 1020 2125 {piam
1054 2068 1123 2113 se
1169 2069 1299 2112 non
1333 2046 1614 2133 ineptos:
1673 2048 2008 2119 evanuisse
2051 2049 2353 2115 mavoltis
2389 2060 2454 2116 et
2498 2047 2837 2115 exstinctum

826 2165 966 2205 esse
1002 2139 1096 2218 id,
1133 2142 1335 2225 quod,
1381 2143 1434 2206 si
1470 2164 1778 2226 umquam
1810 2144 2070 2222 fuisset,
2117 2154 2289 2210 certe
2329 2155 2647 2211 aeternum
2680 2150 2833 2213 esset,

827 2257 1021 2317 quam
1056 2257 1153 2311 ea,
1192 2256 1358 2320 quae
1394 2258 1524 2301 non
1560 2247 1710 2301 sunt
1743 2237 2080 2317 credenda,
2117 2260 2246 2303 non
2284 2240 2560 2306 credere.

722 2329 786 2417 ⁴31{⁴
954 2328 1196 2397 Similis
1234 2340 1332 2398 est
1368 2352 1541 2395 error
1574 2331 1643 2395 in
1680 2330 1961 2409 somniiS,
1998 2353 2272 2416 quorum
2302 2335 2563 2418 quidem
2587 2327 2832 2398 defensio

724 2405 1091 2505 ²²⁴⁴1-npstita
1143 2442 1339 2506 quam
1390 2424 1581 2510 longe
1634 2424 1761 2489 estl
1818 2425 2068 2492 divinos
2123 2428 2374 2493 animos
2427 2437 2675 2495 censent
2721 2442 2833 2488 esse
2932 2499 2933 2511 ἵ

825 2529 1069 2579 nostros
1134 2536 1371 2601 eosque
1438 2539 1577 2583 esse
1639 2529 1876 2584 tractos
1940 2521 2336 2587 extrinsecus
2397 2523 2833 2601 animorumque
2932 2532 2933 2537 ’

822 2608 1351 2676 ffizmaentientium
1378 2612 1785 2679 multitudine
1815 2616 2180 2701 conpletum
2210 2641 2349 2684 esse
2382 2618 2704 2692 mundum3
2737 2613 2832 2676 hac
2930 2661 2931 2671 κ

822 2709 1015 2789 igitur
1065 2706 1295 2771 mentis
1348 2716 1413 2771 et
1462 2706 1666 2792 ipsius
1721 2709 2050 2777 divinitate
2105 2722 2168 2776 et
2228 2713 2664 2779 coniunctione
2712 2727 2832 2773 cum

822 2800 1096 2865 natet-nis
1132 2800 1451 2866 mentibus
1480 2803 1655 2867 cerni
1684 2825 1849 2888 quae
1889 2804 2015 2869 sint
2049 2804 2296 2883 futura3
2335 2806 2620 2872 contrahi
2652 2812 2832 2868 autem

822 2897 1105 2958 animum
1142 2893 1319 2959 Zeno
1358 2910 1421 2961 et
1464 2898 1650 2981 quasi
1692 2899 1822 2963 labi
1869 2908 2052 2985 putat
2103 2911 2295 2983 atque
2331 2901 2658 2967 concidere
2691 2906 2746 2961 et
2780 2892 2834 2956 icl
2924 2912 2925 2915 ’

818 2990 1030 3071 ipsum
1065 3009 1205 3052 esse
1241 2989 1535 3057 dormire.
1624 2991 1755 3057 iam
1789 2992 2200 3079 Pythagoras
2238 3006 2302 3059 et
2333 2994 2555 3073 Plato,
2588 2988 2832 3075 locuple-

822 3081 1043 3145 tissimi
1080 3093 1390 3163 auctores,
1429 3106 1558 3169 quo
1594 3080 1664 3151 in
1701 3087 1934 3152 somnis
1973 3088 2241 3153 certiora
2276 3088 2634 3165 videamus,
2678 3103 2832 3173 prae·

818 3185 1071 3261 paratos
1107 3177 1385 3259 quodam
1422 3179 1599 3245 cultu
1634 3192 1827 3265 atque
1856 3181 2037 3245 ‘victu
2080 3182 2399 3267 proficisci
2435 3183 2519 3249 ad
2553 3179 2831 3247 dormien-

818 3273 974 3333 dum
1015 3269 1239 3336 iubent
1246 3294 1265 3348 3
1320 3270 1473 3336 faba
1516 3273 1776 3356 quidem
1820 3274 2215 3361 Pythagorei
2258 3276 2482 3362 utique
2529 3276 2830 3343 abstinere,

818 3365 1002 3449 qnasi
1034 3386 1187 3431 vero
1223 3387 1299 3431 eo
1336 3366 1479 3431 cibo
1512 3389 1714 3445 mens,
1750 3390 1881 3434 non
1917 3381 2142 3435 venter
2175 3370 2448 3437 infletur.
2503 3371 2616 3438 sed
2647 3361 2831 3433 nesciO

818 3481 946 3541 qun
982 3460 1173 3526 modo
1208 3460 1367 3529 nihil
1402 3473 1535 3526 tam
1570 3460 1848 3528 absurde
1885 3463 2010 3529 dici
2043 3475 2282 3549 potest,
2320 3466 2496 3550 quod
2528 3487 2654 3531 non
2687 3460 2833 3525 dica·

717 3569 790 3605 ῑὲῡ
818 3569 922 3617 tur
974 3554 1054 3619 ab
1108 3554 1322 3639 aliquo
1373 3554 1917 3641 philosophorum.
2015 3569 2233 3623 utrum
2283 3560 2482 3647 igitur
2533 3570 2831 3625 censemus

818 3647 1265 3713 dormientium
1295 3648 1537 3713 animos
1566 3670 1684 3735 per
1710 3671 1861 3716 sene
1896 3652 2070 3737 ipsos
2097 3652 2166 3717 in
2193 3654 2566 3720 somniando
2599 3643 2833 3718 moveri,

818 3769 894 3805 an
910 3791 926 3817 L.
972 3753 1043 3805 ut
1077 3740 1489 3805 Democritus
1526 3753 1772 3824 censet,
1818 3756 2081 3812 externa
2115 3757 2182 3813 et
2229 3748 2586 3816 adventicia
2618 3742 2833 3811 visione

817 3835 1093 3921 pulsari?
1135 3834 1269 3899 sive
1315 3835 1484 3900 enim
1518 3836 1613 3902 sic
1647 3849 1746 3904 est
1779 3840 1915 3905 sive
1948 3840 2057 3905 illo
2094 3842 2314 3920 modo,
2359 3842 2560 3909 videri
2594 3840 2834 3926 possunt

814 3928 1130 4013 permulta
1173 3928 1635 3997 somniantibus
1672 3932 1837 3999 falsa
1868 3956 1987 4021 pro
2023 3935 2220 4014 veris3
2265 3959 2418 4001 nam
2456 3946 2518 4003 et
2550 3930 2833 4014 navigan-

814 4021 982 4085 tibus
1017 4022 1263 4089 moveri
1298 4024 1594 4092 videntur
1630 4050 1735 4104 ea,
1774 4048 1940 4111 quae
1976 4039 2175 4104 stant,
2213 4041 2278 4095 et
2311 4030 2590 4116 quodam
2625 4024 2832 4090 obtutu

810 4117 1138 4183 oculorum
1192 4117 1319 4186 duo
1372 4143 1489 4207 pro
1543 4144 1674 4187 uno
1724 4122 2023 4189 lucernae
2073 4123 2337 4191 lumina.
2441 4119 2596 4210 quid
2645 4117 2833 4183 dicam
