3292 4559
924 301 1051 366 100
1544 309 1620 364 Μ.
1660 308 1933 367 TULLII
1968 307 2371 366 CICERONIS

921 437 1080 523 quid
1112 438 1278 503 inter
1312 444 1608 501 naturam
1644 444 1710 500 et
1741 433 2052 500 rationem
2086 432 2357 511 intersit,
2394 453 2526 499 non
2553 431 2994 523 distinguitur.

920 534 1243 618 idemque,
1279 531 1336 597 si
1371 531 1475 597 dei
1507 551 1640 597 non
1666 530 1813 608 sint,
1849 540 2048 617 negat
2075 549 2215 595 esse
2249 527 2319 592 in
2347 528 2523 594 omni
2549 541 2781 595 natura
2807 533 2996 617 quic-

921 650 1118 714 quam
1150 627 1408 693 homine
1441 626 1701 705 melius3
1736 625 1806 692 id
1840 635 2058 692 autem
2091 635 2319 711 putare
2356 645 2747 710 quemquam
2781 625 2997 692 homi-

919 745 1072 789 nem
1127 720 1324 810 [nihil
1375 721 1639 788 homine
1685 743 1829 787 esse
1888 717 2158 806 melius]
2218 740 2508 785 summae
2570 719 2992 806 adrogantiae

926 829 1143 884 censet
1186 839 1344 883 esse.
1433 817 1515 882 sit
1558 838 1713 882 sane
1760 813 2133 902 adrogantis
2176 813 2377 901 pluris
2413 834 2484 880 se
2527 824 2755 901 putare
2789 836 2993 900 quam

924 910 1264 988 mundum3
1312 921 1378 975 at
1409 910 1571 975 illud
1604 931 1736 975 non
1776 909 1972 974 modo
2005 929 2139 974 non
2172 906 2575 995 adrogantis,
2622 908 2739 975 sed
2770 907 2995 996 potius
3062 965 3071 973 .

921 1004 1272 1090 prudentis,
1308 1005 1683 1091 intellegere
1712 1025 1781 1069 se
1817 1002 2054 1069 habere
2081 1023 2343 1070 sensum
2368 1012 2434 1068 et
2457 1001 2791 1080 rationem,
2827 1002 2994 1070 haec

922 1097 1148 1164 eadem
1177 1096 1488 1164 Orionem
1524 1108 1589 1163 et
1626 1094 2007 1163 Caniculam
2041 1118 2174 1161 non
2207 1095 2465 1163 habere.
2536 1107 2603 1163 et
2635 1097 2723 1162 ‘si
2756 1096 2990 1163 domus

919 1191 1189 1279 pulchra
1230 1192 1342 1269 sit,
1394 1192 1844 1278 intellegamus
1879 1213 2024 1258 eam
2058 1189 2360 1256 dominis’
2405 1189 2617 1276 inquit
2659 1191 2992 1258 ‘aedifica-

919 1299 1052 1353 tam
1088 1308 1259 1364 esse,
1304 1308 1438 1352 non
1477 1286 1801 1352 muribus.
1847 1285 1940 1351 sic
1981 1285 2182 1371 igitur
2220 1284 2535 1351 mundum
2569 1283 2837 1353 deorum
2871 1287 2990 1352 do·

919 1404 1100 1447 mum
1135 1381 1498 1447 existimare
1534 1379 1885 1447 debemus:
1972 1378 2065 1444 ita
2105 1401 2367 1465 prorsus
2414 1379 2874 1458 existimarem,
2930 1382 2987 1447 si

921 1475 1105 1539 illum
1140 1474 1576 1552 aedificatum,
1620 1495 1783 1552 non,
1826 1495 2023 1560 quem
2058 1473 2141 1538 ad
2176 1474 2442 1540 modum
2476 1474 2748 1552 docebo,
2794 1498 2835 1540 a
2868 1499 2986 1541 na-

823 1586 887 1638 11
923 1581 1068 1636 tura
1103 1569 1572 1635 consumatum
1605 1579 1921 1656 putarem.
1975 1579 2043 1633 at
2077 1568 2247 1635 enim
2281 1569 2531 1653 quaerit
2564 1570 2740 1657 apud
2756 1569 2986 1636 Xeno·
3045 1602 3056 1611 ·

920 1664 1228 1751 phontem
1265 1663 1582 1742 Socrates,
1617 1663 1792 1730 unde
1827 1662 2113 1730 animum
2148 1661 2643 1751 adripuerimus,
2679 1663 2735 1729 si
2767 1665 2984 1730 nullus

828 1778 879 1818 ιτ
922 1759 1118 1824 fuerit
1148 1759 1218 1824 in
1252 1758 1512 1824 mundo.
1600 1767 1668 1824 et
1701 1779 1825 1845 ego
1859 1779 2129 1842 quaero,
2174 1757 2351 1825 unde
2384 1757 2764 1834 orationem,
2809 1758 2984 1824 unde

919 1858 1247 1932 numeros,
1301 1854 1474 1920 unde
1519 1864 1776 1920 cantus:
1830 1853 1957 1919 nisi
2000 1874 2154 1920 vero
2187 1852 2366 1938 loqui
2408 1853 2611 1919 solem
2644 1875 2795 1919 cum
2826 1852 2983 1918 luna

916 1959 1248 2037 putamus,
1285 1970 1434 2014 cum
1466 1949 1732 2035 propius
1768 1947 2134 2024 accesserit,
2178 1959 2291 2013 aut
2324 1947 2409 2013 ad
2441 1947 2839 2013 harmoniam
2875 1970 2984 2014 ca·

916 2065 1069 2111 nere
1119 2042 1432 2109 mundum
1444 2090 1462 2121 ,
1516 2054 1590 2108 ut
1639 2041 2052 2129 Pythagoras
2104 2041 2443 2107 existimat.
2539 2052 2807 2107 naturae
2859 2042 2987 2108 ista

917 2148 1111 2213 sunt,
1147 2137 1384 2216 Balbe,
1441 2149 1710 2204 naturae
1755 2159 1887 2203 non
1922 2135 2260 2203 artificiose
2304 2137 2721 2216 ambulantia,
2774 2148 2850 2203 ut
2894 2138 2982 2202 ait

921 2231 1132 2309 Zen0,
1169 2232 1343 2316 quod
1377 2231 1637 2316 quidem
1674 2231 1864 2316 quale
1901 2231 1984 2295 sit
2017 2231 2147 2296 iam
2180 2231 2572 2310 videbimus,
2616 2232 2733 2298 sed
2766 2233 2983 2298 omnia
3035 2246 3038 2248 ’

827 2342 879 2382 2³5
923 2325 1146 2391 cientis
1182 2336 1247 2390 et
1281 2324 1582 2410 agitantis
1616 2324 1899 2390 motibus
1936 2335 2002 2392 et
2042 2322 2502 2391 mutationibus
2538 2324 2690 2392 suis.
2761 2326 2981 2410 itaque

921 2419 1033 2483 illa
1087 2417 1243 2481 mihi
1293 2418 1591 2503 placebat
1643 2419 1845 2483 oratio
1899 2417 1980 2483 de
2043 2418 2485 2486 convenientia
2536 2440 2984 2504 consensuque

918 2522 1218 2590 naturae,
1290 2533 1486 2597 quam
1555 2512 1741 2597 quasi
1812 2513 2259 2600 cognationem
2330 2513 2766 2579 continuatam
2830 2535 2982 2580 con·-

922 2607 1161 2692 spirare
1223 2607 1482 2673 dicebas
1493 2632 1512 2685 ;
1580 2607 1742 2672 illud
1814 2629 1947 2671 non
2006 2607 2390 2694 probabam,
2459 2608 2634 2694 quod
2693 2609 2980 2695 negabas

917 2702 986 2766 id
1028 2700 1338 2767 'accidere
1393 2701 1708 2786 potuisse,
1774 2701 1899 2767 nisi
1951 2724 2030 2767 ea
2080 2723 2211 2768 uno
2272 2702 2489 2769 divino
2541 2703 2767 2790 spiritu
2826 2725 2983 2770 con-

917 2795 1299 2862 tinerentur:
1365 2796 1478 2860 illa.
1529 2817 1682 2860 vero
1747 2795 2090 2862 cohaerent
2152 2807 2217 2863 et
2277 2794 2655 2882 permanent
2706 2809 2981 2865 naturae

918 2889 1191 2967 viribus,
1243 2912 1373 2954 non
1427 2889 1723 2965 deorum,
1780 2901 2003 2974 estque
2056 2892 2125 2956 in
2181 2913 2259 2957 ea
2315 2893 2436 2957 iste
2483 2892 2667 2976 quasi
2710 2914 2984 2959 cousen-

919 3005 1059 3060 sus,
1106 3003 1302 3067 quam
1338 2983 1769 3067 συμπάθειαν
1808 2982 2045 3050 Graeci
2081 2996 2344 3061 vocant,
2392 2985 2506 3051 sed
2541 3009 2646 3063 ea,
2694 3008 2825 3071 quo
2860 3007 2981 3051 sua

919 3087 1146 3224 sponge
1196 3077 1398 3142 maior
1450 3088 1574 3155 est,
1630 3101 1707 3145 eo
1752 3080 1967 3144 minus
2012 3079 2229 3145 divina
2282 3080 2527 3147 ratione
2577 3081 2717 3146 fieri
2760 3081 2985 3146 existi-

911 3185 1066 3226 man
1113 3185 1153 3226 a
1187 3173 1301 3228 est.

819 3250 883 3358 [Ξ
1045 3256 1167 3321 Illa
1202 3269 1413 3324 autem
1427 3306 1446 3337 ,
1484 3280 1652 3343 quae
1691 3255 2061 3325 Carneades
2097 3258 2456 3338 adferebat,
2493 3281 2686 3344 quem
2722 3261 2805 3325 ad
2839 3283 2985 3326 mo—

846 3322 1068 3415 1Ιέ’ἀιιιιι
1092 3351 1488 3418 dissolvitis?
1541 3353 1594 3418 si
1639 3352 1892 3419 nullum
1929 3374 2160 3438 corpus
2196 3353 2531 3420 inmortale
2570 3354 2678 3429 sit,
2725 3355 2979 3420 nullum

913 3468 1053 3512 esse
1081 3446 1329 3513 animal
1344 3447 1832 3532 sempiternum3
1870 3467 2100 3533 corpus
2126 3457 2341 3514 autem
2368 3447 2701 3515 inmortale
2727 3449 2981 3514 nullum

911 3563 1084 3617 esse,
1137 3562 1221 3606 ne
1263 3540 1668 3606 individuum
1712 3540 1975 3624 quidem
2009 3562 2129 3605 nec
2164 3541 2339 3625 quod
2373 3540 2585 3606 dirimi
2628 3541 2985 3609 distrahive

908 3657 1042 3700 non
1074 3635 1305 3719 possit3
1353 3655 1628 3719 cumque
1666 3656 1855 3701 omne
1891 3635 2129 3700 animal
2162 3635 2493 3722 patibilem
2527 3647 2824 3702 naturam
2859 3636 2983 3702 ha·

910 3729 1081 3804 beat,
1117 3729 1365 3793 nullum
1403 3738 1500 3793 est
1535 3743 1789 3805 eorum,
1827 3730 2000 3814 quod
2036 3729 2306 3815 effugiat
2340 3730 2696 3817 accipiendi
2731 3731 2980 3815 aliquid

913 3822 1333 3899 extrinsecus,
1385 3822 1456 3887 id
1501 3833 1598 3888 est
1633 3824 1820 3907 quasi
1862 3823 2113 3891 ferendi
2148 3834 2213 3890 et
2259 3825 2574 3909 patiendi,
2626 3827 2994 3892 necessita-

913 3928 1076 3992 tem,
1123 3927 1216 3993 et,
1262 3916 1317 3981 si
1353 3937 1541 3982 omne
1577 3917 1814 3984 animal
1849 3919 1975 3986 tale
2012 3930 2139 3995 est,
2186 3919 2521 3986 inmortale
2564 3921 2815 3986 nullum
2851 3931 2974 3985 est.

918 4005 1134 4094 [ergo]
1181 4009 1432 4087 itidem,
1484 4011 1540 4076 si
1583 4033 1773 4078 omne
1825 4012 2062 4078 animal
2109 4014 2312 4079 secari
2358 4035 2434 4080 ac
2486 4013 2689 4079 dividi
2738 4025 2980 4102 potest,

912 4101 1165 4165 nullum
1200 4115 1296 4168 est
1333 4125 1552 4171 corum
1595 4105 2027 4185 individuum,
2079 4109 2327 4175 nullum
2376 4120 2735 4189 aeternum3
2789 4109 2988 4194 atqui
