3292 4559
739 213 864 280 152
1350 221 1428 276 M.
1469 219 1743 278 TULLII
1778 220 2181 281 CICERONIS

635 367 692 409 85
736 349 1111 417 auctoritate
1138 344 1422 412 contenti
1453 367 1586 410 non
1613 345 1877 412 sumus?
1910 367 2030 412 nec
2065 368 2216 411 vero
2246 345 2590 432 quicquam
2617 345 2799 412 aliud

737 443 1051 521 adfertur,
1089 465 1204 508 cur
1239 465 1346 520 ea,
1381 463 1548 526 quae
1583 441 1757 518 dico,
1795 440 2127 506 divinandi
2158 463 2399 528 genera
2432 441 2611 506 nulla
2644 442 2797 519 sint,

735 538 861 603 nisi
903 538 1076 623 quod
1120 536 1381 603 difficile
1427 536 1604 600 dictu
1657 534 1913 601 videtur
1964 556 2129 619 quae
2184 535 2495 620 cuiusque
2548 535 2801 600 divina-

735 633 927 698 tionis
963 632 1156 711 ratio,
1202 654 1368 716 quae
1413 653 1607 696 causa
1654 631 1755 695 sit.
1844 631 2002 715 quid
2036 630 2205 696 enim
2240 630 2438 696 habet
2471 630 2799 716 haruspex

737 751 852 792 cur
883 729 1104 812 pulmo
1137 727 1375 792 incisus
1410 726 1604 791 etiam
1639 725 1707 789 in
1743 725 1928 790 bonis
1966 726 2127 790 extis
2162 726 2417 791 dirimat
2450 736 2702 812 tempus
2728 737 2797 792 et

736 823 1018 908 proferat
1044 822 1252 886 diem?
1288 821 1444 905 quid
1479 842 1689 906 augur
1716 843 1830 885 cur
1858 843 1896 884 a
1924 819 2151 886 dextra
2184 843 2434 898 corvus,
2472 845 2511 886 a
2538 820 2796 888 sinistra

737 915 957 982 cornix
991 915 1187 980 faciat
1221 915 1470 980 ratum?
1507 914 1663 998 quid
1702 915 2064 999 astrologus
2102 937 2217 978 cur
2253 915 2437 980 stella
2470 914 2643 980 Iovis
2679 925 2795 986 aut

735 1009 1004 1075 Veneris
1039 1011 1380 1074 coniuncta
1415 1031 1565 1074 cum
1597 1008 1755 1073 luna
1784 1009 1868 1072 ad
1902 1019 2079 1072 ortus
2115 1031 2457 1094 puerorum
2496 1009 2791 1074 salutaris

733 1104 836 1182 sit,
869 1102 1132 1171 Saturni
1148 1104 1463 1169 Martisve
1501 1102 1854 1168 contraria?
1890 1125 2007 1168 cur
2040 1114 2256 1169 autem
2285 1103 2441 1168 deus
2472 1102 2791 1169 dormien—

733 1198 816 1264 tis
850 1222 968 1264 nos
1004 1210 1294 1275 moneat,
1341 1198 1667 1284 vigilantis
1702 1199 2045 1284 neglegat?
2087 1199 2243 1283 quid
2279 1199 2509 1265 deinde
2556 1221 2787 1265 causae

734 1304 833 1358 est
867 1315 983 1358 cur
1019 1289 1390 1358 Cassandra
1434 1292 1656 1358 furens
1691 1293 1911 1357 futura
1944 1293 2315 1379 prospiciat,
2350 1291 2648 1358 Priamus
2683 1316 2787 1358 sa-

639 1415 692 1458 so
732 1388 916 1473 piens
949 1387 1074 1453 hoc
1107 1388 1280 1453 idem
1313 1387 1527 1453 facere
1554 1409 1685 1452 non
1711 1389 1941 1472 queat?
1976 1409 2091 1452 cur
2124 1389 2238 1453 fiat
2272 1389 2555 1473 quidque
2590 1409 2789 1473 quae-

732 1482 863 1547 ris?
921 1493 1093 1548 recte
1144 1482 1421 1560 omninO,
1475 1482 1588 1548 sed
1631 1504 1763 1548 non
1805 1505 1977 1547 nunc
2020 1483 2088 1546 id
2134 1484 2375 1569 agitur:
2428 1483 2541 1548 fiat
2582 1507 2787 1549 necne

731 1573 864 1651 fiat,
900 1574 968 1640 id
1005 1577 1348 1660 quaeritur.
1436 1588 1540 1654 ut,
1576 1577 1632 1642 si
1666 1587 2032 1662 magnetem
2065 1577 2345 1664 lapidem
2381 1601 2519 1644 esse
2556 1577 2787 1655 dicam,

733 1671 845 1754 qui
879 1669 1123 1735 sermm
1159 1670 1244 1734 ad
1291 1694 1360 1737 se
1396 1671 1658 1736 adliciat
1692 1683 1755 1736 et
1769 1672 2046 1747 attrahat,
2077 1672 2389 1738 rationem
2426 1695 2541 1738 cur
2572 1673 2640 1738 id
2672 1673 2789 1738 fiat

733 1763 984 1829 adferre
1019 1785 1363 1848 nequeam,
1405 1765 1545 1831 fieri
1579 1765 1839 1830 omnino
1883 1787 2103 1852 neges.
2192 1766 2367 1851 quod
2410 1766 2583 1832 idem
2624 1767 2787 1832 facis

729 1859 798 1924 in
835 1857 1242 1935 divinatione,
1279 1881 1475 1944 quam
1506 1870 1571 1925 et
1605 1859 1925 1925 cernimus
1960 1861 2084 1946 ipsi
2114 1871 2178 1926 et
2204 1859 2501 1926 audimus
2528 1872 2595 1926 et
2626 1861 2789 1948 legi-

729 1975 874 2016 mus
913 1963 978 2018 et
1013 1977 1052 2018 a
1087 1953 1376 2039 patribus
1414 1953 1800 2040 accepimus.
1889 1976 2099 2038 neque
2135 1965 2283 2020 ante
2317 1955 2791 2042 philosophiam

728 2044 1138 2131 patefactam,
1175 2069 1342 2130 quae
1375 2070 1584 2133 nuper
1615 2048 1881 2114 inventa
1916 2059 2030 2125 est,
2066 2049 2189 2114 hac
2216 2049 2297 2115 de
2331 2072 2402 2117 re
2431 2049 2789 2117 communis

729 2139 864 2204 vita
915 2139 1261 2217 dubitavit,
1315 2152 1409 2217 et,
1473 2152 1701 2227 postea
1752 2163 1950 2225 quam
2000 2143 2406 2230 philosophia
2457 2145 2787 2231 processit,

729 2255 919 2297 nemo
955 2233 1140 2297 aliter
1171 2232 1588 2320 philosophus
1625 2236 1841 2312 sensit,
1876 2237 1945 2300 in
1980 2259 2108 2320 quo
2136 2240 2326 2304 modo
2364 2251 2533 2306 esset
2567 2251 2791 2306 aucto-

635 2349 688 2392 ετ
728 2327 903 2390 ritas.
993 2325 1128 2390 dixi
1179 2327 1260 2391 de
1311 2325 1718 2414 Pythagora,
1774 2329 1853 2394 de
1896 2329 2299 2410 Democrito,
2353 2335 2433 2400 de
2490 2332 2787 2413 Socrate3

731 2418 958 2504 excepi
1003 2419 1084 2484 de
1133 2419 1412 2504 antiquis
1455 2432 1711 2507 praeter
1752 2420 2227 2509 Xenophanem
2269 2429 2617 2507 neminem3
2672 2429 2791 2494 ad-

729 2511 912 2577 iunxi
955 2523 1236 2578 veterem
1269 2514 1723 2594 Academiam,
1759 2515 2252 2605 Peripateticos,
2290 2520 2591 2589 Stoicos?
2616 2547 2787 2588 unus

730 2605 1023 2673 dissentit
1073 2605 1416 2694 Epicurus.
1523 2609 1638 2693 qui
1685 2633 1837 2677 vero
1889 2613 2013 2679 hoc
2064 2615 2311 2702 turpius
2363 2639 2559 2703 quam
2612 2619 2788 2704 quod

728 2701 900 2768 idem
934 2703 1180 2768 nullam
1214 2714 1430 2770 censet
1463 2705 1809 2791 gratuitam
1844 2731 1985 2775 esse
2022 2709 2363 2777 virtutem?

625 2813 698 2872 40
861 2796 1028 2880 Quis
1063 2809 1160 2864 est
1194 2809 1410 2864 autem
1445 2820 1637 2883 quem
1670 2823 1802 2866 non
1837 2816 2091 2870 moveat
2134 2805 2521 2872 clarissumis
2557 2831 2785 2874 monu-

727 2893 960 2960 mentis
994 2903 1228 2958 testata
1264 2893 1765 2980 consignataque
1792 2899 2178 2983 antiquitas?
2214 2897 2634 2969 Calchantem
2668 2925 2787 2968 au-

731 3009 961 3072 gurem
1003 2987 1224 3052 scribit
1256 2989 1582 3054 Homerus
1625 2991 1819 3077 longe
1855 3003 2192 3078 optumum
2240 3019 2517 3081 eumque
2553 2997 2783 3063 ducem

713 3079 1034 3145 classium
1067 3079 1266 3147 fuisse
1293 3082 1376 3146 ad
1400 3083 1615 3161 Ilium,
1654 3086 2084 3172 auspiciorum
2112 3089 2302 3155 eredo
2332 3090 2617 3170 scientia,
2652 3112 2783 3156 non

634 3194 688 3236 ss
730 3175 1037 3238 Iocorum.
1081 3179 1084 3184 ’
1141 3175 1611 3262 Amphilochus
1673 3190 1739 3245 et
1798 3179 2071 3267 Mopsus
2134 3183 2533 3271 Argivorum
2593 3207 2780 3272 reges

726 3269 1018 3347 fuerunt,
1056 3269 1169 3335 sed
1203 3271 1376 3336 idem
1411 3295 1721 3359 augures,
1765 3273 1940 3359 iique
1974 3278 2155 3343 urbis
2188 3277 2257 3342 in
2294 3301 2407 3344 ora
2438 3279 2782 3346 marituma

725 3361 990 3430 Ciliciae
1013 3361 1301 3432 Graecas
1338 3367 1778 3434 condiderunt.
1834 3381 2029 3455 atque
2066 3372 2259 3438 etiam
2296 3385 2443 3440 ante
2479 3374 2596 3440 hos
2614 3376 2781 3440 Am-

721 3457 1023 3542 phiaraus
1051 3469 1117 3524 et
1133 3459 1435 3540 Tiresias,
1469 3483 1600 3528 non
1634 3463 1907 3530 humiles
1936 3476 2001 3531 et
2028 3467 2284 3534 obscuri
2318 3490 2530 3553 neque
2558 3465 2776 3535 eorum

723 3553 978 3631 similes,
1016 3567 1089 3621 ut
1124 3557 1299 3642 apud
1333 3557 1620 3625 Ennium
1656 3570 1783 3639 est,

865 3691 977 3776 qui
1013 3691 1112 3756 sui
1147 3704 1449 3776 quaestus
1487 3699 1682 3762 causa
1716 3697 1895 3764 fictas
1932 3700 2242 3766 suscitant
2278 3702 2645 3780 sententias,

721 3835 833 3900 sed
868 3835 1024 3900 clari
1058 3847 1122 3901 et
1156 3849 1550 3922 praestantes
1587 3841 1729 3920 viri,
1760 3840 1933 3932 [qui]
1954 3845 2180 3912 avibus
2217 3857 2282 3913 et
2316 3848 2519 3936 signis
2556 3846 2781 3914 admo-

719 3928 836 3991 niti
869 3929 1088 3994 futura
1122 3930 1446 4012 dicebant3
1496 3956 1771 4019 quorum
1806 3938 1887 4004 de
1932 3939 2131 4006 altero
2168 3942 2362 4007 etiam
2403 3943 2579 4030 apud
2612 3942 2781 4010 infe—-

723 4040 826 4082 ros
851 4019 1174 4088 Homerus
1212 4025 1300 4090 ait
1335 4027 1542 4092 solum
1569 4051 1815 4116 sapere,
1852 4043 2095 4100 ceteros
2131 4036 2511 4102 umbrarum
2551 4041 2778 4124 vagari
