3292 4559
712 254 840 320 248
1325 263 1402 316 Μ.
1442 259 1716 318 TULLII
1751 258 2150 317 CICERONIS

714 391 886 458 enim
918 388 1183 454 libidine
1219 385 1585 450 dominante
1622 384 2078 469 temperantiae
2114 384 2327 448 locum
2364 405 2526 461 esse,
2563 404 2774 468 neque

715 484 973 550 omnino
1025 484 1093 548 in
1145 479 1492 566 voluptatis
1547 499 1748 564 regno
1801 478 2102 544 virtutem
2161 500 2349 564 posse
2407 479 2776 544 consistere.

715 579 889 662 quod
934 599 1062 661 quo
1107 575 1315 661 magis
1359 573 1644 659 intellegi
1690 583 1938 658 posset,
1984 573 2242 684 fingere·
2263 574 2477 639 animo
2513 573 2780 640 iubebat

714 683 891 738 tanta
926 672 1261 738 incitatum
1291 669 1583 779 aliquem
1629 669 1960 754 voluptate
1997 669 2310 754 corporis,
2359 678 2600 752 quanta
2634 691 2777 754 per-

716 767 843 853 cipi
875 777 1094 852 posset
1135 763 1445 829 maxima:
1498 762 1742 828 nemini
1785 762 2090 828 censebat
2133 763 2271 830 fore
2309 764 2575 828 dubium
2619 763 2772 846 quin

702 859 847 926 'tam
884 861 1018 938 diu,
1053 860 1209 924 dum
1242 859 1335 924 ita
1367 857 1701 944 gauderet,
1737 855 1894 922 nihil
1905 857 2174 968 ‘agitare
2209 869 2446 935 mente,
2481 857 2638 922 nihil
2671 879 2775 920 ra-

716 957 919 1035 tione,
971 957 1130 1022 nihil
1177 954 1562 1041 cogitatione
1616 952 1952 1039 consequi
1968 965 2212 1038 posset3
2269 954 2568 1038 quocirca
2616 951 2774 1016 nihil

716 1073 857 1116 esse
886 1062 1019 1116 tam
1046 1049 1420 1116 detestabile
1449 1059 1710 1132 tamque
1736 1046 2112 1132 pestiferum
2140 1070 2336 1133 quam
2363 1048 2774 1134 voluptatem,

716 1146 775 1210 si
809 1144 1067 1230 quidem
1098 1167 1195 1222 ea,
1232 1166 1379 1208 cum
1406 1142 1609 1207 maior
1634 1152 1804 1208 esset
1828 1152 2021 1224 atque
2055 1141 2328 1228 longior,
2365 1163 2554 1207 omne
2582 1139 2776 1206 animi

716 1241 937 1305 lumen
972 1238 1425 1324 exstingueret.
1495 1237 1656 1300 haec
1692 1257 1840 1300 cum
1871 1231 1949 1301 C.
1969 1235 2208 1301 Pontio
2247 1235 2556 1312 Samnite,
2593 1245 2775 1320 patre

717 1335 884 1411 eius,
922 1357 963 1398 a
1004 1353 1133 1417 quo
1172 1329 1469 1396 Caudino
1512 1329 1764 1416 proelio.
1792 1328 1907 1416 Sp.
1942 1329 2315 1396 Postumius
2351 1331 2430 1394 Τ.
2469 1327 2775 1396 Veturius

718 1428 1011 1493 consules
1046 1425 1328 1512 superati
1363 1435 1531 1502 sunt,
1567 1425 1854 1491 locutum
1889 1424 2249 1510 Archytam
2275 1423 2606 1490 Nearchus
2643 1423 2780 1486 Ta·-

715 1521 1029 1596 -rentinus,
1081 1519 1315 1605 hospes
1348 1530 1594 1595 noster,
1648 1519 1762 1602 qui
1804 1519 1874 1582 in
1919 1520 2198 1584 amicitia
2239 1517 2463 1604 populi
2497 1517 2780 1582 Romani

715 1625 1172 1702 permanserat,
1210 1635 1278 1679 se
1316 1637 1355 1678 a
1388 1613 1739 1678 maioribus
1774 1625 1932 1679 natu
1961 1613 2278 1698 accepisse
2317 1612 2586 1690 dicebat,
2623 1631 2776 1675 cum

718 1709 979 1792 quidem
1016 1708 1076 1774 ei
1119 1708 1395 1774 sermoni
1432 1707 1827 1773 interfuisset
1859 1707 2049 1772 Plato
2083 1706 2528 1782 Atheniensis,
2581 1726 2777 1788 quem

718 1804 1073 1870 Tarentum
1126 1803 1377 1868 venisse
1430 1801 1514 1867 L.
1563 1800 1840 1868 Camillo
1892 1803 2024 1888 Ap.
2084 1799 2356 1867 Claudio
2411 1799 2779 1866 consulibus

623 1919 675 1958 42
717 1900 984 1985 reperiO.
1074 1920 1380 1982 quorsum
1416 1897 1617 1963 haec?
1660 1908 1736 1962 ut
1767 1897 2252 1982 intellegeretis,
2297 1896 2353 1960 si
2387 1897 2780 1981 voluptatem

718 1994 1047 2081 aspernari
1097 1993 1343 2060 ratione
1396 2003 1462 2060 et
1514 1991 1826 2078 sapientia
1877 2013 2006 2056 non
2059 2013 2426 2077 possemus,
2479 2011 2782 2074 magnam

722 2111 861 2154 esse
907 2088 1269 2154 habendam
1318 2087 1628 2154 senectuti
1674 2087 1978 2172 gratiam,
2034 2107 2201 2169 quae
2255 2085 2536 2151 efficeret
2586 2094 2661 2150 ut
2709 2083 2778 2147 id

720 2205 851 2248 non
886 2182 1133 2260 liberet,
1172 2182 1349 2266 quod
1383 2205 1510 2247 non
1546 2191 1888 2268 oporteret.
1960 2180 2204 2264 inpedit
2241 2178 2410 2245 enim
2447 2177 2780 2243 consilium

722 2277 1046 2362 voluptas,
1082 2276 1312 2340 rationi
1346 2275 1603 2341 inimica
1637 2287 1761 2354 est,
1797 2275 2056 2349 mentis,
2095 2285 2171 2337 ut
2203 2273 2295 2337 ita
2331 2273 2560 2350 dicam,
2596 2293 2784 2357 prae·-

722 2370 975 2454 stringit
1003 2370 1219 2434 oculos
1247 2392 1367 2435 nec
1394 2371 1589 2436 habet
1620 2371 1827 2435 ullum
1863 2389 2012 2434 cum
2040 2367 2276 2433 virtute
2307 2366 2776 2432 commercium.

719 2463 958 2526 invitus
1003 2461 1129 2528 feci
1174 2475 1247 2528 ut
1292 2464 1621 2530 fortissimi
1666 2464 1788 2529 viri
1831 2463 1912 2527 Τ.
1951 2461 2300 2526 Flaminini
2351 2460 2643 2537 fratrem,
2693 2457 2777 2522 L.

718 2556 1185 2634 Flamininum,
1230 2581 1266 2624 e
1314 2570 1539 2623 senatu
1584 2559 1859 2624 eicerem
1902 2567 2150 2642 septem
2190 2556 2372 2620 annis
2408 2565 2556 2641 post
2586 2576 2780 2638 quam

722 2650 945 2716 consul
979 2650 1225 2728 fuisset,
1262 2652 1377 2716 sed
1410 2654 1759 2718 notandam
1793 2650 2017 2738 putavi
2051 2649 2410 2717 libidinem:
2447 2650 2552 2715 ille
2589 2649 2780 2724 enim,

722 2767 871 2811 cum
907 2756 1075 2811 esset
1110 2746 1331 2811 consul
1366 2747 1433 2811 in
1456 2744 1694 2824 Gallia,
1730 2756 2030 2812 exoratus
2065 2745 2135 2809 in
2171 2744 2462 2810 convivio
2499 2767 2540 2808 a
2573 2754 2780 2810 scorto

722 2851 821 2905 est
853 2849 927 2904 ut
953 2839 1161 2905 securi
1196 2839 1413 2906 feriret
1443 2841 1722 2926 aliquem
1751 2862 1993 2915 eorum,
2033 2839 2144 2923 qui
2177 2838 2247 2903 in
2274 2837 2546 2905 vinculis
2571 2847 2784 2903 essent

724 2933 1009 2999 damnati
1053 2933 1146 2998 rei
1192 2935 1501 3020 capitalis.
1591 2935 1697 3000 hic
1732 2935 1883 3000 Tito
1931 2934 2126 2998 fratre
2173 2955 2289 2998 suo
2334 2955 2625 3010 censore,
2671 2931 2784 3016 qui
3014 2989 3015 3010 ἓ

721 3025 1049 3111 proximus
1112 3038 1260 3092 ante
1322 3051 1426 3094 me
1488 3029 1729 3107 fuerat,
1792 3029 2050 3113 elapsus
2103 3031 2230 3093 est:
2285 3026 2455 3092 mihi
2516 3048 2668 3092 vero
2719 3035 2786 3090 et
3014 3025 3015 3092 ἰ

722 3119 959 3184 Flacco
1013 3122 1389 3206 neutiquam
1434 3122 1694 3209 probari
1744 3123 1950 3208 potuit
1997 3132 2131 3186 tam
2181 3121 2498 3206 flagitiosa
2541 3131 2606 3184 et
2649 3129 2782 3182 tam
3007 3097 3016 3328 J

723 3212 974 3300 perdita
1007 3215 1233 3294 libido,
1271 3238 1436 3300 quae
1473 3239 1620 3282 cum
1656 3216 1891 3302 probro
1927 3215 2176 3302 privato
2215 3215 2626 3297 coniungeret
2659 3211 2780 3274 im-

620 3305 689 3360 13
725 3308 884 3394 perii
920 3307 1219 3375 dedecus.
1310 3334 1501 3396 saepe
1538 3311 1758 3376 audivi
1804 3333 1886 3376 ex
1928 3308 2275 3375 maioribus
2318 3316 2504 3382 natu,
2551 3304 2666 3390 qui
2710 3327 2777 3369 se

628 3377 913 3490 4⁵³porro
947 3427 1179 3490 pueros
1216 3430 1257 3471 a
1300 3407 1561 3472 senibus
1608 3405 1863 3471 audisse
1899 3403 2224 3478 dicebant,
2271 3399 2487 3465 mirari
2523 3400 2783 3464 solitum

728 3496 806 3564 C.
840 3498 1240 3578 Fabricium,
1278 3501 1479 3584 quod,
1526 3520 1686 3564 cum
1711 3499 1884 3584 apud
1919 3520 2138 3586 regem
2169 3493 2499 3582 Pyrrhum
2531 3495 2782 3580 legatus
3014 3565 3015 3580 χ

726 3605 925 3670 esset,
970 3594 1253 3660 audisset
1288 3617 1329 3659 a
1363 3594 1676 3660 Thessalo
1714 3591 1920 3658 Cinea
1951 3616 2092 3658 esse
2128 3590 2452 3677 quendam
2485 3587 2783 3663 Athenis,

725 3687 838 3772 qui
864 3710 935 3752 se
962 3688 1315 3773 sapientem
1343 3687 1765 3772 profiteretur,
1803 3709 2080 3772 eumque
2109 3687 2318 3752 dicere
2346 3683 2580 3760 omnia,
2617 3703 2784 3766 quae

723 3781 1114 3858 faceremus,
1168 3781 1254 3846 ad
1305 3781 1699 3868 voluptatem
1752 3803 1890 3846 esse
1935 3780 2302 3858 referenda3
2354 3779 2531 3862 quod
2581 3798 2666 3842 ex
2707 3798 2784 3841 eo
3013 3759 3015 3800 4

726 3876 1045 3942 audientis
1080 3875 1208 3942 Μ’.
1240 3872 1513 3943 Curium
1550 3889 1615 3942 et
1648 3876 1752 3942 Ti.
1793 3873 2275 3941 Coruncanium
2313 3885 2534 3960 optare
2570 3871 2786 3937 solitos
3013 3817 3016 3958 l

728 3983 803 4034 ut
836 3970 903 4034 id
932 3969 1328 4036 Samnitibus
1364 3972 1612 4058 ipsique
1632 3971 1885 4056 Pyrrho
1912 3970 2427 4056 persuaderetur,
2466 3988 2594 4051 quo
2629 3964 2789 4029 faci-

730 4062 853 4126 lius
881 4064 1048 4130 vinci
1076 4077 1355 4151 possent,
1404 4088 1550 4130 cum
1576 4088 1646 4130 se
1675 4065 2110 4149 voluptatibus
2141 4063 2487 4128 dedissent.
2540 4059 2792 4124 vixerat
