3292 4559
704 282 796 349 24
1316 288 1392 342 M.
1432 285 1706 343 runnu
1741 256 2160 341 cIOEnoms

706 417 1056 505 quendam,
1108 412 1398 478 Platonis
1444 410 1800 475 auditorem
1812 456 1830 487 ,
1885 407 1974 472 ait
2018 431 2071 499 a'
2101 428 2170 471 se
2217 405 2399 473 Sami
2442 408 2772 486 auditum3

703 515 798 580 ibi
848 512 1019 578 enim
1070 508 1441 575 adulescens
1495 505 1826 571 habitabat
1877 526 2024 569 cum
2085 513 2266 589 patre
2319 514 2382 569 et
2433 503 2770 581 fratribuS,

704 608 880 691 quod
924 606 993 669 in
1038 625 1180 669 eam
1222 612 1405 688 pater
1448 600 1585 667 eius
1620 598 1894 663 Neocles
1939 596 2228 683 agripeta
2270 606 2562 677 venerat,
2618 598 2770 673 sed,

648 776 651 781 ,
707 724 857 767 cum
891 700 1137 786 agellus
1174 720 1323 763 eum
1364 714 1495 760 non
1530 695 1683 759 satis
1721 694 1946 770 aleret,
1991 703 2064 757 ut
2097 692 2350 778 opinor,
2386 689 2520 758 ludi
2555 692 2772 777 magi-

613 822 663 863 '13

613 1856 665 1897 74

706 806 836 861 ster
878 794 1019 859 fuit.
1110 790 1225 857 sed
1267 790 1437 855 hunc
1471 788 1879 853 Platonicum
1921 786 2183 851 mirifice
2220 785 2569 852 contemnit
2603 785 2774 871 Epi-

596 924 599 930 ,
706 910 925 954 curus:
980 888 1071 951 ita
1104 885 1358 961 metuit,
1411 906 1493 948 ne
1538 882 1694 967 quid
1746 903 2052 965 umquam
2098 880 2396 946 didicisse
2447 880 2768 945 videatur.

705 984 774 1047 in
808 978 1225 1065 Nausiphane
1260 977 1672 1043 Democriteo
1707 986 1986 1051 tenetur,
2033 996 2227 1059 quem
2262 995 2410 1039 cum
2445 996 2485 1038 a
2520 996 2590 1039 se
2632 994 2770 1037 non

704 1088 899 1163 neget
932 1075 1244 1151 auditum,
1280 1084 1473 1137 vexat
1508 1083 1725 1137 tamen
1761 1070 2056 1134 omnibus
2093 1068 2508 1134 contumeliis.
2585 1066 2771 1152 atqui

706 1171 763 1235 si
797 1170 956 1235 haec
973 1168 1385 1233 Democritea
1419 1188 1549 1231 non
1586 1165 1887 1242 audisset,
1925 1163 2081 1248 quid
2115 1162 2439 1229 audierat?
2476 1161 2632 1248 quid
2665 1172 2770 1227 est

704 1265 773 1329 in
806 1263 1085 1351 physicis
1122 1261 1386 1347 Epicuri
1420 1282 1551 1325 non
1585 1282 1625 1326 a
1661 1257 2072 1324 Democrito?
2105 1280 2258 1322 nam
2292 1257 2412 1322 etsi
2446 1257 2768 1341 quaedam

706 1356 1149 1433 commutavit,
1203 1366 1275 1419 ut
1318 1354 1493 1439 quod
1533 1354 1727 1440 paulo
1763 1362 1910 1417 ante
1946 1352 2026 1417 de
2067 1351 2474 1417 inclinatione
2521 1362 2769 1417 atomo-

702 1474 849 1517 rum
892 1449 1054 1528 dixi,
1108 1461 1325 1515 tamen
1366 1450 1674 1535 pleraque
1717 1446 1872 1512 dicit
1915 1446 2170 1525 eadem,
2225 1458 2502 1525 atomos,
2551 1446 2767 1524 inane,

704 1545 1036 1631 imagines,
1064 1544 1443 1609 infinitatem
1476 1542 1765 1607 locorum
1789 1540 2560 1626 innumerabilitatemque
2579 1563 2770 1607 mun-

706 1641 953 1717 dorum,
984 1661 1204 1704 eorum
1233 1648 1429 1716 ortus,
1458 1636 1770 1714 interitus,
1802 1636 2017 1701 omnia
2043 1636 2198 1714 fere,
2236 1637 2468 1721 quibus
2495 1647 2766 1703 naturae

704 1735 865 1799 ratio
903 1734 1277 1798 continetur.
1364 1752 1538 1797 nunc
1582 1731 1749 1797 istuc
1794 1730 1979 1815 quasi
2013 1752 2246 1817 corpus
2291 1741 2356 1797 et
2397 1732 2581 1815 quasi
2617 1754 2768 1796 san-

706 1830 969 1915 guinem
1020 1825 1177 1912 quid
1227 1820 1585 1914 intellegis?
1637 1847 1760 1913 ego
1815 1826 1986 1891 enim
2041 1836 2102 1890 te
2156 1826 2317 1891 scire
2368 1824 2494 1891 ista
2534 1826 2768 1891 melius

706 1932 905 2006 quam
934 1944 1039 1987 me
1072 1943 1203 1986 non
1238 1922 1445 1987 fateor
1479 1921 1710 1998 solum,
1748 1920 1862 1985 sed
1889 1920 2084 1985 etiam
2118 1920 2304 1985 facile
2339 1920 2577 2006 patior:
2614 1942 2767 1985 cum

707 2014 967 2100 quidem
1003 2016 1200 2081 semel
1243 2015 1415 2080 >dicta
1451 2025 1627 2093 sunt,
1665 2012 1823 2099 quid
1858 2024 1956 2080 est
1988 2014 2164 2098 quod
2197 2014 2484 2080 Velleius
2517 2013 2769 2081 intelle·-

704 2132 857 2195 gere
909 2110 1136 2195 possit,
1184 2106 1379 2175 Cotta
1422 2132 1551 2175 non
1602 2109 1842 2195 possit?
1891 2109 2110 2192 itaque
2163 2130 2394 2195 corpus
2450 2108 2607 2193 quid
2659 2110 2763 2186 sit,

708 2203 973 2289 sanguis
1008 2203 1166 2287 quid
1202 2202 1301 2281 sit,
1338 2204 1669 2291 intellegoz
1706 2202 1891 2287 quasi
1926 2223 2158 2287 corpus
2187 2214 2252 2268 et
2277 2202 2462 2287 quasi
2502 2204 2766 2289 sanguis

706 2298 863 2383 quid
892 2299 991 2375 sit,
1024 2298 1203 2363 nullo
1236 2322 1495 2385 prorsus
1522 2298 1714 2364 modo
1740 2298 2071 2383 intelleg03
2107 2320 2320 2383 neque
2344 2309 2418 2363 tu
2444 2322 2547 2365 me
2573 2298 2768 2378 celae,

706 2403 779 2457 ut
810 2392 1215 2479 Pythagoras
1252 2394 1499 2459 solebat
1532 2392 1792 2467 alienos,
1829 2412 1950 2455 nec
1975 2393 2265 2456 consulto
2303 2392 2460 2457 dicis
2495 2395 2764 2473 occulte,

706 2498 1035 2571 tamquam
1078 2487 1477 2563 Heraclitus,
1532 2485 1674 2563 sed,
1730 2484 1904 2568 quod
1948 2486 2114 2551 inter
2146 2508 2266 2565 nos
2306 2486 2524 2565 liceat,
2577 2512 2660 2555 ne
2694 2499 2768 2554 tu

603 2585 674 2641 27
710 2580 968 2665 quidem
1020 2581 1356 2667 intellegis-
1452 2580 1613 2645 illud
1667 2580 1854 2644 video
1906 2600 2196 2667 pugnare
2251 2590 2342 2658 te,
2399 2582 2640 2667 species
2694 2594 2766 2647 ut

612 2658 665 2699 ‘15

610 3452 664 3494 w

708 2678 1025 2759 quaedam
1070 2678 1152 2741 sit
1196 2676 1489 2753 deorum,
1542 2696 1708 2759 quae
1751 2673 1909 2739 nihil
1962 2675 2240 2739 concreti
2291 2675 2553 2754 habeat,
2605 2677 2766 2743 nihil

708 2771 923 2848 solidi,
960 2772 1119 2836 nihil
1154 2770 1468 2855 expressi,
1505 2769 1666 2835 nihil
1701 2769 2065 2847 eminentis,
2103 2770 2313 2855 sitque
2347 2794 2540 2856 pura,
2582 2772 2764 2851 levis,

706 2864 1054 2950 perlucida.
1143 2865 1427 2930 dicemus
1481 2866 1682 2952 igitur
1725 2865 1926 2943 idem,
1980 2864 2154 2949 quod
2197 2865 2264 2929 in
2299 2864 2554 2932 Venere
2591 2864 2761 2933 Coa:

710 2980 941 3044 corpus
976 2959 1138 3024 illud
1171 2981 1301 3023 non
1338 2970 1463 3037 est,
1518 2960 1634 3026 sed
1681 2960 1885 3025 simile
1921 2960 2232 3045 corporis,
2285 2982 2405 3026 nec
2439 2962 2545 3027 ille
2581 2961 2764 3027 fusus

709 3062 774 3117 et
818 3051 1093 3119 candore
1138 3052 1375 3121 mixtus
1411 3054 1607 3120 rubor
1644 3054 1908 3139 sanguis
1947 3064 2071 3131 est,
2119 3054 2233 3119 sed
2267 3055 2582 3139 quaedam
2619 3078 2763 3121 san-

706 3146 920 3233 guinis
958 3144 1332 3212 similitudo:
1388 3148 1479 3214 sic
1514 3148 1582 3212 in
1615 3146 1940 3234 Epicureo
1979 3147 2100 3213 deo
2132 3168 2267 3213 non
2307 3172 2472 3227 rem,
2522 3148 2636 3216 sed
2681 3148 2763 3214 si-

706 3238 1096 3306 militudines
1141 3264 1279 3307 esse
1312 3261 1546 3307 rerum.
1841 3241 1978 3307 Fac
2012 3241 2108 3319 id,
2154 3241 2330 3325 quod
2363 3266 2447 3309 ne
2479 3244 2764 3330 intellegi

706 3334 968 3420 quidem
1002 3345 1240 3421 pote-st,
1287 3336 1443 3401 mihi
1478 3358 1617 3403 esse
1653 3358 2060 3423 persuasum,
2115 3336 2273 3401 cedo
2307 3336 2464 3401 mihi
2497 3338 2762 3403 istorum

708 3428 1231 3495 adumbratorum
1284 3430 1547 3497 deorum
1597 3432 1968 3498 liniamenta
2020 3441 2213 3515 atque
2273 3430 2530 3497 formas.
2635 3455 2762 3498 non

706 3523 886 3591 deest
919 3523 1043 3589 hoc
1073 3524 1215 3591 loco
1253 3526 1437 3611 copia
1468 3527 1816 3604 rationum,
1861 3525 2094 3609 quibus
2129 3525 2358 3591 docere
2392 3526 2600 3593 velitis
2644 3527 2761 3592 hu-

704 3641 929 3685 manas
974 3641 1113 3686 esse
1165 3619 1403 3686 formas
1449 3620 1743 3687 deorum:
1797 3619 2077 3707 primum
2111 3620 2286 3703 quod
2327 3620 2418 3685 ita
2453 3622 2535 3686 sit
2567 3622 2761 3688 infor-

705 3723 951 3778 matum
985 3712 1305 3779 mentibus
1340 3714 1601 3791 nostris,
1636 3725 1711 3779 ut
1743 3714 2013 3792 homini,
2049 3735 2198 3780 cum
2233 3715 2312 3781 de
2350 3716 2469 3781 deo
2507 3716 2758 3803 cogitet,

706 3805 915 3871 forma
966 3819 1259 3873 occurrat
1309 3807 1589 3873 humana
1600 3833 1617 3886 3
1674 3808 1904 3874 deinde
1957 3808 2159 3892 quod,
2215 3808 2517 3895 quoniam
2567 3811 2756 3877 rebus

708 3899 1003 3964 omnibus
1049 3902 1318 3971 excellat
1358 3914 1588 3969 natura
1622 3902 1866 3980 divina,
1911 3902 2122 3969 forma
2153 3924 2411 3989 quoque
2447 3928 2586 3971 esse
2620 3907 2760 3991 pul-

709 3990 1021 4057 cherrima
1074 3994 1323 4074 debeat,
1376 4020 1495 4063 nec
1546 4020 1688 4064 esse
1733 3995 2014 4064 humana
2059 3998 2256 4063 ullam
2308 3999 2758 4085 pulchriorem3

707 4085 959 4152 tertiam
993 4088 1305 4156 rationem
1342 4090 1629 4171 adfertiS,
1678 4092 1854 4179 quod
1887 4091 2065 4159 nulla
2099 4092 2223 4157 alia
2257 4092 2466 4179 figura
2499 4092 2758 4159 domici·-
