3292 4559
747 268 875 336 184
1355 275 1434 332 M.
1473 273 1748 333 TULLII
1784 270 2185 331 CICERONIS
2969 280 2972 477 Ῐ

741 419 955 471 torum
990 414 1055 469 et
1088 411 1366 467 rostrum
1393 400 1525 465 suis
1557 410 1622 464 et
1657 398 1782 463 alia
1816 397 2151 485 permulta.
2207 396 2378 463 idem
2399 394 2806 466 Carneadem

742 501 985 585 fingere
1038 498 1196 564 dicis
1252 497 1332 561 de
1386 495 1594 581 capite
1638 493 1931 569 Panisci,
1987 492 2173 576 quasi
2224 514 2355 558 non
2407 495 2692 580 potuerit
2739 495 2808 560 id

746 596 999 661 evenire
1035 616 1190 659 casu
1225 602 1291 658 et
1333 612 1466 656 non
1498 589 1568 653 in
1602 588 1779 653 omni
1820 608 2136 652 marmore
2171 608 2434 653 necesse
2467 588 2552 653 sit
2596 589 2804 656 inesse

750 693 850 753 vel
866 688 1215 755 Praxitelia
1245 685 1457 773 capita
1466 710 1492 762 3·
1514 684 1621 748 illa
1654 684 1820 749 enim
1852 681 1989 767 ipsa
2020 681 2387 748 efficiuntur
2415 681 2805 749 detractione

746 809 958 869 nsque
1014 785 1367 870 quicquam
1423 781 1576 846 illuc
1638 778 1927 844 adfertur
1978 800 2018 842 a
2067 776 2426 855 Praxitele,
2490 779 2608 845 sed
2659 801 2805 845 cum

748 881 947 946 multa
982 890 1132 945 sunt
1166 879 1452 943 detracta
1486 886 1548 941 et
1585 874 1669 939 ad
1704 873 2076 938 liniamenta
2108 872 2236 937 oris
2273 884 2645 958 perventum
2682 886 2799 953 est,

750 993 885 1037 tum
910 974 1244 1058 intellegas
1279 972 1459 1050 illud,
1496 970 1668 1054 quod
1701 969 1824 1033 iam
1859 968 2209 1053 expolitum
2245 968 2348 1045 sit,
2385 968 2557 1034 intus
2586 968 2802 1035 fuisse.

654 1086 702 1121 ω
754 1080 962 1153 potest
1003 1070 1201 1155 igitur
1246 1068 1372 1133 tale
1410 1065 1651 1149 aliquid
1689 1064 1882 1129 etiam
1916 1084 2038 1128 sua
2072 1072 2298 1149 sponte
2341 1063 2409 1128 in
2443 1064 2806 1151 lapicidinis

754 1161 1060 1229 Chiorum
1097 1161 1428 1228 exstitisse.
1518 1159 1629 1225 sed
1669 1158 1747 1223 sit
1787 1158 1908 1224 hoe
1942 1157 2183 1223 fictum.
2271 1158 2470 1241 quid?
2514 1159 2583 1224 in
2617 1160 2809 1225 nubi-

754 1261 870 1321 bus
916 1278 1269 1341 numquam
1315 1253 1823 1320 animadvertisti
1869 1252 2070 1318 leonis
2114 1253 2388 1317 formam
2426 1264 2536 1319 aut
2576 1254 2810 1340 hippo-

750 1352 1076 1416 centauri?
1128 1362 1341 1435 potest
1375 1349 1601 1433 igitur,
1657 1347 1833 1433 quod
1876 1347 2070 1412 modo
2106 1348 2420 1433 negabas,
2471 1349 2811 1416 veritatem

750 1467 932 1509 [usus
966 1444 1219 1508 imitari.

646 1561 710 1613 ΕΞ
878 1537 1012 1605 sed
1053 1538 1359 1622 quoniam
1390 1536 1486 1602 de
1521 1536 1683 1602 extis
1721 1546 1786 1602 et
1830 1536 1912 1601 de
1947 1535 2310 1622 fulgoribus
2347 1535 2500 1601 satis
2537 1548 2633 1602 est
2681 1538 2812 1604 dis-

750 1644 1070 1717 putatum,
1110 1643 1359 1698 ostenta
1403 1642 1675 1708 restant,
1724 1642 1792 1695 ut
1831 1638 1965 1695 tota
2001 1630 2410 1716 haruspicina
2445 1632 2526 1696 sit
2561 1644 2812 1718 pertra-

750 1741 937 1793 ctata.
1041 1727 1255 1793 mulae
1306 1737 1529 1813 pa'rtus
1581 1726 1867 1813 prolatus
1924 1734 2022 1790 est
2073 1748 2114 1791 a
2166 1735 2259 1789 te:
2323 1747 2425 1790 res
2477 1725 2811 1805 mirabilis,

750 1830 1086 1909 propterea
1130 1817 1283 1906 quia
1323 1842 1456 1885 non
1502 1842 1695 1906 saepe
1738 1819 1842 1898 fit3
1888 1819 2001 1885 sed
2037 1819 2092 1884 si
2126 1818 2265 1884 fieri
2309 1842 2437 1883 non
2474 1821 2812 1907 potuisset,

752 1921 922 1981 sacta
954 1938 1085 1982 non
1119 1926 1304 1982 esset.
1381 1928 1576 2001 atque
1610 1915 1736 1980 hoc
1771 1925 1990 1981 contra
2027 1915 2239 1979 omnia
2278 1925 2530 1981 ostenta
2564 1916 2812 1982 valeat:

754 2033 1101 2096 numquam
1136 2012 1309 2097 quod
1343 2011 1484 2077 fieri
1517 2033 1651 2076 non
1684 2009 1964 2098 potuerit
1997 2030 2137 2075 esse
2173 2009 2448 2088 factum,
2486 2009 2586 2075 sin
2621 2022 2817 2096 potu-

750 2109 898 2181 erit,
951 2127 1081 2170 non
1125 2129 1265 2173 esse
1309 2105 1693 2170 mirandum.
1783 2126 2122 2192 causarum
2168 2104 2337 2169 enim
2379 2104 2701 2191 ignoratio
2749 2106 2816 2171 in

754 2225 818 2265 ro
860 2222 1031 2265 nova
1064 2200 1550 2265 admirationem
1586 2199 1743 2271 facit
1751 2222 1770 2276 3
1809 2199 2034 2264 eadem
2069 2198 2387 2284 ignoratio
2426 2199 2480 2264 si
2514 2199 2582 2264 in
2616 2200 2815 2266 rebus

750 2295 995 2358 usitatis
1049 2303 1174 2370 est,
1227 2314 1359 2359 non
1408 2294 1738 2357 miramur.
1825 2314 1977 2357 nam
2030 2292 2143 2376 qui
2193 2293 2435 2357 mulam
2485 2294 2815 2380 peperisse

750 2393 1037 2466 miratur,
1074 2388 1129 2451 is
1167 2409 1295 2472 quo
1332 2388 1527 2453 modo
1563 2410 1733 2471 equa
1767 2387 2006 2474 pariat,
2049 2398 2163 2454 aut
2196 2389 2455 2453 omnino
2489 2410 2658 2473 quae
2695 2414 2815 2456 na-

750 2502 890 2545 tura
923 2492 1180 2568 partum
1216 2481 1556 2547 animantis
1593 2482 1809 2560 faciat,
1859 2483 2135 2569 ignorat.
2225 2483 2338 2549 sed
2375 2484 2550 2567 quod
2584 2484 2815 2549 crebro

750 2577 921 2641 ridet
953 2598 1083 2641 non
1108 2576 1393 2654 miratur,
1431 2576 1625 2642 etiam
1654 2576 1710 2641 si
1743 2599 1858 2643 cur
1881 2578 1995 2643 fiat
2021 2578 2252 2655 nescit3
2289 2578 2463 2662 quod
2496 2588 2642 2643 ante
2676 2601 2818 2644 non
2976 2650 2977 2661 χ

749 2673 934 2749 vidit,
976 2671 1046 2736 id
1081 2673 1136 2737 si
1171 2670 1411 2748 evenit,
1463 2680 1788 2737 ostentum
1830 2693 1970 2738 esse
2005 2682 2243 2739 censet.
2330 2683 2549 2738 utrum
2589 2672 2814 2760 igitur,
2974 2669 2977 2845 A

654 2797 706 2833 a}
754 2789 898 2829 uum
932 2767 1225 2853 concepit
1257 2766 1463 2843 mula,
1500 2788 1585 2830 an
1620 2788 1770 2831 cum
1804 2765 2072 2853 peperit,
2108 2776 2431 2832 ostentum
2467 2768 2602 2834 est?
2655 2790 2817 2834 con-

750 2861 955 2945 καρῇ-ἰο
1002 2871 1223 2926 contra
1256 2870 1554 2925 naturam
1587 2860 1889 2939 fortasse,
1933 2859 2050 2926 sed
2082 2870 2305 2946 partus
2350 2883 2551 2948 prope
2584 2884 2816 2929 neces·

750 2980 973 3021 sanus.

646 3073 714 3125 ΕΒ
882 3049 1014 3114 Sed
1058 3050 1215 3133 quid
1258 3051 1483 3136 plura?
1541 3062 1753 3116 ortum
1805 3048 2139 3116 videamus
2183 3050 2658 3137 haruspicinae,
2717 3052 2815 3118 sic

750 3144 1070 3209 saeillume
1123 3143 1281 3229 quid
1335 3144 1571 3212 habeat
1616 3146 2010 3211 auctoritatis
2054 3144 2500 3212 iudicabimus.
2588 3145 2813 3233 Tages

750 3241 1010 3321 quidam
1045 3239 1277 3305 dicitur
1319 3240 1389 3304 in
1424 3261 1581 3325 agro
1617 3240 2098 3324 Tarquiniensi,
2135 3262 2283 3305 cum
2318 3253 2490 3307 terra
2522 3254 2816 3309 araretur

753 3353 808 3397 ut
850 3335 1063 3402 sulcus
1098 3335 1288 3400 altius
1324 3344 1492 3401 esset
1524 3334 1874 3419 inpressas,
1911 3334 2228 3401 exstitisse
2262 3346 2524 3421 repente
2559 3346 2625 3402 et
2658 3358 2814 3402 eum

750 3429 1007 3497 adfatus
1041 3452 1202 3508 esse,
1238 3430 1351 3515 qui
1386 3428 1609 3494 arabat
1618 3453 1637 3505 ;
1673 3429 1730 3493 is
1766 3440 1982 3494 autem
2007 3428 2253 3515 Tages,
2288 3440 2364 3495 ut
2395 3429 2464 3495 in
2497 3428 2676 3495 libris
2711 3440 2818 3496 est

754 3521 1190 3602 Etruscorum,
1226 3524 1454 3612 puerili
1490 3524 1702 3609 specie
1740 3522 1972 3589 dicitur
2003 3524 2200 3601 visus,
2237 3523 2353 3589 sed
2387 3523 2572 3589 senili
2605 3522 2812 3589 fuisse

754 3619 1106 3701 prudentia.
1196 3620 1333 3684 eius
1379 3627 1642 3703 aspectu
1678 3639 1827 3682 cum
1873 3616 2289 3704 obstipuisset
2322 3618 2639 3683 bubulcus
2676 3618 2814 3684 cla-

754 3734 1121 3797 moremque
1156 3712 1464 3777 maiorem
1498 3733 1646 3777 cum
1683 3712 2100 3779 admiratione
2148 3713 2482 3791 edidisset,
2536 3734 2812 3779 concur-

754 3829 894 3869 sum
928 3828 1071 3872 esse
1105 3806 1349 3871 factum
1384 3816 1715 3891 totamque
1749 3806 1931 3873 brevi
1965 3818 2250 3894 tempore
2293 3808 2361 3873 in
2395 3830 2546 3873 eum
2587 3807 2813 3872 locum

754 3900 1074 3965 Etruriam
1125 3902 1528 3982 convenisse3
1580 3912 1722 3967 tum
1770 3902 1953 3968 illum
2002 3903 2190 3988 plura
2237 3904 2526 3968 locutum
2583 3900 2812 3967 multis

754 3993 1182 4073 audientibus,
1237 3997 1353 4082 qui
1386 3998 1601 4063 omnia
1634 3996 1834 4063 verba
1867 3998 2004 4063 eius
2040 3999 2406 4084 exceperint
2445 3995 2811 4079 litterisque

749 4087 1139 4169 111andarint3
1194 4112 1450 4159 omnem
1513 4104 1728 4159 autem
1783 4092 2131 4159 orationem
2185 4093 2384 4158 fuisse
2436 4113 2608 4169 eam,
2671 4110 2813 4173 qun.
