3292 4559
322 4306 335 4536 ή-Ἳ-Τ,-,--
323 4288 325 4297 -
323 4264 326 4275 -

1112 246 1227 303 DE
1261 246 1599 305 memus
1634 248 1682 301 1.
1708 239 1964 304 ἰω-25.
2438 237 2567 303 257
2643 224 2646 233 ’

496 358 766 463 pientia.
870 380 968 437 est
1016 359 1242 457 igitur,
1304 371 1609 455 quoniam
1668 370 1830 437 nihil
1893 374 2013 437 est
2040 370 2286 439 ratione
2325 355 2582 441 'melius¹

502 490 707 577 eaque
744 478 835 531 est
870 476 934 533 et
966 466 1034 531 in
1068 465 1327 532 homine
1362 477 1429 532 et
1460 466 1529 531 in
1565 466 1712 543 dee,
1727 466 1958 553 prima
1991 466 2232 533 homini
2269 482 2424 535 eum·
2446 470 2568 538 deo

2612 376 2706 437 23,

497 560 769 627 rationis
818 560 1123 638 soeietas3
1175 560 1343 626 inter
1386 582 1549 671 quos
1596 571 1814 627 autem
1855 562 2018 627 ratio
2027 610 2052 641 ,
2099 562 2268 629 inter
2311 566 2570 631 eosdem
2626 586 2642 599 ¹·
2713 614 2722 621 -

500 654 697 721 etiam
742 664 923 721 reeta
964 654 1151 719 ratio
1162 656 1519 720 eommunis
1555 664 1690 720 est.
1732 675 1910 740 quae
1947 678 2095 721 eum
2129 658 2212 722 sit
2244 659 2378 738 lex,
2423 662 2569 752 lege

502 770 765 835 quoque
816 748 1164 815 eonsoeiati
1198 748 1489 815 homines
1526 767 1676 815 eum
1711 748 1812 815 dis
1845 752 2114 860 putandi
2150 775 2391 820 sumus.
2469 757 2571 821 ιιι-
2627 762 2634 769 ’

498 856 599 911 ιει·
636 863 813 928 quos
856 864 1049 929 porro
1092 854 1192 909 est
1226 845 1587 909 communio
1620 844 1815 931 legis,
1857 845 2024 910 inter
2059 866 2170 911 eos
2205 840 2570 941 communio

500 936 659 1004 iuris
696 947 828 1016 est3
865 937 1101 1021 quibus
1138 948 1355 1003 autem
1390 938 1551 1004 haee
1586 950 1739 1004 sunt
1777 938 1970 1051 [inter
2005 938 2156 1025 eos]
2185 938 2569 1023 eommuma,

502 1032 565 1099 ei
616 1031 901 1097 civitatis
955 1032 1243 1097 eiusdem
1295 1032 1577 1098 habendi
1628 1044 1797 1099 sunt.
1887 1034 1942 1099 si
1991 1052 2148 1100 vero
2199 1036 2430 1123 isdem
2449 1036 2606 1103 im·-

484 1126 703 1213 periis
752 1137 821 1191 et
866 1128 1295 1213 potestatibus
1338 1138 1591 1213 parent,
1636 1130 1900 1195 multo
1881 1152 2011 1193 1am
2050 1118 2288 1216 magis3
2341 1143 2571 1221 parent

490 1232 722 1287 autem
795 1219 949 1286 huie
1020 1222 1281 1288 caelesti
1340 1222 1736 1309 diseriptioni
1795 1225 2126 1309 mentique
2189 1226 2450 1295 divinae
2503 1238 2570 1293 et

500 1314 921 1401 praepotenti
950 1314 1103 1393 deo,
1148 1327 1223 1380 ιιι
1255 1315 1387 1380 iam
1420 1316 1758 1382 universus
1793 1318 1900 1383 hie
1933 1306 2214 1384 mundus
2247 1343 2379 1386 una
2413 1321 2572 1387 eivi-

498 1421 599 1474 tas
654 1408 1017 1475 eommunis
1064 1409 1331 1475 deorum
1376 1421 1569 1495 atque
1613 1411 1948 1499 hominum
1999 1414 2424 1479 existimanda
2465 1418 2578 1481 «ιιι.-

498 1513 563 1568 ει
616 1501 799 1587 quod
854 1501 923 1567 in
977 1502 1342 1569 civitatibus
1384 1494 1630 1571 ratione
1676 1506 1984 1589 quadam,
2031 1507 2112 1572 de
2155 1528 2286 1591 qua
2323 1509 2570 1575 dicetur

496 1597 733 1663 idoneo
774 1598 953 1675 loce,
999 1598 1451 1686 agnationibus
1499 1599 1889 1665 familiarum
1925 1600 2406 1687 distinguuntur
2439 1615 2570 1674 sta-

498 1703 633 1769 tus,
678 1692 751 1756 id
798 1692 868 1755 in
910 1713 1123 1757 rerum
1168 1704 1401 1759 natura
1446 1704 1623 1759 tanto
1670 1705 1769 1760 est
1809 1695 2322 1781 magnificentius
2357 1708 2568 1764 tanto·
2619 1710 2626 1719 '

498 1808 626 1871 que
672 1785 1100 1874 praeclarium
1144 1798 1217 1851 ιιι
1262 1787 1552 1855 homines
1596 1789 1863 1854 deorum
1897 1790 2242 1874 agnatione
2275 1802 2341 1856 et
2373 1804 2566 1878 gente

496 1892 863 1947 teneantur.
925 1900 1079 1948 nam
1114 1901 1263 1945 eum
1298 1881 1381 1947 de
1406 1893 1637 1948 natura
1663 1882 1938 1949 hominis
1963 1884 2318 1967 quaeritur,
2351 1885 2568 1973 dispu-

496 1974 621 2039 tari
666 1976 837 2041 solet
884 1972 1213 2061 [nimirum
1256 1976 1349 2040 ita
1392 1987 1569 2054 sunt,
1614 1986 1690 2041 ιιι
1734 1975 2164 2063 disputantur]
2180 2025 2198 2055 ,
2243 1980 2566 2067 perpetuis

500 2065 863 2157 [cursibus]
912 2070 1437 2136 conversionibus
1472 2070 1854 2137 caelestibus
1891 2072 2206 2138 exstitisse
2242 2074 2567 2157 quandam

494 2164 940 2229 maturitatem
988 2164 1239 2229 serendi
1282 2164 1537 2249 generis
1580 2164 1878 2243 humani,
1933 2166 2136 2249 quod
2161 2190 2455 2253 sparsum
2497 2170 2565 2234 in

499 2270 704 2323 terras
742 2267 937 2342 atque
974 2268 1185 2323 satum
1221 2256 1439 2324 divino·
1476 2270 1736 2324 auctum
1771 2260 1855 2325 sit
1888 2262 2245 2326 animorum
2279 2286 2566 2343 munere,

500 2343 783 2437 eumque
830 2351 955 2417 alia
1000 2352 1237 2444 quibus
1282 2352 1698 2419 cohaererent
1739 2346 2030 2421 homines
2074 2379 2110 2422 e
2154 2358 2408 2423 mortali
2451 2382 2567 2445 ge-

500 2468 658 2511 nere
694 2446 1101 2531 sumpserint,
1138 2469 1307 2533 quae
1342 2447 1601 2535 fragilia
1635 2460 1848 2514 essent
1881 2460 1946 2514 et
1979 2451 2244 2528 caduca,
2281 2452 2566 2517 animum

496 2562 647 2608 esse
691 2540 1138 2627 ingeneratum
1173 2566 1214 2607 a
1248 2542 1387 2608 deo.
1478 2566 1561 2608 ex
1596 2564 1727 2625 quo
1762 2566 1912 2613 vere
1947 2545 2050 2609 vel
2086 2546 2344 2631 agnatio
2379 2548 2566 2613 nobis
2623 2557 2629 2561 ’

502 2658 654 2701 eum
718 2636 1101 2701 caelestibus
1154 2637 1257 2703 vel
1310 2658 1517 2725 genus
1570 2639 1677 2703 vel
1729 2638 1924 2725 stirps
1977 2640 2283 2725 appellari
2333 2652 2564 2730 potest.

499 2730 724 2813 itaque
760 2748 842 2793 ex
876 2739 971 2791 tot
1004 2730 1349 2813 generibus
1380 2732 1629 2794 nullum
1669 2741 1766 2795 est
1801 2732 2039 2795 animal
2071 2743 2326 2815 praeter
2361 2732 2566 2797 homi-

500 2844 687 2898 nem,
730 2821 905 2905 quod
940 2821 1177 2885 habeat
1209 2822 1499 2886 notitiam
1536 2822 1816 2906 aliquam
1853 2824 1986 2899 dei,
2030 2824 2314 2907 ipsisque
2349 2824 2418 2889 in
2451 2826 2565 2891 ho-

500 2911 789 2981 minibus
832 2914 1013 2979 nulla
1054 2934 1215 3000 gens
1260 2926 1359 2980 est
1401 2936 1613 2999 neque
1651 2925 1787 2979 tam
1819 2927 2156 2981 mansueta
2189 2939 2397 3001 neque
2433 2929 2564 2984 tam

500 3010 676 3086 fera,
725 3028 897 3093 quae
951 3029 1111 3085 non,
1167 3008 1359 3073 etiam
1405 3009 1459 3073 si
1501 3009 1756 3095 ignoret
1799 3010 2056 3093 qualem
2099 3010 2336 3078 habere
2374 3013 2565 3079 deum

506 3104 763 3183 deceat,
808 3115 1025 3169 tamen
1069 3103 1439 3169 habendum
1487 3104 1666 3169 sciat.
1756 3126 1838 3169 ex
1884 3102 2012 3188 quo
2058 3103 2338 3172 efficitur
2383 3107 2563 3189 illud,

502 3210 578 3265 ιιι
611 3198 671 3263 is
706 3209 1015 3285 agnoscat
1050 3198 1263 3278 deum,
1302 3199 1433 3282 qui,
1480 3197 1654 3263 unde
1691 3209 1870 3264 ortus
1906 3198 2006 3275 sit,
2053 3201 2238 3285 quasi
2270 3204 2564 3269 recorde-

498 3302 631 3357 tur.
702 3292 832 3357 iam
869 3285 1029 3358 vero
1058 3293 1263 3358 virtus
1296 3293 1524 3381 eadem
1558 3293 1625 3357 in
1661 3292 1920 3358 homine
1955 3316 2030 3359 ae
2066 3295 2186 3359 deo
2223 3306 2320 3360 est
2352 3318 2563 3380 neque

504 3385 633 3451 alio
696 3386 829 3451 ullo
888 3386 956 3450 in
1008 3408 1245 3472 genere
1296 3397 1629 3473 praeterea
1640 3412 1658 3465 ;
1731 3398 1831 3452 est
1885 3398 2100 3460 autem
2153 3389 2354 3453 virtus
2395 3389 2566 3455 nihil

498 3478 685 3545 aliud
725 3479 850 3543 nisi
896 3480 1182 3566 perfecta
1221 3491 1290 3547 et
1334 3482 1417 3546 ad
1452 3504 1776 3547 summum
1811 3482 2122 3568 perducta
2155 3492 2412 3547 natura:
2469 3495 2566 3553 est

498 3573 704 3659 igitur
756 3572 999 3638 homini
1052 3575 1199 3639 eum
1250 3576 1375 3641 deo
1430 3574 1800 3642 similitudo.
1890 3576 2065 3660 quod
2119 3597 2270 3641 oum
2319 3574 2410 3641 ita
2463 3577 2564 3655 sit,

506 3688 676 3751 quae
712 3668 973 3735 tandem
1009 3690 1149 3735 esse
1184 3680 1396 3755 potest
1428 3662 1688 3755 propior
1724 3668 2032 3735 eertiorve
2067 3670 2404 3755 cognatio?
2445 3670 2566 3735 ita-

505 3783 635 3846 que
687 3764 771 3829 ad
826 3763 1159 3829 hominum
1210 3764 1697 3853 commoditates
1751 3775 1817 3830 et
1857 3786 2016 3829 usus
2060 3775 2304 3829 tantam
2347 3786 2563 3831 rerum

504 3856 867 3923 ubertatem
902 3870 1133 3925 natura
1165 3860 1399 3945 largita
1434 3869 1550 3935 est,
1586 3870 1662 3923 ut
1696 3882 1793 3937 ea,
1837 3880 2003 3943 quae
2038 3860 2410 3945 gignuntur,
2449 3859 2562 3923 do-
2629 3915 2635 3920 .

504 3960 661 4015 nata
712 3954 1001 4019 consulto
1053 3954 1268 4031 nobis,
1320 3973 1452 4018 non
1504 3949 1766 4017 fortuito
1818 3963 1972 4017 nata
2021 3952 2388 4031 videantur,
2441 3972 2562 4019 ιιεε

504 4043 716 4110 solum
752 4068 858 4125 ea,
905 4042 1071 4131 quae
1101 4047 1404 4133 frugibus
1441 4057 1632 4133 atque
1669 4046 1846 4113 baeis
1881 4058 2088 4119 terrae
2121 4046 2260 4117 fetu
2293 4044 2560 4135 profun-

615 4145 833 4191 ciceronis
854 4149 934 4193 vol.
955 4148 1063 4192 VIII.
2129 4147 2196 4202 17
