3292 4559
1028 243 1138 298 DE
1173 240 1504 300 ormons
1523 243 1648 298 m.
1684 244 1927 298 49—55.
2014 303 2019 310 ,
2422 227 2521 296 93·

439 365 744 435 vendere.
849 363 1140 442 ‘advexi,
1203 366 1499 452 exposui,
1563 365 1777 431 vendo
1837 387 2055 436 meum
2114 387 2247 435 non
2274 367 2505 450 pluris

441 485 646 548 quam
687 461 908 538 ceteri,
953 460 1230 526 fortasse
1257 460 1468 525 ‘etiam
1504 460 1799 538 minoris,
1843 481 1995 526 >cum
2029 461 2231 526 maior
2266 473 2363 528 est
2397 484 2509 526 co.-

439 558 586 646 pia:
637 555 742 622 cui
781 556 857 620 fit
895 554 1195 620 iniuria?
1281 555 1567 621 exoritur
1599 555 1941 641 Antipatri„
1982 555 2145 620 ratio
2192 577 2273 620 ex
2306 556 2507 622 altera
2539 580 2591 622 52

439 662 656 741 parte:
695 650 878 735 ‘quid
909 650 1047 716 ais?
1082 661 1176 728 tu,
1211 671 1362 716 cum
1395 649 1767 718 hominibus
1799 649 2133 726 consulere
2168 649 2406 718 debeas
2443 661 2507 716 et

441 746 682 812 servire
742 745 1064 810 humanae
1127 743 1418 811 societati
1473 766 1683 829 eaque
1734 747 1881 833 lege
1930 755 2123 812 natus
2172 744 2263 810 sis
2314 756 2379 809 et
2428 767 2509 810 ea

439 839 686 905 habeas
735 839 1052 926 principia
1101 849 1400 914 naturae,
1453 839 1689 924 quibus
1732 862 1957 925 parere
2004 851 2071 906 et
2112 861 2280 923 quae
2324 839 2509 922 sequi

442 936 714 1012 debeas,
759 945 834 999 ut
875 933 1120 998 utilitas
1164 945 1278 998 tua
1313 935 1671 999 communis
1706 934 1788 1000 sit
1821 933 2060 1000 utilitas
2097 933 2507 1016 vicissimque

441 1029 806 1096 communis
839 1028 1082 1092 utilitas
1117 1039 1232 1092 tua
1265 1028 1374 1104 sit,
1410 1027 1648 1094 celabis
1684 1027 1997 1104 homines,
2033 1028 2193 1112 quid
2224 1027 2305 1094 iis
2342 1026 2509 1092 adsit

441 1121 916 1188 commoditatis
961 1133 1026 1186 et
1069 1122 1331 1206 copiae?
1344 1122 1358 1150 '
1413 1121 1828 1207 respondebit
1858 1121 2192 1208 Diogenes
2236 1121 2507 1190 fortasse

442 1217 570 1282 sic:
625 1215 832 1282 ‘aliud
877 1227 977 1282 est
1021 1217 1228 1281 celare
1241 1264 1260 1292 ,
1309 1217 1485 1282 aliud
1529 1229 1745 1283 tacere
1758 1265 1777 1294 ,
1821 1238 2031 1300 neque
2076 1238 2199 1302 ego
2233 1237 2407 1282 nunc
2442 1226 2509 1280 te

442 1312 616 1388 ce10,
657 1310 716 1376 si
759 1311 877 1376 tibi
921 1331 1052 1376 non
1095 1311 1240 1376 dico
1254 1357 1272 1388 ,
1317 1331 1488 1394 quae
1531 1322 1763 1376 natura
1806 1311 2075 1378 deorum
2120 1312 2232 1388 sit,
2278 1311 2391 1394 qui
2426 1310 2509 1375 sit

440 1406 592 1470 finis
635 1404 950 1474 bonorum
962 1451 982 1484 ,
1031 1426 1198 1489 quae
1243 1405 1362 1471 tibi
1405 1406 1554 1491 plus
1597 1406 1975 1491 prodessent
2019 1406 2276 1492 cognita
2310 1427 2509 1489 quam

385 1573 392 1578 ,
440 1499 638 1564 tritici
671 1499 900 1566 vilitas.
991 1501 1106 1566 sed
1139 1522 1291 1577 non,
1327 1500 1636 1585 quicquid
1673 1500 1791 1566 tihi
1826 1501 2047 1568 audire
2084 1501 2239 1567 utile
2275 1511 2402 1575 est,
2438 1500 2509 1566 id

441 1594 604 1660 mihi
653 1593 866 1662 dicere
919 1615 1184 1662 necesse
1235 1597 1374 1662 est.'
1465 1597 1693 1662 ‘immo
1746 1619 1899 1664 vero
1952 1619 2215 1662 necesse
2266 1607 2395 1672 est,
2450 1596 2505 1662 si
2540 1619 2593 1660 53

440 1689 705 1773 quidem
750 1689 1094 1756 meministi
1129 1713 1270 1756 esse
1305 1691 1472 1756 inter
1505 1691 1799 1756 homines
1832 1702 2064 1756 natura
2100 1689 2509 1756 coniunctam

441 1784 851 1850 societatem!
940 1786 1264 1863 ‘memini,
1277 1787 1292 1814 '
1338 1786 1588 1870 inquiet
1619 1786 1729 1852 ille
1775 1793 1793 1824 ‘
1806 1786 1925 1852 sed
1956 1807 2115 1850 num
2148 1787 2276 1850 ista,
2308 1786 2509 1851 socie-

440 1889 542 1942 tas
595 1877 739 1942 talis
791 1887 916 1954 est,
967 1888 1040 1942 ut
1089 1879 1250 1944 nihil
1301 1902 1494 1945 suum
1538 1881 1849 1964 cuiusque
1894 1880 2015 1945 sit?
2098 1880 2274 1964 quod
2320 1880 2374 1944 si
2417 1881 2507 1945 ita

440 1983 570 2049 est,
621 1993 704 2038 ne
750 1972 1170 2037 vendundum
1213 1974 1475 2058 quidem
1519 1975 1869 2058 quicquam
1912 1986 2041 2050 est,
2093 1975 2211 2040 sed
2261 1974 2507 2040 donan-

440 2070 619 2134 dum.
632 2069 648 2096 '
735 2067 916 2134 vides
970 2069 1044 2134 in
1090 2069 1213 2134 hac
1265 2082 1400 2135 tota
1451 2069 1913 2156 disceptatione
1964 2091 2096 2134 non
2146 2069 2307 2136 illud
2358 2069 2505 2145 dici,
2541 2080 2611 2134 13

439 2163 786 2248 ‘quamvis‘
804 2163 930 2228 hoc
953 2173 1142 2250 turpe
1167 2164 1270 2241 sit,
1308 2176 1544 2242 temen,
1581 2165 1885 2249 quoniam
1912 2164 2193 2251 expedit,
2228 2164 2502 2242 faciam,'

439 2259 556 2324 sed
590 2258 681 2324 ita
715 2258 1038 2344 expedire,
1073 2269 1148 2324 ut
1181 2269 1372 2345 turpe
1404 2281 1534 2324 non
1571 2260 1673 2336 sit,
1710 2283 1795 2325 ex
1829 2261 2030 2325 altera
2053 2269 2275 2324 autem
2300 2270 2505 2345 parte,

419 2375 522 2418 ‘ea
555 2375 645 2428 re,
683 2352 838 2437 quia
871 2364 1060 2439 turpe
1095 2353 1200 2431 sit,
1233 2376 1367 2419 non
1401 2377 1542 2420 esse
1578 2354 1969 2420 faciendum.
2056 2354 2293 2421 vendat
2329 2354 2505 2420 aedis
2538 2375 2593 2418 54

439 2447 540 2512 vir
591 2447 800 2511 bonus
851 2459 1114 2533 propter
1157 2449 1373 2533 aliqua
1416 2449 1601 2525 vitia,
1657 2470 1825 2533 quae
1877 2449 2015 2534 ipse
2060 2449 2259 2525 norit,
2312 2449 2507 2515 ceteri

439 2544 766 2627 ignorent3
801 2543 1170 2627 pestilentes
1206 2544 1336 2609 sint
1371 2554 1436 2609 et
1467 2543 1831 2610 habeantur
1864 2544 2185 2620 salubres,
2220 2541 2507 2629 [ignore-

441 2651 548 2700 tur
589 2637 657 2700 in
701 2637 1000 2702 omnibus
1046 2638 1358 2705 cubiculis
1374 2654 1378 2659 '
1393 2639 1715 2724 ,adparere
1750 2635 2121 2724 serpentis,]
2166 2639 2337 2706 male
2370 2661 2509 2704 ma-

441 2730 727 2807 teriatae,
761 2732 1090 2808 ruinosae,
1127 2733 1243 2798 sed
1279 2733 1402 2801 hoc
1435 2746 1691 2819 praeter
1722 2734 2059 2800 dominum
2090 2753 2280 2800 nemo
2314 2732 2505 2798 sciat·

443 2845 716 2909 quaero,
760 2824 815 2887 si
859 2824 1020 2890 haec
1065 2827 1460 2911 emptoribus
1511 2828 1807 2893 venditor
1848 2849 1983 2892 non
2024 2825 2255 2892 dixerit
2300 2825 2507 2890 aedis-

443 2939 572 3003 que
613 2917 970 2982 vendiderit
1013 2920 1215 3004 pluris
1251 2921 1488 2998 multo,
1533 2943 1731 3005 quam
1767 2944 1837 2988 se
1872 2920 2283 2987 venditurum
2313 2930 2509 3041 puta-

443 3014 555 3090 rit,
599 3033 756 3078 num
800 3012 869 3076 id
911 3013 1144 3079 iniuste
1189 3026 1302 3078 aut
1334 3015 1602 3102 inprobe
1637 3014 1899 3082 fecerit?
1970 3015 2107 3081 ‘ille
2149 3014 2363 3092 vero’,
2406 3013 2505 3080 in-

445 3108 586 3193 quit
620 3106 984 3194 Antipater.
1071 3108 1260 3192 ‘quid
1304 3120 1402 3175 est
1444 3110 1612 3176 enim
1660 3109 1837 3176 aliud
1880 3109 2118 3178 erranti
2156 3110 2327 3178 viam
2373 3130 2505 3177 non

445 3214 820 3279 monstrare,
845 3201 1024 3286 quod
1039 3202 1320 3268 Athenis
1347 3205 1890 3273 exsecrationibus
1919 3203 2193 3290 publicis
2210 3214 2507 3272 sanctum

447 3309 572 3374 est,
609 3298 664 3362 si
698 3297 822 3362 hoc
857 3320 988 3363 non
1024 3309 1151 3375 est,
1199 3309 1552 3384 emptorem
1585 3300 1721 3386 pati
1755 3321 1941 3367 ruere
1978 3310 2044 3366 et
2074 3321 2193 3384 per
2227 3320 2506 3367 errorem

444 3393 514 3456 in
559 3391 906 3456 maximam
949 3391 1244 3458 &audem
1288 3393 1653 3460 incurrere?
1738 3393 1883 3479 plus
1930 3393 2125 3460 etiam
2169 3403 2265 3458 est
2310 3413 2507 3475 quem

446 3488 620 3553 viam
659 3507 790 3552 non
834 3499 1218 3565 monstram
1263 3511 1416 3554 nam
1449 3500 1549 3554 est
1583 3489 1893 3554 scientem
1928 3489 1999 3556 in
2032 3508 2315 3554 errorem
2348 3486 2507 3553 alte·

445 3603 590 3646 rum
621 3581 964 3648 inducere?
1053 3581 1386 3669 Diogenes
1421 3595 1673 3654 contra:
1730 3589 1917 3650 ‘num
1951 3593 2017 3647 te
2050 3591 2263 3648 emere
2298 3578 2509 3664 coegit
2538 3592 2590 3634 δῦ

449 3677 560 3759 qui
618 3699 702 3743 ne
765 3677 1055 3743 hortatus
1107 3677 1371 3761 quidem
1421 3679 1558 3744 est?
1641 3678 1751 3744 ille
1802 3677 1978 3763 quod
2028 3698 2159 3742 non
2208 3674 2505 3760 placebat

449 3769 816 3858 proscripsit
829 3819 848 3849 ‚
891 3784 966 3838 tu
1009 3773 1184 3857 quod
1231 3774 1530 3860 placebat
1573 3773 1803 3840 misti.
1892 3771 2067 3856 quod
2110 3770 2167 3834 si
2208 3769 2325 3854 qui
2357 3789 2507 3854 pro-

453 3865 732 3931 scribunt
785 3867 1004 3932 villam
1046 3867 1284 3936 bonam
1328 3869 1622 3952 beneque
1668 3865 2071 3934 aedificatam
2112 3885 2245 3930 non
2286 3862 2505 3930 existi-

451 3971 702 4028 mantur
743 3959 1074 4040 fefellisse,
1121 3963 1315 4028 etiam
1359 3963 1417 4028 si
1457 3964 1568 4028 illa
1609 3984 1733 4028 nec
1775 3961 1947 4026 bona.
1988 3969 2089 4027 est
2130 3980 2253 4026 nec
2284 3956 2505 4026 aedifi-

453 4066 593 4124 cata
641 4055 916 4133 ratione,
967 4057 1172 4123 multo
1225 4058 1436 4124 minus
1491 4057 1606 4143 qui
1658 4057 1923 4124 domum
1964 4077 2097 4126 non
2138 4052 2481 4122 laudarunt
