3292 4559
706 385 730 423 1

786 222 913 292 116
1402 237 1481 292 M.
1517 236 1793 293 TUhLfl
1829 232 2233 292 mensor-Hs

911 358 1390 438 Animadverti,
1463 361 1697 436 Brute,
1769 380 1961 444 saepe
2033 356 2378 436 Catonem,
2454 360 2838 424 amnsulum

782 470 985 532 tuum,
1024 476 1170 520 cum
1205 455 1273 519 in
1309 464 1535 520 senatu
1572 456 1950 520 sententiam
1989 452 2257 528 diceret,
2293 452 2466 516 loc-ns
2506 452 2726 536 gravis
2766 480 2838 520 [ἡκ

781 549 1186 639 philosophia
1236 559 1511 614 tractare
1565 548 1965 613 abhorrentis
2017 548 2101 612 ab
2153 548 2277 612 hcc
2325 572 2446 612 usu
2490 548 2738 612 scr-ensi
2782 564 2842 612 st

781 645 1071 731 publice,
1117 644 1232 710 sed
1279 643 1549 708 dicendo
1597 644 1901 728 consequi
1949 654 2189 716 tamen,
2237 652 2310 704 ut
2354 640 2466 704 ills.
2498 644 2698 708 etiam
2734 664 2845 728 ps-

704 759 731 797 2
782 739 934 826 pulo
969 738 1329 824 probabilia
1362 737 1757 812 viderentur3
1809 736 1985 820 quud
2033 760 2105 800 eo
2141 736 2350 800 maius
2390 748 2482 800 est
2518 736 2614 800 illi
2650 758 2846 820 quam

716 1747 724 1754 ,
784 1678 951 1756 tum,
990 1679 1165 1762 quod
1200 1701 1331 1744 non
1368 1679 1772 1764 splendescat
1807 1679 2093 1745 oratione
2128 1690 2192 1744 et
2225 1690 2554 1763 tamquam
2590 1681 2848 1745 excola·

782 843 895 898 aut
939 832 1058 897 tibi
1104 842 1218 899 aut
1250 831 1465 908 nobis,
1511 831 1661 914 quia
1697 852 1813 896 nos
1853 856 1929 896 ss.
1961 828 2366 916 philosophia
2402 832 2546 916 plus
2586 832 2846 908 utimur,

782 949 949 1011 quae
983 927 1231 1012 peperit
1266 924 1519 991 dicendi
1556 927 1805 1012 copiam
1841 936 1905 988 st
1940 924 2005 988 in
2041 948 2169 1008 qua
2209 924 2506 988 dicuntur
2542 948 2642 1003 sa,
2682 948 2846 1008 quas

782 1043 913 1085 non
954 1021 1230 1086 multum
1276 1018 1636 1105 discrepent
1682 1020 1765 1084 ab
1809 1020 2105 1104 opinions
2153 1020 2474 1104 populari,
2526 1016 2698 1084 Cato
2734 1044 2842 1080 su-

783 1126 945 1193 tem,
982 1115 1305 1202 perfectus
1340 1137 1486 1178 mea
1520 1116 1837 1180 sententia
1873 1112 2161 1190 Stat-icus,
2205 1128 2273 1176 et
2305 1136 2382 1176 ea
2418 1112 2642 1188 sentit,
2682 1136 2842 1196 quae

782 1231 912 1274 non
948 1232 1100 1273 sane
1134 1208 1488 1294 probantur
1521 1208 1591 1272 in
1626 1208 1877 1292 volgus,
1917 1220 1977 1272 st
2013 1208 2081 1272 in
2117 1232 2193 1272 ca
2229 1220 2326 1272 est
2362 1208 2638 1284 haeresi,
2682 1228 2842 1292 quae

780 1303 1044 1368 nullum¹
1065 1300 1354 1386 sequitur
1388 1302 1610 1367 florem
1649 1304 1949 1368 orationis
1985 1324 2193 1384 neque
2241 1304 2466 1368 dilatat
2502 1324 2845 1388 argumen-

780 1406 951 1460 tumz
998 1396 1262 1460 minutis
1306 1396 1929 1482 interrogatiunculis
1981 1396 2161 1480 quasi
2197 1396 2450 1480 punctis
2486 1396 2666 1480 quod
2702 1420 2846 1480 prn-

780 1489 994 1575 posuit
1047 1490 1263 1554 efficit.
1355 1491 1469 1555 sed
1519 1489 1678 1554 nihil
1725 1500 1822 1554 est
1866 1502 1998 1554 tam
2043 1489 2439 1567 incredibile,
2495 1490 2675 1574 quod
2718 1512 2848 1555 non

782 1582 1052 1649 dicendo
1096 1583 1207 1648 fiat
1250 1584 1611 1671 probabile,
1667 1584 1826 1648 nihil
1871 1595 2004 1648 tam
2045 1584 2404 1662 horridum,
2463 1595 2600 1648 tam
2640 1585 2851 1651 incul-
2962 1651 2963 1658 ,

782 1784 905 1838 tur.
994 1773 1168 1856 quod
1213 1796 1361 1838 cum
1404 1773 1497 1838 ita
1538 1783 1863 1859 putarem,
1913 1773 2040 1839 feci
2075 1773 2268 1838 etiam
2303 1773 2611 1839 audacius
2648 1795 2846 1858 quam

780 1867 888 1932 ille
920 1867 1082 1953 ipse,
1124 1867 1203 1933 de
1239 1889 1367 1952 quo
1403 1868 1659 1952 loquor:
1700 1864 1865 1931 Cato
1894 1867 2066 1932 enim
2095 1868 2250 1932 dum
2278 1878 2454 1932 taxat
2481 1867 2564 1932 de
2592 1870 2850 1954 magni·

781 1961 1003 2026 tudine
1049 1963 1271 2040 animi,
1320 1963 1401 2028 de
1448 1961 1863 2038 continentia,
1911 1961 1990 2027 de
2033 1973 2268 2040 morte,
2316 1961 2394 2027 de
2438 1963 2615 2027 omni
2648 1963 2845 2028 laude

782 2056 1063 2134 virtutis,
1110 2057 1190 2124 de
1237 2057 1334 2122 dis
1378 2056 1853 2133 inmortalibus,
1901 2057 1981 2120 de
2028 2056 2289 2122 caritate
2332 2055 2578 2142 patriae
2623 2054 2843 2122 Stoice

782 2151 943 2215 solet
988 2152 1278 2216 oratoriis
1324 2151 1714 2217 ornamentis
1760 2149 2063 2218 adhibitis
2107 2149 2348 2227 dicere3
2401 2173 2524 2237 ego
2570 2150 2689 2214 tibi
2732 2151 2841 2216 illa

779 2245 951 2330 ipsa,
1002 2267 1169 2328 quae
1220 2246 1331 2309 vix
1381 2245 1451 2308 in
1502 2245 1854 2330 gymnasiis
1907 2255 1972 2309 et
2016 2244 2085 2308 in
2128 2244 2257 2309 otio
2301 2243 2506 2312 Stoici
2544 2245 2843 2330 probant,

781 2337 1008 2401 ludens
1055 2338 1298 2402 conieci
1340 2338 1409 2402 in
1456 2339 1812 2404 communis
1846 2339 2041 2404 locos.
2129 2359 2297 2422 quae
2341 2338 2496 2421 quia
2541 2351 2693 2404 sunt
2729 2340 2840 2402 ad-

782 2429 1097 2494 mirabilia
1145 2443 1493 2514 contraque
1538 2433 1905 2518 opinionem
1949 2433 2234 2497 omnium
2289 2431 2405 2520 [ab
2448 2432 2604 2519 ipsis
2649 2433 2840 2498 etiam

779 2521 1134 2607 παράδοξα
1187 2522 1619 2611 appellantur]
1632 2574 1652 2604 ,
1705 2537 2017 2613 temptare
2069 2526 2244 2591 volui
2296 2538 2640 2613 possentne
2694 2550 2844 2613 pro-

780 2615 933 2681 ferri
966 2616 1035 2681 in
1068 2617 1279 2684 lucem
1316 2617 1415 2704 [id
1450 2632 1546 2686 est
1581 2621 1650 2684 in
1685 2618 1931 2707 forum]
1969 2633 2033 2687 et
2065 2623 2156 2687 ita
2191 2622 2346 2699 dici,
2384 2633 2456 2686 ut
2491 2622 2846 2706 probaren—

778 2720 903 2786 tur,
940 2734 1025 2775 an
1060 2713 1184 2776 alia
1218 2713 1536 2797 quaedam
1572 2727 1743 2780 esset
1778 2715 2057 2792 erudita,
2095 2716 2220 2780 alia
2252 2716 2579 2802 popularis
2616 2718 2844 2796 oratio,

780 2827 984 2889 eoque
1028 2806 1145 2870 hos
1189 2807 1363 2872 locos
1415 2809 1638 2894 scripsi
1671 2809 2004 2886 libentius,
2052 2809 2226 2893 quod
2267 2809 2425 2874 mihi
2457 2809 2584 2874 ista
2620 2812 2842 2895 παρά-

782 2900 944 2978 δοξα
1006 2922 1172 2984 quae
1233 2903 1558 2988 appellant
1616 2903 1894 2968 maxime
1957 2903 2256 2968 videntur
2307 2925 2448 2970 esse
2512 2903 2838 2971 Socratica

779 2994 1099 3078 longeque
1151 2996 1499 3062 verissima.
1591 2998 1868 3108 accipies
1921 2997 2118 3083 igitur
2163 2997 2284 3064 hoc
2329 3021 2606 3084 parvum
2650 3023 2836 3087 opus-

776 3086 1025 3164 culum,
1095 3089 1504 3156 lucubratum
1572 3091 1675 3156 his
1732 3093 1863 3157 iam
1931 3092 2457 3158 contractioribus
2519 3095 2835 3170 noctibus,

778 3180 1080 3263 quoniam
1120 3182 1283 3248 illud
1314 3187 1628 3251 maiorum
1664 3186 2027 3272 vigiliarum
2061 3208 2298 3251 munus
2331 3187 2399 3250 in
2432 3197 2547 3253 tuo
2583 3190 2836 3254 nomine

778 3272 1102 3363 adparuit,
1178 3289 1241 3342 et
1302 3279 1673 3366 degustabis
1735 3303 1940 3367 genus
2005 3281 2530 3346 exercitationum
2596 3306 2840 3358 earum,

777 3369 1010 3454 quibus
1052 3371 1149 3436 uti
1192 3376 1524 3452 consuevi,
1571 3396 1718 3440 cum
1762 3397 1871 3453 ea,
1919 3397 2084 3458 quae
2137 3374 2438 3441 dicuntur
2488 3375 2559 3440 in
2604 3377 2837 3442 scholis

775 3469 1089 3546 θετικῶς,
1148 3469 1231 3532 ad
1281 3479 1573 3533 nostrum
1626 3469 1750 3535 hoc
1802 3468 2153 3535 oratorium
2207 3469 2527 3535 transfero
2580 3470 2835 3535 dicendi

774 3581 1001 3643 genus.
1090 3561 1213 3626 hoc
1265 3573 1481 3627 tamen
1533 3585 1695 3649 opus
1747 3563 1816 3627 in
1870 3573 2209 3649 acceptum
2259 3573 2334 3628 ut
2385 3563 2619 3630 referas
2669 3563 2842 3627 nihil

773 3653 1058 3737 postu103
1094 3677 1224 3720 non
1260 3655 1433 3720 enim
1468 3668 1565 3722 est
1598 3652 1756 3735 tale,
1793 3667 1866 3722 ut
1899 3656 1971 3721 in·
2004 3679 2149 3722 arce
2183 3658 2338 3744 poni
2372 3657 2600 3744 possit,
2648 3659 2841 3742 quasi

774 3747 1073 3811 Minerva
1114 3747 1223 3813 illa
1255 3748 1558 3828 Phidiae,
1606 3752 1720 3816 sed
1765 3761 2011 3828 tamen,
2056 3762 2129 3816 ut
2175 3775 2254 3818 ex
2302 3752 2530 3818 eadem
2578 3751 2843 3817 officina

776 3839 983 3906 exisse
1020 3841 1342 3927 adpareat.
