3292 4559
962 244 1071 300 DE
1104 241 1629 302 DIVINATIONE
1663 242 1743 299 H.
1779 243 2090 298 124—130.
2434 231 2563 296 209

498 391 630 434 non
662 367 755 445 fit,
792 367 1039 434 somnia
1074 366 1291 442 divina
1324 364 1614 452 putanda
1644 368 1779 432 non
1813 370 1982 432 su'nt.
2053 366 2185 432 iam'
2218 371 2372 432 >'vero
2407 365 2564 452 quid
2591 387 2669 429 12⁷

501 484 663 548 opus
718 472 816 528 est
866 460 1303 528 circumitione
1356 471 1421 526 et
1474 459 1801 539 anfractu,
1856 469 1931 526 ut
1983 460 2066 524 sit
2105 459 2423 526 utendum
2465 461 2566 526 in·-

501 555 883 642 terpretibus
936 556 1358 632 somniorum,
1412 555 1629 640 potius
1693 575 1888 638 quam
1951 553 2207 620 derecto
2261 554 2449 633 deus,
2511 555 2566 618 si

501 649 760 734 quidem
801 650 989 716 nobis
1032 649 1436 727 consulebat,
1492 648 1645 715 ‘hoc
1689 648 1924 727 facit0,’
1980 654 1998 684 ‘
2011 647 2137 714 hoc
2175 671 2260 714 ne
2303 647 2564 716 feceris’

502 744 767 823 diceret,
818 741 1015 828 idque
1075 744 1287 810 visum
1347 742 1641 830 vigilanti
1707 743 1926 828 potius
1981 764 2176 827 quam
2229 742 2566 810 dormienti

446 850 453 859 '
504 837 721 903 daret?

627 931 772 997 Iam
808 952 960 996 vero
996 930 1141 1015 quis
1178 929 1396 996 dicere
1430 930 1668 996 audeat
1702 952 1858 996 vera
1883 931 2098 995 omnia
2126 951 2266 996 esse
2291 931 2566 999 somnia?
2601 948 2670 1004 62

500 1025 774 1109 ‘aliquot
808 1024 1055 1089 somnia
1090 1024 1284 1102 vera,'
1320 1024 1530 1108 inquit
1564 1023 1818 1090 Ennius
1857 1023 2004 1088 ‘sed
2039 1024 2254 1090 omnia
2285 1046 2567 1090 noenum

500 1117 862 1185 necessest?
953 1139 1119 1202 quae
1156 1129 1254 1184 est
1298 1118 1559 1184 tandem
1593 1118 1719 1182 ista
1766 1118 2124 1184 distinctio?
2175 1139 2341 1202 quae
2393 1140 2566 1196 vera,

501 1235 669 1298 quae
703 1211 869 1277 falsa
902 1210 1135 1278 habet?
1169 1222 1233 1278 et
1269 1212 1325 1278 si
1360 1234 1515 1280 vera
1549 1236 1589 1278 a
1624 1212 1747 1278 deo
1782 1212 2148 1290 mittuntur,
2195 1212 2362 1278 falsa
2393 1213 2568 1278 unde

499 1306 889 1373 nascuntur?
937 1329 1091 1372 nam
1126 1307 1183 1372 si
1217 1329 1295 1372 ea
1330 1328 1589 1392 quoque
1626 1306 1875 1382 divina,
1910 1307 2068 1391 quid
2101 1306 2566 1373 inconstantius

503 1401 662 1466 deo?
714 1401 871 1486 quid
919 1400 1207 1468 inscitius
1252 1413 1469 1468 autem
1518 1412 1615 1467 est
1659 1423 1856 1486 quam
1901 1401 2130 1468 mentis
2201 1401 2568 1467 mortalium

501 1495 680 1562 falsis
714 1506 779 1563 et
812 1496 1231 1563 mendacibus
1266 1497 1420 1564 visis
1456 1496 1816 1563 concitare?
1851 1496 1950 1564 sin
1986 1518 2140 1563 vera
2172 1496 2314 1564 visa
2347 1496 2567 1562 divina

502 1601 681 1667 sunt,
725 1588 891 1656 falsa
924 1601 1142 1657 autem
1176 1602 1242 1657 et
1274 1591 1493 1658 inania
1526 1590 1841 1669 humana,
1888 1613 2054 1676 quae
2089 1602 2187 1656 est
2229 1591 2355 1656 ista
2400 1591 2568 1655 desi-

453 1751 471 1759 ,
500 1684 745 1772 gnandi
796 1684 1053 1750 licentia
1064 1732 1085 1763 ,
1141 1696 1215 1750 ut
1258 1683 1383 1752 hoc
1427 1686 1617 1762 deus,
1671 1685 1796 1750 hoc
1827 1697 2060 1750 natura
2093 1683 2318 1749 fecerit
2343 1683 2566 1770 ‘potius

500 1801 700 1863 quam
735 1788 848 1842 aut
882 1779 1102 1844 omnia
1134 1779 1327 1856 deus,
1362 1779 1551 1863 quod·
1571 1778 1854 1862 negatis,
1901 1788 2014 1844 aut
2047 1776 2263 1842 omnia
2296 1777 2568 1844 natura?

503 1870 681 1956 quod
716 1872 1021 1956 quoniam
1054 1871 1217 1935 illud
1249 1871 1534 1956 negatis,
1579 1871 1704 1936 hoc
1737 1870 2097 1938 necessario
2133 1871 2568 1936 confitendum

505 1976 622 2032 est.
709 1976 1006 2031 naturam
1059 1974 1277 2030 autem
1322 1987 1468 2032 eam
1514 1964 1658 2029 dico
1670 2011 1691 2042 ,
1742 1985 1872 2048 qua
1911 1985 2270 2048 numquam
2315 1965 2566 2030 animus
2593 1981 2670 2026 ηε

502 2059 803 2126 insistens
848 2058 1199 2146 agitatione
1244 2069 1310 2124 et
1350 2067 1531 2124 motu
1565 2081 1708 2124 esse
1745 2080 1989 2125 vacuus
2033 2066 2276 2142 potesta
2325 2058 2383 2124 is
2419 2080 2568 2124 cum

500 2155 813 2241 languore
858 2153 1144 2240 corporis
1185 2175 1306 2220 nec
1351 2152 1656 2220 membris
1700 2153 1797 2219 uti
1840 2175 1961 2220 nec
1997 2151 2290 2218 sensibus
2334 2163 2566 2239 potest,

501 2247 728 2314 incidit
759 2247 827 2314 in
862 2247 1003 2313 visa
1035 2247 1215 2314 varia
1248 2258 1313 2314 et
1346 2248 1592 2315 incerta
1627 2271 1711 2314 ex
1743 2247 2048 2333 reliquiis,
2084 2256 2158 2312 ut
2193 2247 2282 2313 ait
2314 2246 2570 2312 Aristo·-

500 2343 692 2420 teles,
734 2341 1213 2410 inhaerentibus
1250 2366 1472 2410 earum
1504 2367 1754 2421 rerum,
1792 2364 1954 2429 quas
1989 2342 2264 2428 vigilans
2299 2342 2569 2428 gesserit

506 2447 617 2503 aut
645 2437 1049 2524 cogitaverit3
1088 2460 1362 2523 quarum
1387 2438 1868 2525 perturbatione
1896 2435 2220 2502 mirabiles
2245 2435 2568 2502 interdum

506 2531 821 2622 exsistunt
852 2532 1097 2618 species
1124 2532 1536 2612 somniorum,
1573 2554 1742 2618 quae
1771 2531 1828 2596 si
1862 2531 1988 2597 alia
2021 2530 2206 2608 falsa,
2242 2530 2370 2596 alia
2392 2553 2568 2608 vera,

507 2646 637 2709 qua
676 2637 833 2692 nota
873 2627 1390 2694 internoscantur
1432 2628 1595 2694 scire
1640 2649 1796 2692 sane
1839 2625 2053 2692 velim.
2141 2624 2196 2690 si
2238 2625 2420 2690 nulla
2450 2635 2568 2702 est,

506 2719 668 2804 quid
698 2720 855 2785 istos
890 2720 1271 2807 interpretes
1308 2721 1688 2787 audiamus?
1731 2720 1833 2786 sin
1867 2718 2210 2806 quaepiam
2243 2727 2371 2795 est,
2407 2740 2568 2783 aveo

508 2813 733 2878 audire
768 2833 936 2895 quae
974 2814 1076 2889 sit,
1114 2813 1231 2878 sed
1264 2813 1641 2880 haerebunt.
1728 2813 1906 2880 venit
1939 2813 2111 2878 enim
2143 2813 2274 2878 iam
2315 2811 2386 2876 in
2418 2832 2570 2877 con-
2596 2798 2674 2912 g}

510 2904 893 2982 tentionem,
938 2915 1157 2970 utrum
1192 2906 1275 2971 sit
1306 2906 1733 2992 probabilius,
1772 2907 2008 2973 deosne
2041 2905 2425 2985 inmortalis,
2466 2927 2570 2971 re-

508 3020 657 3062 rum
690 2998 980 3063 omnium
1013 2999 1405 3084 praestantia
1439 2999 1837 3077 excellentis,
1873 3022 2255 3067 concursare
2282 2999 2572 3066 omnium

510 3092 898 3171 mortalium,
927 3091 1039 3177 qui
1064 3091 1304 3176 ubique
1322 3103 1491 3171 sunt,
1516 3115 1650 3159 non
1666 3092 1859 3158 modo
1883 3094 2107 3173 lectos,
2131 3117 2360 3162 verum
2377 3095 2572 3162 etiam

510 3187 836 3277 grabatos,
872 3197 940 3251 et
964 3207 1114 3251 cum
1148 3196 1519 3254 stertentem
1555 3187 1835 3272 aliquem
1869 3187 2169 3266 viderint,
2202 3188 2456 3254 obicere
2489 3187 2570 3252 iis

511 3283 652 3349 visa
668 3277 988 3365 quaedam
1016 3290 1301 3346 tortuosa
1318 3292 1382 3347 et
1402 3280 1696 3360 obscura,
1726 3303 1892 3366 quae
1917 3282 2012 3347 illi
2038 3282 2322 3350 exterriti
2349 3302 2571 3346 somno

516 3375 602 3442 ad
631 3374 1054 3441 coniectorem
1081 3396 1273 3441 mane
1291 3375 1603 3454 deferant,
1632 3399 1716 3442 an
1733 3387 1964 3444 natura
1979 3375 2140 3452 fieri,
2163 3385 2238 3440 ut
2252 3373 2574 3440 mobiliter

515 3468 767 3536 animus
785 3469 1085 3556 agitatus,
1112 3469 1289 3553 quod
1312 3468 1586 3558 vigilans
1604 3469 1855 3546 viderit,
1892 3469 2214 3534 dormiens
2239 3467 2457 3556 videre
2477 3467 2574 3531 vi-

514 3563 783 3632 deatur?
816 3575 1033 3631 utrum
1060 3564 1467 3652 philosophia
1491 3563 1750 3651 dignius
1785 3584 2088 3649 sagarum
2124 3561 2573 3648 superstitione

512 3661 639 3726 ista
680 3659 1083 3744 interpretari
1126 3680 1211 3724 an
1246 3658 1670 3746 explicatione
1705 3657 2017 3724 naturae?
2062 3666 2135 3723 ut
2171 3656 2228 3720 si
2267 3654 2400 3722 iam
2433 3653 2574 3720 fleri

513 3754 718 3841 possit
752 3775 906 3819 vera
940 3753 1305 3820 coniectura
1340 3753 1763 3831 somniorum,
1806 3764 2024 3819 tamen
2055 3750 2192 3828 isti,
2237 3749 2349 3836 qui
2381 3748 2574 3834 profi-

514 3859 761 3925 tentur,
811 3870 956 3914 eam
1006 3848 1219 3916 facere
1267 3869 1399 3914 non
1441 3846 1722 3934 possint3
1775 3869 1856 3912 ex
1908 3844 2232 3911 levissimo
2285 3842 2458 3909 enim
2509 3853 2574 3907 et

516 3941 958 4008 indoctissimo
1008 3965 1246 4030 genere
1300 3951 1624 4018 constant,
1681 3939 1884 4008 Stoici
1927 3950 2139 4006 autem
2193 3937 2289 4003 tui
2332 3945 2576 4022 negant

518 4057 908 4123 quemquam
950 4038 1075 4104 nisi
1126 4038 1484 4126 sapientem
1537 4035 1828 4104 divinum
1873 4057 2012 4102 esse
2063 4055 2272 4122 posse.
2362 4031 2574 4120 chry.
2599 4047 2677 4091 1³0

625 4135 842 4185 Ciceronis
868 4135 956 4184 vol·
987 4133 1077 4186 vu.
2149 4135 2219 4190 14
