3292 4559
780 189 907 254 146
1392 197 1467 250 Μ.
1489 195 1780 253 ,ΤΗΙὼΠ
1813 195 2212 255 CICERONIS

772 330 894 367 mos
922 316 1103 366 motus
1130 313 1353 364 nostrae
1382 309 1622 364 civitatis
1652 309 1930 380 attingere
1957 326 2072 363 non
2099 313 2367 379 poteram,
2395 311 2540 380 quod
2557 315 2698 366 erant
2711 311 2776 364 in-

772 389 1003 444 feriores
1032 404 1201 458 quam
1217 387 1442 441 illorum
1460 391 1634 455 aetas,
1665 386 1760 456 qui
1780 385 2169 456 loquebantur.
2235 404 2346 458 ego
2365 394 2546 442 autem
2561 388 2615 440 id
2629 387 2778 456 ipsum

771 472 893 519 tum
936 481 1089 519 eram
1134 470 1383 533 secutus,
1430 481 1503 519 ne
1546 464 1607 517 in
1651 467 1845 516 nostra
1879 468 2134 533 tempora
2167 463 2452 522 incurrens
2486 464 2782 520 offenderem

772 543 1111 612 quempiam.
1180 557 1331 595 nunc
1360 546 1417 596 et
1441 541 1501 594 id
1526 539 1718 594 vitabo
1747 545 1804 594 et
1829 540 2031 610 loquar
2055 541 2175 610 ipse
2193 546 2397 610 tecum,
2427 547 2486 596 et
2499 547 2672 596 tamen
2685 541 2779 608 illa,

774 635 919 688 quae
945 618 1313 686 institueram,
1352 618 1427 672 ad
1452 624 1527 687 te,
1566 617 1615 670 si
1630 617 1869 671 Romam
1891 634 2116 686 venero,
2153 618 2402 688 mittam;
2434 624 2565 688 puto
2589 618 2718 672 enim
2737 623 2782 671 te

772 695 1211 750 existimaturum
1239 712 1274 749 a
1300 712 1389 749 me
1416 695 1543 748 illos
1570 694 1744 748 libros
1771 710 1886 748 non
1911 694 2032 749 sine
2051 694 2240 765 aliquo
2257 712 2384 750 meo
2405 695 2670 750 stomacho
2687 710 2784 748 esse

771 773 1014 827 relictos.
1054 773 1149 846 (ad
1172 775 1231 834 Q.
1249 773 1323 840 fr.
1340 771 1448 840 ΠΙ,
1468 773 1520 841 5,
1541 771 1728 838 1—2.)
1746 803 1813 812 -—
1837 769 1900 826 Si
1926 771 2150 826 Cottam
2169 777 2228 827 et
2243 771 2552 828 Varronem
2567 771 2786 826 fecissem

772 851 919 904 inter
944 867 1005 904 se
1034 849 1369 920 disputantis
1396 849 1480 920 (in
1508 847 1667 904 libris
1684 847 2080 920 Academicis),
2110 854 2176 903 ut
2201 866 2236 903 a
2260 855 2322 904 te
2346 849 2602 919 proximis
2617 847 2784 901 litteris

774 925 1094 994 admoneor,
1132 943 1316 981 meum
1334 925 1530 996 κωφὸν
1548 926 1862 994 πρόσωπον
1879 929 2046 979 esset.
2114 925 2222 979 hoc
2239 926 2299 978 in
2317 925 2558 996 antiquis
2571 923 2782 994 personis

774 1003 1019 1058 suaviter
1045 1001 1127 1072 fit,
1159 1008 1225 1056 ut
1241 1008 1298 1058 et
1313 1001 1647 1056 Heraclides
1665 1001 1726 1054 in
1741 1001 1930 1054 multis
1949 1008 2008 1055 et
2022 1018 2126 1055 nos
2144 1019 2241 1056 sex
2259 1001 2332 1056 de
2345 1019 2411 1057 re
2428 1001 2644 1072 publica
2657 999 2779 1054 libris

771 1081 1024 1137 fecimus.
1060 1081 1155 1152 (ad
1180 1081 1286 1133 Aa.
1317 1078 1484 1146 XIII,
1515 1079 1600 1148 19,
1630 1079 1708 1150 3.)
1741 1077 2027 1148 —Varr0,
2059 1078 2128 1133 de
2158 1095 2268 1150 quo
2297 1077 2373 1133 ad
2395 1095 2485 1133 me
2503 1078 2695 1145 scribis,
2717 1078 2779 1129 in·

774 1157 1029 1212 cludetur
1062 1157 1122 1210 in
1156 1156 1400 1225 aliquem
1436 1155 1650 1224 locum,
1688 1155 1738 1208 si
1771 1155 1937 1210 modo
1975 1155 2082 1210 erit
2102 1156 2277 1210 locus.
2351 1157 2453 1210 sed
2478 1156 2618 1210 nosti
2639 1170 2780 1226 genus

774 1233 1125 1304 dialogorum
1150 1249 1424 1286 meorum:
1459 1237 1525 1285 ut
1549 1233 1609 1284 in
1636 1231 1910 1299 oratoriis,
1949 1248 2087 1302 quos
2111 1239 2178 1286 tu
2201 1233 2264 1286 in
2292 1233 2513 1288 caelum
2536 1231 2663 1299 fers,
2693 1246 2782 1282 non

772 1309 981 1363 mentio
996 1309 1182 1378 potuit
1196 1307 1321 1363 fieri
1339 1309 1668 1378 cuiusquam
1685 1309 1760 1363 ab
1777 1309 1862 1378 iis,
1885 1309 1984 1378 qui
1999 1309 2308 1378 disputant,
2327 1310 2440 1363 nisi
2459 1305 2685 1377 eius,qui
2696 1305 2782 1358 illis

771 1390 936 1439 notus
957 1391 1055 1439 aut
1072 1385 1295 1439 auditus
1314 1391 1464 1441 esset
1477 1427 1491 1454 ,
1512 1386 1662 1440 haue
1680 1403 1790 1458 ego
1807 1387 1878 1440 de
1895 1403 1956 1440 re
1974 1385 2231 1456 publica,
2265 1403 2437 1456 quam
2453 1384 2670 1452 institui,
2696 1382 2782 1436 dis-

770 1461 1122 1532 putationem
1150 1462 1208 1515 in
1225 1461 1483 1516 Africani
1506 1479 1804 1532 personam
1831 1467 1890 1517 et
1912 1461 2066 1516 Phili
2093 1467 2152 1516 et
2166 1461 2355 1518 Laelii
2387 1469 2446 1518 et
2461 1461 2667 1516 Manilii
2681 1475 2784 1513 con-

768 1537 903 1607 tuli3
939 1538 1165 1606 adiunxi
1190 1539 1566 1595 adulescentis
1586 1537 1654 1603 Q.
1683 1538 2058 1608 Tuberonem,
2088 1538 2153 1592 P.
2182 1539 2478 1608 Rutilium,
2507 1539 2611 1592 duo
2633 1533 2787 1590 Laelii

771 1631 1029 1686 generos,
1052 1614 1381 1672 Scaevolam
1396 1616 1762 1672 etFannium.
1797 1616 1988 1686 itaque
2007 1616 2348 1687 cogitabam,
2361 1618 2614 1686 quoniam
2629 1615 2682 1667 in
2697 1613 2785 1666 sin·

772 1691 921 1762 gulis
936 1691 1094 1745 libris
1112 1698 1241 1746 utor
1258 1693 1571 1762 prooemiis,
1590 1697 1658 1744 ut
1664 1691 1997 1746 Aristoteles
2015 1692 2077 1744 in
2099 1691 2192 1760 iis,
2206 1708 2350 1762 quos
2367 1689 2700 1762 έξωτερικοὸς
2709 1704 2786 1742 vo-

771 1773 883 1836 cat,
906 1768 1118 1838 aliquid
1136 1769 1373 1838 efficere,
1392 1775 1458 1823 ut
1472 1785 1586 1823 non
1606 1769 1726 1822 sine
1745 1784 1919 1822 causa
1933 1767 2106 1822 13111111
2123 1769 2492 1838 appellarem,
2502 1769 2560 1822 id
2576 1767 2707 1838 quod
2721 1765 2786 1819 in-

770 1844 983 1915 tellego
1001 1845 1109 1899 tibi
1123 1845 1367 1916 placere.
1396 1845 1613 1900 utinam
1628 1845 1794 1898 modo
1813 1849 2022 1900 conata
2035 1843 2253 1900 efficere
2267 1845 2506 1915 possim!
2523 1861 2636 1900 rem
2649 1843 2782 1908 enim,

774 1921 927 1990 quod
958 1925 1017 1976 te
1050 1939 1165 1976 non
1190 1922 1366 2014 fug-it,
1402 1939 1670 1994 magnam
1697 1921 2002 1991 conplexus
2029 1939 2154 1975 sum
2179 1927 2238 1976 et
2264 1939 2498 1994 gravem
2521 1928 2580 1977 et
2597 1917 2784 1990 plurimi

773 1999 891 2069 otii,
924 2016 1032 2070 quo
1062 2017 1170 2072 ego
1196 2003 1435 2056 maxime
1454 2017 1613 2072 egeo.
1653 1999 1749 2071 (ad
1761 2001 1870 2054 An.
1889 1998 1992 2068 IV,
2014 2001 2098 2068 16,
2118 1999 2153 2052 2
2157 1999 2196 2071 .)
2215 1999 2784 2056 —Flemsmilrimcam

770 2078 983 2132 famam
1016 2078 1431 2133 commendasti.
1500 2093 1647 2148 quae
1685 2077 1928 2146 epistula
1957 2081 2064 2130 tua
2095 2082 2206 2146 est,
2243 2077 2310 2130 in
2345 2095 2462 2148 qua
2489 2079 2784 2134 mentionem

771 2171 886 2208 non
911 2154 1128 2209 facias?
1162 2156 1355 2224 itaque
1380 2155 1656 2208 irascatur
1683 2155 1782 2224 qui
1803 2153 1981 2208 volet.
2018 2169 2126 2226 ego
2151 2153 2370 2225 patiar,
2403 2153 2485 2210 τὸ
2496 2153 2596 2230 γὰρ
2613 2143 2668 2207 εὖ
2679 2149 2779 2222 μετ’

771 2236 933 2299 ἐμοῦ,
968 2233 1297 2302 praesertim
1330 2249 1457 2286 cum
1492 2248 1591 2285 sex
1622 2231 1781 2286 libris
1817 2236 2106 2301 tamquam
2129 2233 2441 2302 praedibus
2467 2250 2556 2288 me
2580 2233 2683 2302 ipse
2703 2227 2782 2282 ob-

769 2307 1109 2376 strinxerim,
1146 2325 1284 2378 quos
1318 2309 1425 2362 tibi
1458 2313 1575 2362 tam
1608 2309 1776 2363 valde
1809 2309 2036 2378 probari
2071 2309 2324 2380 gaudeo,
2359 2328 2394 2366 3
2432 2310 2624 2380 quibus
2643 2321 2783 2360 unum

771 2383 1055 2453 ἱστορικὸν
1087 2384 1325 2452 requiris
1360 2385 1431 2438 de
1458 2383 1559 2438 Cn.
1586 2385 1814 2453 Flavio,
1850 2385 2024 2438 Annii
2057 2383 2194 2440 filio.
2261 2386 2362 2441 ille
2398 2404 2529 2442 vero
2563 2390 2678 2440 ante
2709 2383 2781 2436 de·

768 2459 1037 2514 cemviros
1052 2475 1169 2514 non
1184 2459 1311 2529 fuit,
1348 2461 1555 2531 quippe
1574 2462 1674 2530 qui
1691 2425 1888 2518 aedilis
1907 2463 2116 2518 curulis
2129 2463 2320 2533 fuerit,
2349 2464 2454 2534 qui
2465 2463 2782 2534 magistratus

767 2534 957 2590 multis
992 2537 1152 2590 annis
1188 2543 1317 2607 post
1352 2537 1694 2592 decemviros
1729 2539 2018 2594 institutus
2052 2545 2154 2594 est.
2225 2540 2360 2610 quid
2399 2557 2534 2614 ergo
2563 2536 2782 2610 profecit,

768 2612 919 2683 quod
951 2613 1187 2682 protulit
1218 2613 1431 2668 fastos?
1475 2615 1818 2670 occultatam
1852 2622 2056 2686 putant
2092 2617 2334 2706 quodam
2371 2623 2618 2690 tempore
2647 2616 2784 2670 istam

764 2691 1046 2760 tabulam,
1081 2697 1147 2746 ut
1172 2691 1292 2746 dies
1320 2693 1527 2764 agendi
1552 2698 1876 2762 peterentur
1893 2711 1929 2748 a
1948 2695 2162 2764 paucis.
2231 2711 2340 2750 nec
2355 2712 2494 2750 vero
2508 2693 2666 2765 pauci
2679 2694 2785 2744 sunt

768 2774 1055 2838 auctores,
1090 2768 1191 2825 On.
1218 2767 1479 2824 Flavium
1502 2770 1746 2825 scribam
1771 2769 1948 2824 fastos
1974 2771 2274 2841 protulisse
2303 2773 2656 2842 actionesque
2677 2785 2782 2823 con-

764 2847 1045 2916 posuisse,
1082 2864 1153 2902 ne
1187 2863 1277 2903 me
1312 2847 1419 2902 hoc
1454 2847 1545 2902 rel
1578 2849 1766 2918 potius
1792 2847 2126 2903 Africanum
2144 2850 2282 2902 -13
2307 2850 2460 2904 3111111
2484 2849 2710 2920 loquitur
2729 2875 2783 2886 --

766 2929 1141 2978 commentum
1162 2929 1345 3012 putes.
1380 2923 1478 2995 (ad
1492 2927 1597 2980 Aa.
1618 2923 1722 2992 VI,
1743 2925 1794 2992 1,
1813 2925 1866 2978 8
1870 2925 1980 2995 )
2000 2923 2279 2989 Quoniam
2301 2927 2572 2997 scriptum
2595 2929 2676 2980 est
2695 2926 2783 2976 ate

767 2999 838 3054 de
865 2999 1075 3068 optimo
1098 3001 1185 3054 rei
1207 3000 1469 3070 publicae
1498 3007 1668 3069 statu,
1697 3017 2044 3071 consequens
2077 3020 2200 3058 esse
2216 3004 2436 3058 videtur
2449 3010 2516 3058 ut
2529 3001 2720 3058 scribas
2733 3003 2786 3051 tu

764 3076 913 3130 idem
940 3077 1013 3131 de
1047 3077 1297 3148 legibus:
1334 3080 1415 3132 sic
1442 3079 1592 3134 enim
1615 3078 1816 3134 fecisse
1841 3079 2008 3135 video
2033 3079 2332 3136 Platonem
2345 3081 2506 3136 illum
2523 3087 2683 3134 tumm.
2713 3076 2783 3148 (de

764 3150 961 3220 ῑ399.Ι,
981 3153 1091 3223 15.)
1112 3181 1171 3194 -—
1190 3153 1329 3208 Eius
1354 3155 1439 3210 rei
1462 3155 1752 3225 publicae,
1795 3172 1962 3226 quam
1989 3157 2258 3226 optimam
2287 3175 2408 3213 esse
2429 3152 2782 3212 docuitinillis

764 3244 861 3284 sex
885 3227 1046 3282 libris
1068 3227 1283 3300 Scipi0,
1318 3233 1592 3287 tenendus
1622 3237 1712 3287 est
1736 3233 1900 3287 nobis
1918 3238 1978 3288 et
1995 3233 2300 3290 servandus
2320 3240 2501 3290 status
2517 3244 2782 3298 omnesque

763 3305 921 3377 leges
954 3308 1462 3364 accommodandae
1498 3309 1575 3364 ad
1606 3309 1751 3363 illud
1791 3309 2034 3364 civitatis
2061 3329 2258 3382 genus.
2293 3311 2380 3382 (de
2403 3315 2533 3382 1399.
2551 3311 2598 3379 Ι,
2613 3306 2712 3378 20.)
2727 3333 2783 3346 -

762 3385 859 3436 An
892 3401 1114 3452 censes,
1150 3401 1277 3438 cum
1310 3385 1371 3438 in
1403 3385 1517 3439 illis
1552 3385 1623 3440 de
1648 3403 1712 3440 re
1739 3387 1972 3456 publica
1995 3387 2151 3442 libris
2189 3389 2531 3458 persuadere
2561 3387 2783 3440 videatur

762 3460 1085 3530 Africanus,
1117 3463 1361 3516 omnium
1376 3478 1561 3516 rerum
1576 3463 1933 3533 publicarum
1949 3470 2197 3519 nostram
2213 3471 2460 3521 veterem
2474 3465 2622 3519 illam
2635 3459 2806 3516 fuitse-

762 3543 1075 3608 optumam,
1110 3554 1225 3592 non
1248 3555 1478 3594 necesse
1506 3555 1628 3596 esse
1659 3545 1922 3611 optumae
1947 3541 2032 3597 rei
2057 3541 2318 3632 publicae
2344 3543 2506 3614 leges
2533 3541 2782 3596 damnon-

763 3615 1098 3670 sentaneas?
1134 3615 1221 3686 (de
1245 3615 1485 3685 le99.11,
1511 3617 1712 3688 23.--)
1642 3617 1874 3686 -·-,Nos
1911 3619 2178 3688 quoniam
2209 3619 2366 3692 leges
2399 3619 2596 3674 damus
2619 3610 2786 3670 liberis

760 3692 1009 3762 populis,
1048 3697 1307 3762 quaeque
1342 3692 1413 3748 de
1448 3695 1663 3764 optima
1694 3711 1756 3749 re
1793 3695 2026 3765 publica
2059 3698 2416 3764 sentiremus,
2449 3697 2509 3750 in
2535 3711 2628 3750 sex
2649 3688 2788 3746 libris

762 3773 893 3824 ante
912 3768 1147 3822 diximus
1158 3807 1175 3836 ,
1212 3770 1758 3826 accommodabimus
1773 3773 1882 3826 hoc
1897 3778 2151 3843 tempore
2166 3773 2326 3844 leges
2345 3737 2416 3828 ad
2433 3773 2614 3860 illum,
2641 3781 2786 3839 quem

760 3843 1089 3913 probamus,
1126 3844 1367 3899 civitatis
1394 3851 1619 3901 statum.
1655 3847 1886 3937 (1131399.
1905 3848 2198 3922 ΙΠ,4.-)
2219 3847 2346 3916 Quo
2361 3846 2712 3920 perniciosius
2725 3842 2788 3894 de

759 3935 823 3972 re
846 3921 1076 3989 publica
1100 3929 1383 3978 merentur
1408 3925 1593 3979 vitiosi
1618 3925 1928 3996 principes,
1965 3928 2115 3998 quod
2139 3944 2258 3984 non
2283 3928 2460 3982 solum
2473 3925 2610 3980 vitia
2625 3918 2787 3980 conci·

757 3993 925 4062 piunt
956 3997 1095 4069 ipsi,
1131 4000 1233 4056 sed
1267 4017 1337 4058 ea
1371 4000 1725 4057 infundunt
1709 4021 1770 4058 111
1801 4003 2112 4075 civitatem,
2156 4022 2342 4078 neque
2378 4003 2554 4059 solum
2588 3998 2786 4061 obsunt,
