3292 4559
863 172 988 277 104
1466 215 1545 270 M.
1581 213 1857 272 'sunm
1892 211 2295 272 oloffloms

859 362 1084 406 eorum
1145 337 1517 404 multitudo!
1586 330 1747 402 mihi
1805 334 2066 421 quidem
2128 358 2281 401 sane
2341 335 2526 402 multi
2596 338 2922 406 videntur.

863 435 1144 520 singulas
1180 433 1352 499 enim
1386 433 1603 501 stellas
1633 453 1937 497 numeras
1972 429 2126 496 deos
2161 451 2397 516 eosque
2432 443 2545 499 aut
2578 432 2926 500 beluarum

859 528 1113 594 nomine
1149 527 1457 615 appellas,
1493 538 1566 593 ut
1601 522 1886 612 Capram
1900 570 1918 599 ‚
1955 535 2029 590 ut
2060 523 2343 611 Nepam,
2379 535 2452 592 ut
2484 526 2806 603 Taurum,
2842 539 2922 591 ut

859 622 1167 699 Leonem,
1206 633 1321 688 aut
1354 644 1568 688 rerum
1601 619 2057 695 inanimatum,
2094 630 2167 685 ut
2200 619 2419 704 Arg0,
2455 631 2529 684 ut
2562 621 2797 696 Aram,
2841 631 2921 686 ut

763 742 811 778 ιι
863 714 1203 783 Coronam.
1234 789 1235 793 ,
1294 717 1408 782 sed
1442 727 1517 781 ut
1547 716 1710 782 haec
1744 713 2195 791 concedantur,
2228 713 2475 799 reliqua
2508 714 2621 799 qui
2655 714 2920 781 tandem

859 834 989 878 nun
1031 813 1221 878 modo
1267 810 1561 889 concedi,
1614 809 1732 876 sed
1776 808 2035 874 omnino
2077 808 2366 896 intellegi
2407 811 2714 896 possunt?
2763 833 2919 876 cum

859 910 1076 993 fruges
1123 904 1457 984 Cererem,
1507 905 1734 971 vinum
1784 903 2102 969 Liberum
2154 903 2455 981 dicimus,
2506 927 2743 991 genere
2791 926 2917 971 nos

855 1001 1111 1082 quidem
1147 1000 1461 1067 sermonis
1496 999 1738 1064 utimur
1775 997 2036 1076 usitato,
2073 997 2189 1064 sed
2222 1017 2491 1083 ecquem
2526 1010 2659 1065 tam
2692 1021 2919 1065 amen·

859 1113 983 1162 tem
1037 1117 1175 1161 esse
1229 1105 1450 1180 putas,
1502 1092 1617 1178 qui
1664 1092 1855 1170 illud,
1906 1113 2035 1177 quo
2081 1102 2407 1171 vescatur,
2460 1091 2653 1159 deum
2695 1093 2921 1160 credat

859 1191 1032 1254 esse?
1082 1213 1235 1256 nam
1270 1211 1431 1272 quos
1476 1188 1561 1253 ab
1594 1186 1962 1253 hominibus
2004 1185 2372 1273 pervenisse
2416 1185 2572 1252 dicis
2608 1185 2692 1251 ad
2736 1186 2919 1264 deos,

859 1298 927 1346 tu
958 1283 1190 1348 reddes
1225 1282 1538 1347 rat-ionem
1573 1302 1767 1366 quem
1801 1279 1885 1345 ad
1919 1280 2182 1345 modum
2215 1279 2286 1344 id
2318 1279 2455 1346 fieri
2489 1279 2766 1367 potuerit
2800 1293 2915 1347 aut

859 1399 972 1442 551·
1004 1376 1143 1442 fieri
1178 1376 1455 1453 desierit,
1492 1385 1557 1440 et
1590 1396 1715 1461 ego
1741 1373 1983 1440 discam
2016 1373 2318 1453 libenter3
2355 1395 2483 1458 quo
2520 1374 2711 1440 modo
2739 1397 2917 1442 nunc

859 1470 1116 1554 quidem
1161 1480 1287 1547 est,
1339 1491 1470 1535 non
1513 1468 1733 1547 video,
1786 1489 1917 1553 quo
1968 1479 2156 1555 pacto
2199 1467 2338 1548 ille,
2391 1469 2497 1536 cui
2550 1469 2647 1534 ‘in
2698 1482 2916 1536 monte

859 1562 1108 1630 Oetaeo
1143 1563 1380 1629 inlatae
1423 1563 1752 1648 lampades
1788 1562 2099 1641 fuerunt,'
2135 1574 2209 1629 ut
2243 1562 2331 1629 ait
2369 1562 2633 1642 Accius,
2670 1562 2768 1629 ‘in
2801 1563 2918 1629 do-

859 1681 1033 1722 mum
1080 1668 1404 1724 aeternam
1445 1657 1678 1744 patris’
1734 1680 1815 1724 ex
1857 1656 1967 1723 illo
2005 1655 2233 1725 ardore
2277 1658 2666 1744 pervenerit,
2720 1680 2916 1743 quem

859 1766 1067 1818 tamen
1115 1753 1441 1818 Homerus
1488 1752 1663 1838 apud
1712 1751 1951 1818 inferos
2008 1751 2331 1818 conveniri
2383 1752 2538 1819 facit
2589 1752 2673 1818 ab
2716 1750 2915 1821 Ulixe

759 1867 808 1905 ιι
855 1846 1015 1912 sieut
1074 1858 1345 1925 ceteros,
1398 1847 1512 1932 qui
1564 1857 1971 1913 excesserant
2016 1845 2167 1914 vita.
2256 1868 2675 1932 quamquam,
2720 1868 2916 1932 quem

855 1940 1254 2026 potissimum
1288 1941 1641 2007 Herculem
1678 1943 1993 2018 colamus,
2048 1941 2211 2007 scire
2248 1963 2403 2008 sane
2436 1941 2659 2007 velim·
2640 1989 2661 2020 ,
2712 1940 2914 2027 pluris

855 2038 1022 2102 enim
1058 2035 1318 2101 tradunt
1350 2035 1592 2100 nobis
1572 2035 1640 2112 1i,
1678 2035 1793 2120 qui
1824 2034 2158 2102 interiores
2194 2045 2557 2101 scrutantur
2592 2046 2658 2101 et
2690 2057 2916 2102 recon-

859 2134 1019 2198 ditas
1053 2132 1323 2196 litteras:
1379 2129 1897 2216 antiquissimum
1929 2129 2087 2203 Iove
2121 2140 2374 2206 natum,
2419 2128 2533 2196 sed
2565 2129 2722 2196 item
2755 2131 2916 2197 Iove

855 2225 1288 2310 antiquissimo
1306 2260 1395 2272 --
1408 2249 1559 2292 nam
1593 2226 1786 2291 Ioves
1822 2245 2081 2310 quoque
2115 2225 2317 2310 pluris
2351 2224 2419 2289 in
2454 2223 2677 2311 priscis
2707 2223 2918 2292 Grae-

855 2342 1073 2386 corum
1104 2320 1331 2386 litteris
1365 2319 1727 2386 invenimus
1752 2344 1867 2397 -3
1904 2341 1987 2386 ex
2022 2341 2098 2386 eo
2132 2318 2331 2405 igitur
2366 2329 2430 2385 et
2464 2318 2779 2405 Lysithoe
2816 2334 2913 2385 est

851 2414 907 2478 is
931 2413 1268 2489 Hercules,
1304 2435 1496 2496 quem
1531 2413 1999 2482 concertavisse
2036 2435 2184 2480 cum
2199 2413 2505 2500 Apolline
2544 2414 2625 2480 de
2662 2413 2911 2500 tripode

855 2506 1242 2593 accepimus3
1296 2510 1456 2573 alter
1498 2508 1770 2574 traditur
1820 2508 1971 2575 Nilo
2017 2519 2208 2575 natus
2262 2509 2661 2596 Aegyptius,
2718 2531 2913 2595 quem

855 2602 1032 2666 aiunt
1047 2599 1369 2688 Phrygias
1406 2601 1646 2668 litteras
1685 2602 2161 2689 conscripsisse3
2198 2601 2422 2669 tertius
2458 2613 2557 2669 est
2590 2626 2672 2669 ex
2697 2604 2911 2669 Idaeis

859 2694 1122 2782 DIgitis,
1177 2695 1282 2762 cui
1325 2693 1587 2762 inferias
1633 2695 1932 2762 adferunt
1970 2694 2121 2775 Coi3
2177 2708 2443 2783 quartus
2486 2697 2661 2763 Iovis
2707 2708 2804 2764 est
2848 2711 2914 2764 et

859 2790 1166 2868 sisteriae,
1195 2790 1492 2856 Latonae
1519 2791 1775 2869 sororis,
1811 2790 1925 2877 qui
1942 2791 2103 2877 Tyri
2137 2792 2415 2857 maxime
2446 2794 2691 2872 colitur,
2729 2793 2912 2858 cuius

851 2885 1322 2970 Karthaginem
1367 2886 1566 2951 filiam
1609 2886 1855 2965 ferunt3
1902 2886 2163 2971 quintus
2198 2887 2265 2951 in
2300 2887 2518 2965 India,
2565 2889 2677 2973 qui
2711 2888 2912 2954 Belus

855 2977 1110 3054 dicitur3
1165 2990 1382 3045 sextus
1429 2980 1533 3046 hic
1578 3004 1661 3046 ex
1694 2981 2042 3060 Alcmena,
2095 3003 2288 3066 quem
2334 2982 2625 3069 Iuppiter
2667 2982 2911 3070 genuit,

855 3070 970 3138 sed
1006 3072 1229 3138 tertius
1262 3074 1584 3161 Iuppiter,
1622 3076 1956 3161 quoniam,
1994 3086 2067 3141 ut
2101 3074 2232 3142 iam
2268 3076 2534 3156 docebo,
2569 3077 2771 3164 pluris
2804 3076 2912 3142 Io-

751 3162 811 3214 ῙΤ
855 3190 891 3226 ι
895 3189 963 3230 es
1009 3164 1207 3232 etiam
1246 3170 1628 3256 accepimus.
1720 3170 1978 3255 quando
2024 3169 2194 3236 enim
2236 3194 2341 3238 me
2383 3171 2452 3237 in
2484 3170 2658 3237 hunc
2699 3172 2912 3240 locum

783 3234 1115 3326 deduxit
1151 3263 1384 3341 oratic,
1430 3265 1676 3333 docebo
1722 3265 1990 3330 meliora
2025 3288 2129 3332 me
2168 3265 2466 3333 didicisse
2503 3266 2583 3333 de
2630 3265 2910 3334 colendis

851 3354 947 3418 [115
987 3352 1430 3422 inmortalibus
1476 3359 1614 3428 iure
1666 3359 1992 3447 pontificio
2029 3370 2092 3426 et
2136 3382 2313 3427 more
2360 3361 2676 3427 maiorum
2722 3384 2910 3448 cape·
2928 3406 2930 3408 -

751 3531 764 3545 q
847 3449 1192 3515 dunculis'
1173 3451 1280 3529 lis,
1319 3473 1480 3535 quas
1513 3453 1733 3518 Numa
1768 3454 1953 3519 nobis
1989 3455 2273 3541 reliquit,
2311 3456 2391 3522 de
2428 3457 2717 3541 quibus
2700 3480 2766 3521 m
2800 3457 2911 3523 illa

847 3543 1106 3610 aureola
1141 3544 1540 3610 oratiuncula
1575 3546 1731 3612 dicit
1762 3547 2058 3628 Laelius,
2106 3573 2301 3635 quam
2347 3550 2700 3616 rationibus
2738 3549 2912 3617 Stoi-

848 3661 1085 3704 eurum.
1177 3639 1232 3702 si
1285 3638 1456 3705 enim
1512 3661 1626 3707 vos
1674 3663 1935 3725 sequar,
1989 3645 2093 3711 dic
2145 3645 2304 3729 quid
2353 3645 2414 3712 ei
2464 3645 2909 3732 respondeam,

847 3734 959 3814 qui
1009 3755 1116 3799 me
1164 3734 1256 3798 sic
1309 3747 1518 3820 roget.
1573 3735 1630 3800 si
1683 3735 1749 3801 di
1801 3750 1981 3818 sunt,
2035 3751 2268 3806 suntne
2322 3741 2514 3808 etiam
2564 3742 2909 3828 Nymphae

851 3829 1046 3892 deae?
1099 3827 1156 3892 si
1196 3825 1568 3914 Nymphae,
1621 3829 1885 3899 Panisci
1931 3834 2124 3900 etiam
2172 3848 2237 3903 et
2282 3835 2540 3922 Satyri?
2590 3836 2659 3900 hi
2692 3847 2910 3901 autem

851 3942 978 3984 nun
1015 3932 1192 3986 sunt·
1229 3945 1311 3988 ne
1346 3923 1690 4011 Nymphae
1727 3927 1986 4013 quidem
2020 3929 2254 4016 igitur?
2300 3941 2367 3996 at
2402 3953 2624 3997 earum
2670 3931 2911 4015 templa

852 4023 1001 4078 sunt
1034 4013 1291 4098 publice
1325 4029 1476 4125 vota
1511 4030 1574 4085 et
1610 4020 1932 4089 dedicata.
1985 4047 2066 4091 ne
2103 4026 2299 4093 ceteri
2333 4025 2593 4111 quidem
2629 4047 2783 4111 ergo
2821 4025 2908 4100 di,
