3292 4559
844 312 877 385 ᾗ
939 314 1067 371 DE·
1078 313 1601 374 DIVINATIONE
1634 314 1716 371 11.
1752 315 2063 373 137—144.
2411 301 2546 377 213

470 440 663 505 ullam
702 461 907 503 anum
942 449 1077 505 tam
1113 438 1379 505 deliram
1412 438 1699 506 futuram
1735 438 1965 517 fuisse,
2000 449 2074 505 ut
2107 436 2370 509 somniis
2405 462 2544 511 ere·

470 535 669 613 deret,
706 534 837 599 nisi
870 534 999 599 ista
1028 556 1183 600 casu
1215 557 1347 601 non
1380 557 1755 621 numquam,
1791 534 1976 611 forte,
2002 544 2239 603 temere
2275 558 2543 603 concur-

473 630 722 695 rerent?
766 629 1147 708 Alexandro
1194 629 1387 695 draco
1421 630 1601 714 loqui
1634 630 1817 697 visus
1861 640 1988 696 est:
2035 641 2247 716 potest
2279 630 2540 701 omnino

479 724 597 789 hoc
629 746 770 789 esse
804 724 1073 801 falsum,
1118 734 1329 811 potest
1362 748 1618 802 verum,
1667 725 1811 802 sed,
1855 734 2072 791 utrum
2107 734 2234 803 est,
2277 748 2412 791 non
2446 737 2544 793 est

476 820 798 897 mirabile3
832 841 966 885 non
1004 818 1175 887 enim
1200 819 1449 884 audivit
1480 819 1587 885 ille
1614 820 1962 887 draconem
1995 821 2387 905 loquentem,
2423 821 2540 890 sed

473 925 568 979 est
600 914 782 979 visus
819 914 1064 991 audire,
1104 924 1169 979 61
1202 913 1483 997 quidem,
1516 935 1652 998 quo
1684 913 1894 979 maius
1931 914 2032 990 sit,
2071 936 2231 979 cum-
2255 914 2539 981 radicem

474 1031 587 1073 ore
621 1018 885 1085 teneret,
920 1008 1176 1074 locutus
1212 1018 1337 1087 est3
1376 1008 1489 1073 sed
1520 1008 1681 1076 1111111
1713 1020 1808 1073 est
1835 1030 2150 1094 magnum
2177 1008 2538 1073 somnianti.

472 1124 725 1188 quaero
774 1113 991 1168 autem
1002 1150 1021 1181 ,
1078 1124 1193 1168 cur
1241 1102 1617 1169 Alexandro
1671 1113 1805 1168 tam
1863 1102 2135 1169 inlustre
2197 1102 2538 1180 somnium,

474 1210 613 1263 tam
658 1208 929 1275 certum,
980 1219 1103 1263 nec
1156 1197 1309 1263 huic
1355 1197 1563 1264 eidem
1616 1198 1808 1276 alias,
1859 1220 1983 1264 nec
2033 1198 2238 1264 multa
2289 1198 2538 1265 ceteris.

477 1292 633 1359 mihi
669 1289 935 1378 quidem
969 1303 1223 1379 praeter
1256 1291 1381 1357 hoc
1404 1292 1778 1360 Marianum
1811 1292 1971 1360 nihil
2005 1316 2162 1359 sane
2199 1293 2375 1378 quod
2407 1316 2542 1359 me·

477 1388 797 1465 minerim3
833 1387 1074 1452 frustra
1104 1386 1307 1473 igitur
1342 1398 1756 1473 consumptae
1791 1398 1887 1455 tot
1920 1398 2142 1456 noctes
2176 1399 2312 1453 tam
2345 1388 2540 1474 longa

476 1482 546 1546 in
580 1491 809 1547 aetate.
896 1502 1071 1547 nunc
1106 1480 1368 1565 quidem
1402 1491 1663 1567 propter
1695 1482 2230 1549 intermissionem
2265 1482 2537 1549 forensis
2567 1502 2642 1543 142
2693 1531 2700 1535 .

476 1598 710 1661 operae
754 1585 822 1641 et
860 1574 1337 1640 lucubrationes
1384 1575 1632 1643 detraxi
1668 1586 1734 1641 et
1777 1576 2250 1642 meridiationes
2298 1576 2537 1653 addidi,

476 1668 711 1753 quibus
746 1668 845 1734 uti
880 1679 1071 1734 antea
1102 1691 1235 1734 non
1260 1669 1567 1747 solebam,
1602 1692 1728 1735 nec
1750 1681 1884 1735 tam
1910 1671 2186 1735 multum
2220 1669 2538 1735 dormiens

476 1764 606 1829 ullo
640 1763 893 1832 somnio
930 1785 1073 1829 sum
1108 1762 1501 1841 admonitus,
1544 1764 1740 1829 tantis
1784 1764 2164 1851 praesertim
2209 1764 2290 1830 de
2325 1763 2539 1841 rebus,

476 1879 595 1924 nec
624 1856 787 1923 mihi
828 1857 1037 1943 magis
1072 1878 1381 1942 umquam
1415 1858 1666 1936 videor,
1716 1879 1913 1943 quam
1957 1880 2105 1924 cum
2141 1868 2254 1922 aut
2295 1857 2365 1923 in
2397 1857 2540 1923 foro

475 1952 889 2040 magistratus
925 1963 1039 2017 aut
1068 1953 1139 2018 in
1172 1954 1352 2019 curia
1384 1964 1684 2020 senatum
1719 1954 1930 2031 video,
1968 1952 2306 2018 somniare.

604 2046 866 2119 Etenim
895 2070 1082 2113 -ex
1116 2046 1428 2113 divisione
1462 2046 1587 2113 hoc
1622 2047 1977 2113 secundum
2013 2059 2112 2113 est
2135 2066 2407 2130 —quae
2444 2056 2540 2113 est
2575 2062 2644 2117 69

472 2142 870 2211 continuatio
904 2141 1397 2227 coniunctioque
1428 2153 1722 2219 naturae,
1759 2163 1974 2227 quam,
2010 2151 2084 2207 ut
2117 2140 2272 2217 dixi,
2308 2150 2542 2205 vocant

477 2235 940 2319 συμπάθειαν,
974 2236 1115 2301 eius
1140 2237 1337 2315 modi,
1373 2246 1445 2301 ut
1480 2235 1822 2301 thesaurus
1848 2258 1932 2301 ex
1960 2257 2082 2301 ovo
2117 2234 2402 2322 intellegi
2429 2235 2541 2301 de·-

472 2329 672 2395 beat?
712 2352 859 2395 nam
890 2330 1123 2397 medici
1167 2354 1249 2396 ex
1284 2330 1672 2416 quibusdam
1707 2330 1902 2396 rebus
1937 2342 2004 2396 et
2039 2330 2441 2396 advenientis
2477 2341 2543 2397 et

474 2422 826 2490 crescentis
856 2424 1115 2489 morbos
1148 2424 1553 2511 intellegunt,
1586 2446 1720 2491 non
1751 2425 1962 2491 nullas
1997 2426 2193 2491 etiam
2227 2425 2542 2491 valetudi-

477 2519 579 2584 nis
615 2516 1148 2605 significationes,
1182 2531 1259 2585 ut
1288 2519 1413 2585 hoc
1444 2520 1691 2607 ipsum,
1737 2520 1941 2606 ‘pleni
1974 2520 2266 2590 enectine
2299 2521 2540 2599 simus,'

474 2636 562 2679 ex
614 2612 897 2697 quodam
946 2636 1185 2700 genere
1247 2614 1643 2681 somniorum
1703 2614 1996 2701 intellegi
2047 2638 2239 2701 posse
2292 2616 2540 2693 dicunt3

476 2707 818 2773 thesaurus
853 2729 1007 2773 vero
1043 2719 1109 2775 61
1140 2708 1461 2775 hereditas
1497 2719 1563 2774 et
1596 2708 1803 2773 honos
1840 2720 1906 2775 et
1940 2708 2210 2775 victoria
2244 2718 2310 2773 et
2339 2710 2544 2773 multa

474 2800 735 2888 generis
784 2802 1075 2873 eiusdem
1126 2824 1257 2887 qua
1310 2825 1457 2869 cum
1510 2801 1774 2869 somniis
1835 2802 2112 2869 naturali
2163 2802 2542 2888 cognatione

473 2896 875 2981 iunguntur?
910 2896 1141 2963 dicitur
1173 2897 1457 2982 quidam,
1494 2918 1643 2962 cum
1677 2896 1746 2961 in
1782 2896 2020 2963 somnis
2057 2896 2376 2983 conplexu
2411 2896 2544 2963 Ve-
2571 2916 2646 2957 143

470 2990 656 3056 nerio
708 2990 1114 3077 iungeretur,
1168 2991 1449 3056 caleulos
1492 2990 1784 3057 eiecisse:
1839 2989 2030 3055 video
2083 2989 2541 3077 sympathiam3

473 3086 693 3149 visum
746 3094 849 3150 est
899 3085 1073 3151 enim
1125 3086 1252 3151 tale
1296 3085 1622 3151 obiectum
1677 3084 2045 3162 dormienti,
2099 3095 2172 3149 ut
2221 3085 2318 3163 id,
2371 3085 2546 3170 quod

472 3178 725 3256 evenit,
778 3189 1047 3245 naturae
1091 3179 1188 3245 vis
1201 3228 1221 3259 ,
1272 3202 1405 3246 non
1448 3178 1665 3267 opinio
1711 3179 1940 3245 erroris
1989 3178 2292 3245 effecerit.
2381 3202 2547 3265 quae

472 3273 683 3359 igitur
714 3284 950 3339 natura
981 3274 1215 3339 obtulit
1246 3274 1423 3341 illam
1460 3274 1740 3361 speciem
1760 3272 2098 3351 Simonidi,
2135 3296 2174 3339 a
2207 3296 2338 3358 qua
2369 3283 2549 3338 veta-

472 3378 667 3431 retur
698 3367 1040 3454 navigare?
1074 3380 1187 3435 aut
1220 3368 1379 3453 quid
1412 3380 1680 3435 naturae
1711 3368 2079 3455 copulatum
2113 3365 2340 3431 habuit
2367 3365 2549 3431 Alci-

475 3458 702 3525 biadis
734 3462 907 3544 quod
940 3463 1239 3528 scribitur
1272 3464 1634 3530 somnium?
1669 3463 1784 3547 qui
1817 3462 2012 3549 paulo
2039 3471 2188 3526 ante
2221 3459 2550 3525 interitum

477 3556 663 3619 visus
700 3565 798 3621 661
830 3556 899 3620 111
932 3557 1171 3623 somnis
1207 3557 1451 3624 amicae
1480 3580 1626 3624 esse
1663 3556 1934 3622 amictus
1969 3554 2275 3631 amiculo;
2309 3552 2366 3619 is
2401 3574 2554 3619 cum

482 3660 657 3716 esset
690 3650 1013 3737 proiectus
1056 3652 1427 3719 inhumatus
1463 3652 1547 3718 ab
1584 3651 2011 3735 omnibusque
2049 3649 2338 3715 desertus
2381 3647 2552 3715 iace-

482 3754 607 3821 ret,
641 3744 853 3811 amica
886 3766 1117 3832 corpus
1154 3747 1290 3818 eius
1323 3746 1486 3812 texit
1527 3768 1645 3812 suo
1683 3745 1898 3833 pallio.
1989 3766 2144 3830 ergo
2188 3743 2314 3809 hoc
2345 3741 2548 3808 inerat

484 3838 561 3903 in
603 3839 797 3904 rebus
847 3838 1083 3905 futuris
1126 3852 1195 3907 et
1236 3864 1467 3907 causas
1510 3840 1820 3905 naturalis
1865 3838 2188 3904 habebat?
2237 3861 2325 3903 an
2370 3847 2436 3904 et
2476 3847 2552 3903 ut

484 3932 817 3999 videretur
848 3945 917 3999 et
951 3944 1025 3999 ut
1058 3935 1343 4001 eveniret
1376 3956 1566 4000 casus
1602 3933 1852 4001 effecit?

618 4028 843 4113 Quid?
872 4031 1163 4117 'ipsorum
1196 4031 1620 4119 interpretum
1655 4031 2062 4098 coniecturae
2095 4051 2310 4095 nonne
2345 4028 2552 4115 magis
2589 4030 2658 4085 ⁷0

477 4124 755 4213 ingenia
790 4123 1119 4193 declarant
1152 4149 1378 4194 eorum
1410 4148 1608 4212 quam
1652 4126 1788 4191 vim
1823 4146 2332 4211 consensumque
2367 4134 2555 4190 natu·
2581 4101 2662 4145 ²⁴⁴
