3292 4559
646 312 657 318 ’
712 278 851 346 ,188
1338 286 1418 343 Μ.
1455 286 1734 345 TULLII
1764 282 2167 342 CICERONIS

719 413 877 481 nihil
930 411 1103 479 enim
1160 410 1302 477 fieri
1353 411 1490 477 sine
1542 432 1741 476 causa
1792 419 2033 497 potest,
2074 431 2216 476 nec
2276 408 2624 495 quicquam
2686 411 2782 490 fit,

720 508 898 593 quod
926 507 1067 573 fieri
1097 528 1230 574 non
1262 515 1503 592 potest3
1552 526 1677 571 nec
1710 504 1767 569 si
1798 503 1868 568 id
1902 503 2144 570 factum
2180 515 2307 583 est,
2361 504 2537 589 quod
2570 505 2782 591 potuit

722 605 878 673 fieri
918 610 1281 686 portentum
1314 599 1507 666 debet
1550 598 1782 665 videri·
1826 600 2006 665 nulla
2047 598 2246 694 igitur
2277 610 2574 687 portenta
2609 610 2782 666 sunt.

722 721 870 761 nam
910 697 990 773 Βῑ,Ι
1042 696 1220 781 quod
1249 716 1397 760 raro
1430 694 1534 772 fit,
1585 693 1656 760 id
1697 704 2064 780 portentum
2099 694 2460 780 putandum
2494 705 2620 773 est,
2676 718 2784 761 sa-

726 793 1002 877 μὶΒΒΙῑΒΒΠ
1037 812 1178 856 esse
1211 800 1578 876 portentum
1614 798 1742 866 est,
1787 787 2047 875 saepius
2089 787 2260 853 enim
2294 787 2538 853 mulam
2584 811 2783 876 pepe-

726 889 878 949 ΒΞΒΒΒ
938 885 1210 953 arbitror
1255 906 1454 969 quam
1504 884 1862 971 sapientem
1910 883 2131 950 finisse.
2216 884 2330 948 illa
2369 883 2572 969 igitur
2612 884 2775 949 ratio

726 981 1144 1059 concluditur,
1177 1000 1307 1050 nee
1332 979 1430 1057 id,
1467 978 1807 1063 quod-non
1839 978 2119 1065 potuerit
2150 978 2319 1055 fieri,
2353 977 2604 1043 factum
2636 996 2785 1043 uma?

726 1097 918 1157 quam
966 1097 1134 1152 esse,
1184 1096 1307 1140 nec
1350 1074 1525 1159 quod
1576 1072 1886 1159 potuerit,
1939 1072 2010 1138 id
2051 1082 2418 1159 portentum
2462 1094 2634 1139 esse:
2687 1073 2784 1138 ita

633 1189 678 1225 Β
730 1173 986 1233 omnino
1027 1168 1278 1233 nullum
1322 1190 1463 1234 esse
1506 1178 1897 1254 portentum.
1993 1167 2169 1251 quod
2215 1167 2410 1232 etiam
2455 1167 2784 1233 coniector

726 1265 878 1345 quid
886 1289 986 1329 am
1022 1272 1087 1328 et
1117 1262 1433 1347 interpres
1466 1273 1905 1349 portentorum
1939 1283 2069 1327 non
2113 1260 2340 1326 inscite
2371 1261 2783 1348 respondisse

726 1361 953 1421 dicitur
986 1361 1022 1437 †
1055 1357 1153 1434 ei,
1199 1357 1313 1441 qui
1347 1378 1497 1423 cum
1530 1357 1615 1423 ad
1650 1379 1800 1423 eum
1832 1357 2181 1423 rettulisset
2214 1356 2401 1441 quasi
2434 1368 2783 1434 ostentum,

726 1457 894 1537 quod
950 1452 1178 1538 anguis
1231 1452 1405 1517 domi
1464 1463 1717 1519 vectem
1785 1452 2232 1519 circumiectus
2293 1450 2546 1529 fuisset,
2608 1458 2786 1544 ftum

726 1549 914 1613 esset*
954 1546 1161 1631 inquit
1194 1554 1567 1625 ‘ostentum,
1602 1548 1660 1613 si
1697 1570 1980 1634 anguem
2015 1548 2216 1613 vectis
2244 1546 2789 1634 circumplioavis-

726 1645 858 1709 set-³
950 1641 1070 1709 hoc
1110 1642 1218 1708 ille
1259 1664 1566 1729 responso
1602 1642 1760 1707 satis
1797 1652 2016 1728 aperte
2050 1642 2428 1722 declaravit,
2473 1641 2632 1708 nihil
2664 1641 2789 1707 ha-

621 1753 686 1805 ΞἯ
726 1741 1002 1801 bendum
1040 1760 1201 1815 esse,
1238 1737 1414 1823 quod
1444 1736 1583 1803 fieri
1616 1748 1854 1824 posset,
1889 1746 2230 1803 ostentum.
2321 1735 2399 1802 C.
2439 1734 2785 1802 Gracchus

726 1837 802 1897 ad
846 1837 938 1897 M.
974 1833 1408 1920 Pomponium
1451 1832 1706 1919 scripsit
1747 1831 1998 1897 duobus
2047 1831 2368 1917 anguibus
2415 1830 2591 1896 domi
2627 1853 2790 1897 oon·-

726 1929 1051 2014 prshsnsis
1082 1928 1454 2015 haruspices
1489 1951 1531 1993 a
1562 1938 1746 2015 patre
1784 1937 2187 1994 convocatos.
2273 1925 2388 2011 qui
2421 1927 2632 2013 magis
2668 1950 2792 1992 an·-

724 2025 958 2109 ιΒΒΒΒΞΙΒΒΒΒ
1006 2046 1199 2109 quam
1240 2023 1525 2101 lacertis,
1578 2044 1775 2107 quam
1833 2020 2164 2087 muribus?
2213 2021 2367 2105 quia
2417 2034 2569 2086 sunt
2599 2020 2794 2100 ,haec

726 2121 1074 2197 cotidiana,
1129 2140 1375 2203 angues
1417 2139 1548 2182 non
1592 2118 1769 2183 item.
1858 2116 2043 2201 quasi
2092 2137 2246 2181 vero
2287 2114 2551 2193 referat,
2607 2118 2794 2200 quod

726 2217 858 2277 ficri
918 2223 1150 2297 potest,
1222 2232 1415 2294 quam
1472 2210 1542 2277 id
1593 2233 1788 2297 saepe
1848 2210 1981 2275 fiat.
2096 2231 2218 2296 ego
2281 2220 2496 2276 tamen
2562 2210 2790 2288 miror,

726 2309 770 2369 ΒΞ
822 2306 1073 2371 emissio
1124 2304 1401 2371 feminae
1444 2303 1676 2389 anguis
1720 2314 1992 2370 mortem
2043 2303 2375 2369 adferebat
2427 2303 2531 2368 Ti.
2571 2301 2791 2370 Grac·-

726 2401 870 2473 ΒΞῑιΒ,
930 2398 1180 2465 emissio
1234 2408 1453 2464 autem
1512 2397 1708 2464 maris
1759 2398 1990 2483 anguis
2043 2409 2181 2464 erat
2230 2397 2559 2464 mortifera
2613 2394 2792 2464 Cor-
2984 2474 2985 2483 χ

722 2493 954 2565 nelias,
1014 2513 1130 2557 cur
1171 2492 1437 2557 alteram
1480 2502 1693 2556 utram
1750 2492 2059 2570 emiserit3
2119 2490 2281 2556 nihil
2333 2492 2507 2557 enim
2560 2492 2795 2560 scribit
2984 2494 2985 2503 ’

722 2585 1122 2669 resfffindisse
1162 2584 1563 2670 haruspices,
1607 2586 1666 2651 si
1709 2597 1939 2652 neuter
1981 2586 2212 2672 anguis
2265 2586 2536 2651 emissus
2586 2598 2789 2663 esset,

722 2681 878 2765 quid
926 2693 1091 2749 esset
1136 2681 1444 2747 futurum.
1533 2685 1632 2746 ‘at
1675 2702 1846 2746 mors
1889 2681 2183 2746 insecuta
2219 2678 2592 2747 Gracchum
2636 2683 2790 2748 est-⁹

722 2801 918 2841 ΒΒΒΒΒ
954 2775 1241 2861 quidem,
1284 2771 1506 2852 credo,
1542 2775 1761 2859 aliqua
1801 2774 2010 2841 morbi
2043 2775 2386 2862 gravioris,
2420 2797 2554 2841 non
2586 2775 2796 2841 emis-

726 2873 898 2937 ΒῙΒΒΒ
966 2869 1315 2955 serpentis3
1376 2888 1591 2952 neque
1652 2870 1823 2934 enim
1883 2880 2061 2935 tanta
2113 2880 2212 2935 est
2262 2868 2605 2935 infelicitas
2661 2868 2792 2935 ha·

725 2965 1076 3049 suspiciam,
1123 2973 1199 3028 ut
1239 2984 1323 3028 ne
1359 2984 1514 3029 casu
1549 2963 1813 3048 quidem
1847 2982 2159 3047 umquam
2190 2962 2334 3040 fiat,
2378 2963 2558 3048 quod
2601 2963 2794 3031 fntu-
2982 3020 2983 3046 ¹

617 3049 690 3157 ἒξ*
724 3081 862 3121 rum
910 3061 1002 3121 illi
1035 3080 1175 3123 esse
1212 3056 1508 3125 dixerint.
1594 3081 1749 3124 nam
1782 3056 1944 3126 illud
1977 3057 2273 3136 mirarer,
2328 3058 2384 3124 si
2427 3059 2789 3137 crederem,

722 3153 894 3237 qnod
950 3153 1119 3237 apud
1172 3153 1532 3219 Homerum
1581 3150 2004 3218 Calchantem
2058 3152 2274 3218 dixisti
2319 3175 2403 3218 ex
2429 3174 2790 3265 passerum

722 3269 986 3313 numeru
1030 3247 1183 3313 belli
1216 3246 1479 3312 Troiani
1521 3269 1724 3313 annos
1760 3258 2177 3334 auguratum3
2224 3247 2306 3314 de
2344 3247 2528 3313 cuius
2562 3248 2793 3317 conie-

726 3359 902 3409 ntum
954 3345 1043 3409 sic
1095 3342 1270 3429 apud
1320 3341 1712 3417 Homerum,
1773 3352 1849 3406 ut
1897 3363 2018 3408 nos
2069 3341 2259 3408 otiosi
2322 3342 2786 3423 convertimus,

726 3441 1006 3521 loquitur
1035 3438 1519 3524 Agamemnon:

894 3533 1074 3610 ferte,
1111 3531 1252 3609 viri,
1288 3542 1353 3597 et
1386 3530 1581 3597 duros
1614 3528 1831 3594 animo
1866 3529 2134 3597 tolerate
2164 3530 2439 3607 labores,

894 3625 1156 3713 auguris
1189 3636 1264 3690 ut
1296 3623 1497 3691 nostn
1532 3620 1906 3689 Calchantis
1940 3625 2080 3691 fata
2112 3647 2425 3710 queamus

898 3721 1057 3785 scire
1089 3729 1345 3784 ratosne
1378 3717 1662 3783 habeant
1703 3742 1789 3784 an
1822 3741 2024 3786 vanos
2055 3720 2333 3806 pectoris
2369 3742 2572 3785 orsus.

894 3832 1170 3895 namque
1187 3833 1407 3877 omnes
1432 3812 1702 3880 memori
1729 3824 2096 3899 portentum
2112 3825 2325 3879 mente
2352 3824 2693 3893 retentant,
2976 3837 2979 3879 ι

894 3909 1004 3989 qui
1033 3926 1168 3970 non
1200 3905 1470 3972 funestis
1502 3907 1832 3993 liquerunt
1862 3908 2110 3974 lumina
2139 3908 2311 3973 fatis.

894 3998 1215 4085 Argolicis
1247 4000 1527 4087 primum
1557 4014 1634 4068 ut
1668 4002 1902 4069 vestita
1935 4013 2030 4069 est
2065 4001 2377 4069 classibus
2412 4002 2628 4079 Aulis,

894 4117 1058 4177 quae
1074 4093 1337 4163 Priamo
1356 4097 1605 4163 cladem
1623 4108 1690 4165 et
1707 4097 1943 4164 Troiae
1967 4107 2341 4184 pestemque
2358 4095 2673 4174 ferebant,
