3292 4559
726 998 800 1051 31

740 1071 795 1111 53

845 220 969 284 194
1453 232 1529 284 Μ.
1569 228 1842 288 TULLH
1878 228 2278 284 GICEEUNJS

832 355 1111 442 amplius
1156 352 1518 441 praeteritis
1562 353 1959 438 expulsoque
1995 349 2344 434 Tarquinio
2389 362 2632 417 tantum
2664 353 2832 416 odium

834 450 1150 535 populum
1202 449 1571 514 Romanum
1632 447 1866 532 regalis
1932 446 2211 510 nominis
2279 446 2511 524 tenuit,
2579 459 2836 530 quantum

831 554 1127 609 tenuerat
1179 555 1327 629 post
1370 543 1617 607 obitum
1671 540 1792 605 vel'
1827 540 2040 625 potius
2087 562 2421 605 excessum
2475 540 2717 604 Romuli
2759 541 2837 606 de-

835 638 1137 702 siderium
1147 663 1163 714 ;
1236 637 1454 720 itaque
1515 646 1589 700 ut
1641 646 1778 700 tum
1831 657 2046 701 carere
2097 657 2282 720 rege,
2336 634 2431 700 sic
2495 636 2671 721 pulso
2717 634 2840 699 Tar-

835 731 1054 815 quinio
1097 749 1350 798 nomen
1374 731 1545 816 regis
1592 729 1814 795 audire
1857 751 1988 793 non
2024 740 2291 814 poterat.
2388 729 2494 794 hic
2529 729 2842 794 facultatem

836 849 983 891 cum
1018 827 1055 862 ἣ
1091 826 1126 859 *¹
1163 827 1200 860 ἦ

1310 919 1786 1006 [Desiderantur
1810 882 2084 1003 payimie
2117 915 2426 1002 sedecim]

973 1016 1175 1082 Cicero
1222 1018 1293 1079 de
1336 1037 1403 1078 re
1426 1014 1605 1099 publ.
1646 1013 1750 1077 lib.
1787 1013 1885 1076 ΙΙ.
1974 1012 2205 1095 Itaque
2239 1012 2350 1076 illa
2384 1012 2701 1097 praeclara
2729 1031 2842 1074 con-

838 1110 1077 1174 stitutio
1131 1108 1391 1174 Romuli
1445 1127 1594 1172 cum
1646 1105 1957 1170 ducentos
2011 1127 2215 1170 annos
2265 1116 2331 1170 et
2382 1129 2467 1170 xn
2519 1105 2648 1170 fere
2701 1104 2841 1168 firma

837 1195 1171 1269 mansisset
1206 1201 1243 1238 ³⁸*
1278 1204 1314 1238 ¹⁸*
1351 1201 1386 1236 *
1474 1199 1756 1284 (Nonius
1791 1203 1863 1265 de
1899 1203 2054 1264 doct.
2091 1203 2304 1285 indaq.
2341 1223 2406 1286 p.
2445 1198 2622 1285 526.)

961 1297 1131 1362 Hinc
1176 1309 1262 1361 est
1308 1299 1473 1381 quod
1515 1297 1779 1382 reqalem
1824 1297 2297 1376 dominationem
2331 1317 2460 1359 non
2487 1295 2734 1382 ferente-3
2761 1316 2842 1356 an-

834 1414 959 1453 nua
1002 1392 1261 1474 imperia
1298 1390 1587 1474 binosque
1622 1391 2014 1474 imperatores
2049 1388 2170 1452 sibi
2188 1387 2502 1473 fecerunt,
2549 1389 2648 1474 qui
2680 1408 2844 1452 coneu-

836 1486 917 1548 Zes
972 1485 1267 1569 appellati
1309 1495 1452 1547 sunt
1500 1506 1557 1546 a*
1586 1483 1967 1557 consulend0‚
2023 1505 2146 1546 non
2199 1504 2364 1566 reyes
2425 1493 2534 1546 aut
2585 1482 2784 1546 domini
2819 1501 2845 1540 a

832 1581 1144 1663 reynando
1206 1590 1387 1662 atque
1449 1578 1842 1642 dominando.
1949 1575 2039 1658 (A
2049 1573 2394 1661 ugustinus
2461 1578 2532 1640 de
2592 1576 2731 1639 civit.
2778 1573 2846 1636 dei

833 1669 919 1747 V,
968 1671 1101 1756 12.)
2708 1676 2709 1681 ’

834 1788 917 1850 Ρ..
936 1763 1069 1851 35.]
1128 1766 1165 1803 *⁸*
1199 1767 1236 1802 *
1273 1767 1307 1802 '⁸‘
1347 1763 1357 1852 Ι
1408 1765 1514 1831 lex
1564 1764 1678 1828 illa
1727 1775 1862 1828 tota
1913 1763 2254 1840 sublatast,
2336 1763 2464 1828 hac
2507 1771 2705 1828 mente
2745 1770 2842 1823 tum
2920 1784 2921 1790 ¹

835 1860 1035 1924 nostri
1116 1859 1387 1924 maiores
1458 1871 1523 1925 et
1596 1855 2006 1923 Conlatinum
2075 1857 2486 1924 innocentem
2555 1854 2846 1942 suspitione

837 1953 1233 2038 cognationis
1281 1955 1662 2040 expulerunt
1709 1964 1770 2018 et
1808 1953 2085 2036 reliquos
2126 1951 2516 2036 Tarquinios
2552 1950 2845 2016 offensione

749 2080 766 2092 ν
834 2048 1127 2115 nominis.
1219 2048 1570 2132 eademque
1617 2059 1830 2112 mente
1864 2046 1944 2109 P.
1981 2047 2281 2112 Valerius
2331 2057 2396 2111 et
2433 2046 2620 2111 fascis
2651 2043 2845 2130 primus

838 2142 1083 2207 demitti
1116 2143 1332 2219 iussit,
1380 2149 1532 2206 cum*
1564 2143 1773 2206 dicere
1809 2141 1876 2204 in
1911 2140 2204 2205 contione
2241 2141 2587 2227 coepisset,
2620 2152 2680 2204 et
2709 2134 2843 2202 aedis

838 2258 985 2300 suas
1040 2236 1265 2300 detulit
1317 2237 1437 2300 sub
1473 2236 1757 2312 Veliam,
1811 2248 2034 2321 postea
2076 2256 2300 2317 quam,
2354 2235 2534 2318 quod
2574 2235 2639 2298 in
2681 2228 2844 2298 excel-

836 2331 999 2394 siore
1067 2330 1208 2393 loco
1278 2330 1505 2395 Veliae
1576 2329 1890 2414 coepisset
1959 2328 2325 2406 aedificare,
2409 2352 2490 2395 eo
2542 2329 2700 2414 ipso,
2761 2322 2843 2386 ubi

816 2421 896 2508 p.
935 2422 1070 2508 36.]
1108 2447 1222 2488 rex
1260 2423 1270 2509 Ι
1308 2423 1535 2488 Tullus
1571 2424 1998 2501 habitaverat,
2047 2423 2466 2509 suspitionem
2499 2421 2708 2510 populi
2737 2440 2843 2482 scn-

835 2518 918 2582 sit
976 2517 1247 2594 moveri3
1318 2518 1645 2602 idemque,
1711 2519 1779 2582 in
1846 2540 1973 2602 quo
2041 2517 2164 2582 fuit
2214 2519 2542 2603 publicola
2598 2513 2842 2584 maxime,

839 2613 1049 2697 legem
1093 2612 1177 2676 ad
1223 2612 1534 2697 populum
1579 2612 1725 2678 tulit
1770 2635 1940 2688 cam,
1995 2635 2162 2696 quae
2208 2613 2578 2678 centuriatis
2622 2605 2842 2676 comitiis

724 2777 727 2780 ,
837 2706 1046 2792 prima
1100 2707 1231 2772 lata
1283 2719 1411 2784 est,
1464 2730 1547 2772 ne
1598 2707 1741 2791 quis
1796 2704 2206 2794 magistratus
2260 2707 2472 2772 civem
2529 2707 2843 2771 Romanum

742 2822 797 2861 54

739 3952 791 4013 ξε)

840 2801 1144 2867 adversus
1171 2801 1689 2888 provocationem
1715 2813 1972 2868 necaret
2005 2825 2168 2867 neve
2207 2802 2592 2869 verberaret.
2656 2815 2844 2885 provo-

837 2897 1151 2960 cationem
1195 2907 1409 2961 autem
1452 2895 1645 2960 etiam
1688 2919 1729 2960 a
1773 2896 2032 2981 regibus
2076 2896 2276 2962 fuisse
2327 2895 2650 2962 declarant
2679 2887 2845 2978 ponti·

836 3012 899 3074 p.
921 2989 1095 3074 119.]
1126 2989 1255 3054 ficii
1282 2990 1450 3067 libri,
1483 2990 1844 3076 significant
1860 2989 2062 3054 nostri
2087 2990 2278 3055 etiam
2295 2990 2653 3075 augurales,
2673 2992 2680 3070 Ι
2698 2987 2844 3050 item-

837 3103 963 3164 que
1009 3083 1091 3145 ab
1138 3083 1312 3146 omni
1358 3083 1592 3148 iudicio
1638 3106 1972 3169 poenaque
2019 3070 2353 3168 provocari
2387 3084 2578 3151 licere
2608 3079 2845 3146 indicant

836 3198 960 3238 ‚xm
998 3176 1253 3241 tabulae
1290 3178 1700 3262 conpluribus
1745 3178 2029 3262 legibus,
2067 3189 2158 3256 et,
2196 3179 2369 3262 quod
2402 3177 2712 3264 proditum
2742 3190 2843 3233 me·

835 3269 1163 3348 moriaest,
1210 3295 1288 3334 .x.
1335 3273 1534 3349 viros,
1579 3272 1692 3355 qui
1733 3272 1910 3358 leges
1958 3273 2355 3357 scripserint,
2405 3274 2540 3338 sine
2584 3285 2841 3356 provoca-

835 3363 1007 3428 tione
1051 3376 1322 3442 creatos,
1368 3367 1521 3431 satis
1570 3365 1917 3431 ostenderit
1950 3367 2230 3451 reliquos
2267 3367 2404 3433 sine
2440 3360 2839 3452 provocatione

835 3458 1246 3542 magistratus
1297 3481 1427 3525 non
1478 3460 1707 3538 fuisse3
1762 3460 2081 3544 Luciique
2127 3461 2372 3527 Valerii
2425 3458 2626 3528 Potiti
2676 3466 2727 3520 et
2762 3447 2838 3513 M·

836 3551 1090 3616 Horatii
1140 3553 1437 3630 Barbati,
1501 3552 1831 3633 hominum
1895 3554 2272 3619 concordiae
2326 3576 2522 3619 causa
2573 3549 2841 3637 sapienter

835 3667 898 3730 p.
938 3645 1113 3731 120.]
1159 3647 1591 3731 popularium,
1638 3649 1986 3714 consularis
2031 3649 2139 3714 lex
2173 3647 2402 3724 sanxit,
2441 3647 2452 3734 Ι
2490 3670 2571 3712 ne
2607 3643 2706 3728 qui
2734 3658 2843 3702 ma·

834 3739 1138 3822 gistratus
1182 3741 1318 3806 sine
1362 3743 1816 3826 provocatione
1850 3754 2191 3808 crearetur.
2277 3764 2488 3827 neque
2523 3760 2668 3805 vero
2699 3736 2841 3816 leges

833 3831 1123 3909 Porciae,
1158 3855 1325 3916 quae
1360 3847 1487 3900 tres
1524 3845 1674 3901 sunt
1709 3837 1901 3900 trium
1934 3836 2332 3912 Porciorum,
2368 3847 2443 3900 ut
2477 3832 2666 3908 scitis,
2699 3823 2840 3909 quic-

838 3948 1031 4009 quam
1066 3939 1317 4012 praeter
1352 3931 1742 3996 sanctionem
1779 3931 2129 3995 attulerunt
2163 3931 2334 3995 novi.
2405 3931 2619 4014 itaque
2651 3916 2840 3988 Publi·
2924 3957 2925 3962 κ

837 4021 977 4084 cola
1019 4022 1163 4106 lege
1208 4023 1317 4088 illa
1363 4024 1442 4089 de
1484 4024 1936 4111 provocatione
1980 4026 2224 4110 perlata
2270 4025 2482 4089 statim
2526 4015 2748 4087 securis
2780 4008 2837 4072 de
2924 4057 2925 4073 ι
