3292 4559
737 265 780 335 6
954 336 965 339 ,
1354 278 1434 333 Μ.
1472 269 1749 336 TULLH
1782 259 2181 362 mosuoms

624 431 626 436 ·
734 404 1033 471 indecore
1078 402 1522 469 effeminateve
1557 400 1782 480 faciat,
1828 412 1967 465 tum
2008 401 2076 465 in
2112 400 2406 466 omnibus
2444 412 2510 467 et
2549 402 2790 489 opinio-

735 501 926 565 nibus
961 509 1027 564 et
1060 497 1266 575 factis,
1303 520 1385 561 ne
1421 496 1577 579 quid
1611 496 1972 560 lubidinose
2008 507 2122 559 aut
2154 495 2349 562 faciat
2384 506 2497 560 aut
2533 498 2791 583 cogitet.

735 592 970 678 quibus
1025 616 1107 657 ex
1157 590 1348 656 rebus
1409 592 1727 656 conflatur
1777 600 1843 655 et
1895 589 2168 654 efficitur
2216 590 2313 667 id,
2366 589 2543 673 quod
2597 612 2794 673 quae-

735 688 932 753 rimus
946 734 964 763 ‚
1025 686 1397 763 honestum3
1460 684 1635 769 quod
1701 684 1897 748 etiam
1946 683 2003 748 si
2050 682 2458 747 nobilitatum
2508 704 2637 747 non
2689 685 2796 761 sit,

735 791 950 846 tamen
992 779 1331 844 honestum
1365 778 1486 856 isit,
1533 777 1833 861 quodque
1877 799 2029 843 vere
2075 776 2373 853 dicimus,
2420 776 2607 841 etiam
2652 778 2703 841 si
2750 802 2796 841 a

733 875 909 940 nullo
941 873 1258 952 laudetur,
1291 882 1521 937 natura
1555 894 1697 937 esse
1731 870 2069 936 laudabile.

863 966 1170 1032 Formam
1231 966 1492 1049 quidem
1551 964 1792 1050 ipsam,
1862 962 2089 1029 Marce
2147 964 2268 1041 fili,
2337 973 2403 1029 et
2464 974 2794 1046 tamquam

736 1062 970 1128 faciem
1003 1060 1255 1126 honesti
1288 1059 1488 1135 vides,
1524 1079 1693 1141 quae
1729 1060 1782 1123 si
1818 1058 2019 1124 oculis
2056 1068 2449 1134 cerneretur,
2485 1057 2795 1121 mirabilis

738 1173 1015 1233 amores,
1071 1165 1144 1219 ut
1188 1154 1285 1217 ait
1325 1153 1518 1217 Plato
1531 1200 1551 1229 ‚
1603 1152 1911 1219 excitaret
1964 1151 2334 1237 sapientiae.
2423 1151 2537 1216 sed
2586 1173 2797 1227 omne,

736 1250 910 1334 quod
963 1259 1062 1313 est
1103 1247 1442 1312 honestum
1458 1294 1476 1323 ,
1529 1246 1602 1311 id
1643 1257 1948 1330 quattuor
1989 1246 2268 1333 partium
2312 1246 2514 1310 oritur
2554 1267 2635 1309 ex
2679 1246 2801 1309 ali-

737 1364 893 1427 quae
942 1352 1053 1406 aut
1099 1340 1270 1405 enim
1305 1342 1374 1405 in
1408 1341 1861 1426 perspicientia
1894 1342 2030 1408 veri
2066 1339 2471 1423 sollertiaque
2504 1349 2798 1403 versatur

737 1446 849 1501 aut
909 1435 977 1499 in
1038 1434 1372 1499 hominum
1435 1435 1740 1500 societate
1793 1435 2033 1500 tuenda
2084 1433 2551 1517 tribuendoque
2605 1455 2800 1497 suum

738 1530 968 1612 cuique
1014 1539 1080 1593 et
1120 1551 1335 1594 rerum
1380 1539 1851 1593 contractarum
1894 1530 2021 1595 fide
2067 1539 2179 1593 aut
2220 1529 2288 1592 in
2324 1528 2519 1592 animi
2556 1527 2801 1593 excelsi

738 1636 932 1708 atque
993 1624 1214 1688 invicti
1274 1623 1715 1710 magnitudine
1778 1647 1853 1689 ac
1916 1625 2143 1689 robore
2206 1634 2319 1689 aut
2366 1624 2434 1687 in
2486 1624 2802 1700 omnium,

738 1741 905 1802 quae
948 1718 1113 1783 fiunt
1165 1740 1456 1802 quaeque
1513 1718 1839 1808 dicuntur,
1896 1718 2116 1783 ordine
2175 1728 2239 1783 et
2278 1717 2500 1793 mod0,
2552 1718 2625 1781 in
2670 1738 2803 1801 quo

683 1843 688 1848 ·
737 1813 905 1878 inest
964 1811 1278 1877 modestia
1339 1822 1404 1877 et
1467 1812 1908 1897 temperantia.
1996 1834 2163 1896 quae
2218 1822 2519 1896 quattuor
2570 1832 2806 1895 quam-

653 2309 704 2349 16

653 2774 702 2813 17

655 3874 690 3927 6

645 3944 698 3985 18

740 1928 938 1990 quam
979 1906 1145 1970 inter
1188 1928 1258 1971 se
1302 1906 1621 1992 conligata
1666 1918 1859 1989 atque
1900 1906 2205 1992 inplicata
2240 1916 2387 1971 sunt
2400 1952 2420 1982 ,
2463 1916 2680 1971 tamen
2722 1929 2804 1971 ex

739 2000 1008 2086 singulis
1053 2010 1228 2065 certa
1272 2000 1629 2065 officiorum
1674 2021 1912 2086 genera
1954 2010 2335 2078 nascuntur,
2380 1999 2559 2064 velut
2603 2022 2687 2065 ex
2727 2023 2803 2065 ea

736 2104 947 2179 parte,
1003 2116 1168 2177 quae
1220 2094 1427 2179 prima
1482 2094 1799 2180 descripta
1843 2105 1967 2171 est,
2020 2094 2089 2157 in
2134 2115 2263 2177 qua
2306 2093 2690 2178 sapientiam
2742 2105 2803 2158 et

735 2189 1144 2272 prudentiam
1178 2188 1497 2273 ponimus,
1532 2190 1702 2253 inest
1734 2188 2061 2274 indagatio
2102 2198 2295 2271 atque
2327 2187 2613 2252 inventio
2640 2189 2801 2264 veri,

739 2282 1001 2365 eiusque
1037 2282 1289 2345 virtutis
1324 2281 1446 2347 hoc
1479 2306 1715 2347 munus
1751 2295 1849 2349 est
1882 2283 2231 2369 proprium.
2308 2293 2381 2346 ut
2415 2282 2585 2347 enim
2622 2283 2804 2365 quis-

738 2396 862 2457 que
899 2374 1178 2439 maxime
1211 2376 1535 2460 perspicit,
1574 2377 1732 2460 quid
1764 2378 1832 2441 in
1868 2400 1937 2443 re
1973 2398 2229 2460 quaque
2264 2376 2668 2441 verissimum
2698 2377 2800 2451 sit,

740 2467 978 2550 quique
1025 2467 1390 2533 acutissime
1436 2479 1500 2534 et
1535 2469 1862 2535 celerrime
1898 2481 2109 2556 potest
2143 2481 2208 2535 et
2245 2469 2461 2535 videre
2496 2479 2561 2533 et
2596 2470 2803 2554 expli-

738 2581 883 2625 care
927 2560 1268 2638 rationem,
1321 2562 1377 2625 is
1419 2563 1955 2647 prudentissimus
2001 2574 2065 2629 et
2116 2562 2621 2649 sapientissimus
2674 2563 2801 2626 rite

736 2653 958 2719 haberi
993 2656 1173 2721 solet.
1263 2657 1558 2738 quocirca
1593 2656 1743 2723 huic
1779 2658 1961 2741 quasi
1996 2658 2291 2734 materia,
2340 2679 2534 2739 quam
2568 2666 2803 2721 tractet

741 2761 804 2815 et
850 2752 918 2814 in
954 2772 1084 2834 qua
1122 2760 1441 2829 versetur,
1487 2752 1775 2817 subiecta
1808 2763 1905 2817 est
1941 2752 2196 2817 veritas.
2282 2751 2544 2833 reliquis
2567 2760 2801 2815 ‘autem

739 2845 944 2909 tribus
987 2845 1330 2909 virtutibus
1378 2846 1792 2911 necessitates
1836 2846 2198 2932 propositae
2238 2854 2392 2925 ‘sunt
2428 2843 2512 2907 ad
2548 2866 2660 2908 eas
2693 2866 2797 2908 res

737 2937 1054 3023 parandas
1099 2939 1529 3023 tuendasque,
1574 2939 1808 3023 quibus
1854 2940 2021 3004 actio
2067 2939 2236 3003 vitae
2282 2937 2670 3015 continetur,
2724 2947 2799 3001 ut

739 3041 805 3095 et
839 3031 1107 3095 societas
1143 3032 1474 3097 hominum
1511 3032 2000 3116 coniunctioque
2037 3041 2323 3097 servetur
2357 3041 2421 3095 et
2455 3031 2654 3095 animi
2688 3054 2803 3095 ex·

739 3124 1032 3190 cellentia
1073 3127 1577 3211 magnitudoque
1612 3149 1762 3191 cum
1795 3128 1863 3190 in
1899 3126 2210 3212 augendis
2246 3126 2473 3211 opibus
2509 3124 2802 3189 utilitati-

739 3218 986 3302 busque
1033 3230 1098 3284 et
1143 3220 1264 3284 sibi
1309 3231 1372 3285 et
1418 3221 1550 3285 suis
1587 3220 2042 3306 conparandis,
2078 3231 2217 3287 tum
2250 3220 2452 3283 multo
2488 3220 2697 3305 magis
2729 3220 2799 3282 in

736 3311 836 3377 his
890 3313 1043 3398 ipsis
1099 3314 1520 3400 despiciendis
1576 3316 1843 3380 eluceat.
1934 3314 2089 3379 ordo
2130 3314 2288 3378 item
2333 3324 2398 3377 et
2441 3313 2797 3397 constantia

739 3418 800 3473 et
835 3407 1186 3473 moderatio
1223 3420 1285 3473 et
1321 3408 1417 3485 ea,
1455 3431 1620 3493 quae
1659 3418 1809 3473 sunt
1842 3408 1941 3473 his
1980 3407 2228 3485 similia,
2264 3417 2601 3472 versantur
2625 3407 2691 3470 in
2713 3426 2795 3469 eo

738 3523 1001 3587 genere,
1049 3503 1131 3566 ad
1177 3503 1349 3587 quod
1393 3515 1492 3569 est
1526 3502 1891 3568 adhibenda
1925 3502 2091 3566 actio
2129 3501 2480 3586 quaedam,
2529 3521 2653 3565 non
2684 3518 2795 3561 so·

737 3597 872 3660 lum
906 3596 1137 3661 mentis
1185 3598 1478 3681 agitatio;
1531 3596 1611 3661 iis
1657 3598 1828 3661 enim
1869 3595 2095 3673 rebus,
2140 3618 2307 3679 quae
2342 3603 2688 3660 tractantur
2716 3590 2795 3655 in

739 3692 890 3767 vita,
926 3691 1190 3754 modum
1226 3691 1548 3774 quendam
1583 3700 1648 3756 et
1678 3690 1965 3755 ordinem
1994 3690 2369 3755 adhibentes
2394 3688 2802 3754 honestatem

740 3794 806 3849 ct
841 3786 1038 3850 decus
1075 3784 1616 3850 conservabimus.

870 3876 979 3942 Ex
1029 3889 1328 3961 quattuor
1379 3890 1596 3943 autem
1646 3879 1802 3944 locis
1816 3927 1833 3955 ,
1884 3878 1954 3942 in
2001 3899 2165 3962 quos
2208 3876 2459 3942 honesti
2500 3886 2803 3939 naturam

740 3971 999 4053 vimque
1055 3972 1411 4048 divisimus,
1473 3973 1717 4057 primus
1769 3973 1906 4048 ille,
1962 3973 2075 4055 qui
2106 3973 2193 4037 ‘in
2244 3970 2381 4036 veri
2433 3966 2807 4054 cognitione

741 4063 1054 4137 consistit,
1119 4066 1397 4129 maxime
1459 4077 1755 4129 naturam
1818 4066 2074 4149 attingit
2124 4065 2497 4129 humanam:
2570 4074 2812 4165 qmnes

2606 4166 2614 4193 l

2601 4195 2618 4262 ἒ

2599 4299 2633 4511 ἰ
