3292 4559
927 299 1034 355 DE
1068 295 1398 354 DEORUM
1431 295 1759 354 NATURA
1792 294 1898 350 111.
1938 274 2177 350 79-284.
2456 281 2579 346 117

519 447 774 498 summo
820 422 1107 490 cruciatu
1151 419 1590 508 supplicioque
1626 415 1711 500 Q.
1748 418 2018 508 Varius,
2067 417 2261 484 homo
2296 417 2584 505 inportu-

517 525 870 598 nissumus,
903 517 1120 606 periit3
1157 515 1231 593 si,
1260 515 1414 600 quia
1427 513 1723 580 Drusum
1748 513 1943 591 ferm,
1969 513 2309 578 Metellum
2333 535 2582 579 veneno

512 617 895 692 sustulerat,
939 613 1084 678 illos
1121 609 1486 677 conservari
1517 607 1749 674 melius
1782 607 1909 674 fuit
1942 629 2141 692 quam
2170 629 2412 694 poenas
2446 630 2585 674 sce-

517 712 671 784 leris
705 709 981 778 Varium
1023 705 1324 792 pendere.
1415 702 2055 787 duodequadraginta
2098 724 2300 768 annos
2321 701 2585 814 ’Diony-

521 807 656 874 sius
683 816 993 891 tyrannus
1019 800 1141 866 fuit
1167 797 1709 885 opulentissumae
1736 808 1799 862 et
1828 796 2256 864 beatissumae
2284 797 2585 874 civitatis3
2675 849 2683 858 .

456 919 720 986 quam
753 897 990 964 multos
1019 906 1169 962 ante
1201 893 1422 960 hunc'
1402 917 1471 957 ιιι
1502 893 1644 977 ipso
1666 889 1981 958 Graeciae
2007 891 2163 958 flore
2180 890 2583 958 Pisistratus!

524 1004 628 1060 ‘at
674 991 1000 1068 Phalaris,
1053 1001 1122 1054 at
1158 986 1608 1100 Apollodorus
1661 1007 1901 1072 poenas
1964 985 2261 1051 sustulit?
2366 986 2584 1052 multis

527 1087 786 1174 quidem
821 1097 970 1153 ante
1005 1081 1302 1150 cruciatis
1339 1091 1404 1146 et
1435 1081 1699 1147 necatis.
1787 1079 1979 1145 etiam
2011 1080 2367 1166 praedones
2400 1081 2585 1146 multi

523 1204 720 1269 saepe
741 1203 986 1268 poenas
1010 1179 1188 1255 dant,
1222 1198 1346 1243 nec
1371 1186 1590 1242 tamen
1612 1196 1953 1261 possumus
1981 1174 2193 1241 dicere
2216 1196 2350 1241 non
2382 1175 2583 1261 pluris

523 1277 814 1363 captivos
858 1272 1086 1340 acerbe
1122 1293 1320 1357 qnam
1362 1270 1719 1356 praedones
1754 1280 2035 1335 necatos.
2120 1269 2583 1336 Anaxarchum

524 1368 1011 1438 Democriteum
1031 1391 1072 1432 a
1089 1365 1333 1452 Cyprio
1361 1376 1634 1451 tyranno
1654 1361 2173 1430 excarnificatum
2199 1364 2583 1451 accepimus,

526 1465 856 1532 Zenonem
897 1461 1100 1528 Eleae
1149 1462 1219 1525 in
1263 1459 1594 1525 tormentis
1637 1469 1959 1524 necatum.
2048 1458 2207 1544 quid
2250 1459 2461 1524 dicam
2504 1458 2586 1524 de

525 1558 822 1636 Socrate,
868 1556 1052 1624 cuius
1085 1555 1276 1621 morti
1315 1554 1708 1620 inlacrimari
1742 1555 1917 1620 soleo
1951 1553 2291 1620 Platonem
2323 1553 2587 1641 legens?

524 1654 790 1721 videsne
841 1652 1040 1738 igitur
1084 1651 1351 1716 deorum
1401 1648 1669 1725 iudicio,
1724 1647 1779 1712 si
1832 1649 2053 1714 vident
2094 1671 2197 1714 res
2250 1648 2585 1726 humanas,

523 1747 866 1815 discrimen
903 1769 1044 1812 esse
1079 1743 1446 1812 sublatum?
1497 1742 1831 1853 Diogenes
1868 1742 2129 1826 quidem
2156 1741 2453 1830 Cynicus
2486 1733 2691 1847 di-34

524 1865 670 1910 cere
706 1842 954 1906 solebat
984 1841 1378 1927 Harpalum,
1423 1838 1536 1923 qui
1569 1837 1962 1948 temporibus
1997 1838 2122 1903 illis
2155 1840 2396 1948 praedo
2430 1805 2657 1904 felix⁸

526 1935 915 2010 habebatur,
959 1945 1182 2000 contra
1215 1933 1372 2000 deos
1407 1930 1842 1998 testimonium
1884 1931 2123 2009 dicere,
2167 1932 2396 2016 quod·
2376 1956 2444 1997 m
2476 1931 2589 1996 illa

525 2031 790 2098 fortuna
832 2038 965 2092 tam
1008 2028 1124 2093 diu
1163 2029 1428 2118 viveret.
1514 2026 1903 2113 Dionysius,
1958 2026 2040 2092 de
2074 2048 2204 2110 quo
2247 2037 2396 2092 ante
2431 2026 2586 2104 dixi,

525 2147 678 2192 cum
729 2123 951 2188 fanum
995 2122 1419 2211 Proserpinae
1465 2122 1697 2189 Locris
1749 2123 2186 2209 expilavisset,
2237 2121 2589 2209 navigabat

529 2219 910 2305 Syracusas,
927 2217 1108 2305 isque
1135 2241 1280 2284 cum
1313 2218 1798 2285 secundissumo
1825 2228 2019 2284 vento
2038 2239 2295 2286 cursum
2322 2228 2585 2295 teneret,

527 2313 744 2379 ridens
779 2313 1164 2392 ‘videtisne,’
1199 2313 1408 2398 inquit
1442 2313 1680 2392 ‘amici‚
1719 2336 1913 2399 quam
1947 2312 2119 2380 bona
2154 2336 2194 2378 a
2221 2312 2319 2380 dis
2351 2312 2591 2378 inmor-

527 2407 763 2474 talibus
815 2407 1144 2493 navigatio
1197 2408 1525 2495 sacrilegis
1576 2408 1827 2475 detur-‘2⁹'
1876 2407 2072 2492 idque
2123 2407 2315 2472 homo
2360 2416 2587 2474 acutus

527 2523 679 2567 cum
713 2499 877 2567 bene
918 2503 1242 2587 planeque
1275 2503 1696 2590 percepisset,
1731 2503 1800 2568 in
1834 2503 2063 2570 eadem
2097 2503 2411 2569 sententia
2443 2525 2589 2588 per-

527 2595 894 2663 severabat:
931 2597 1045 2681 qui
1079 2617 1228 2661 cum
1264 2597 1347 2662 ad
1379 2597 1902 2684 Peloponnesum
1936 2599 2205 2664 classem
2239 2597 2590 2683 adpulisset

527 2701 596 2756 et
627 2690 696 2754 in
729 2688 955 2754 fanum
989 2690 1274 2756 venisset
1305 2691 1481 2756 Iovis
1519 2691 1844 2779 Olympii,
1900 2713 2166 2759 aureum
2199 2691 2269 2759 ei
2314 2691 2589 2757 detraxit
2698 2722 2704 2732 ·

527 2783 876 2850 amiculum
919 2785 1150 2870 grandi
1191 2785 1504 2870 pondere,
1559 2809 1689 2871 quo
1722 2787 1947 2852 Iovem
1991 2795 2247 2852 ornarat
2282 2809 2319 2852 e
2360 2807 2588 2850 manu-

528 2877 654 2944 biis
685 2879 1330 2964 Karthaginiensium
1364 2891 1677 2965 tyrannus
1716 2880 1914 2959 Gelo,
1951 2893 2145 2966 atque
2178 2881 2247 2945 in
2282 2901 2359 2947 eo
2395 2881 2589 2946 etiam

526 2973 864 3040 cavillatus
892 2985 990 3039 est
1016 2984 1256 3039 aestate
1283 2975 1652 3060 grave‘esse
1684 2997 1949 3043 aureum
1976 2977 2343 3052 amiculum,
2380 2975 2589 3043 hieme

526 3066 866 3154 frigidum,
921 3067 1108 3151 eique
1141 3067 1402 3133 laneum
1435 3069 1704 3154 pallium
1737 3067 1981 3146 iniecit,
2036 3091 2185 3135 cum
2216 3070 2305 3135 id·
2330 3093 2471 3137 esse
2506 3071 2590 3136 ad

524 3183 718 3226 omne
762 3161 916 3225 anni
959 3169 1214 3246 tempus
1257 3171 1481 3247 aptum
1525 3162 1783 3230 diceret.
1874 3162 2172 3248 idemque
2213 3165 2589 3251 Aesculapii
2696 3187 2700 3194 ·

527 3254 844 3340 Epidauri
887 3253 1161 3322 barbam
1202 3277 1466 3320 auream
1511 3256 1685 3322 demi
1723 3257 1939 3320 iussit:
1989 3279 2199 3342 neque
2235 3260 2404 3324 enim
2438 3281 2589 3324 con-

527 3349 748 3416 venire
782 3350 1124 3415 barbatum
1157 3373 1297 3416 esse
1332 3351 1554 3429 filium,
1590 3372 1741 3416 cum
1773 3351 1843 3414 in
1877 3352 2171 3416 omnibus
2206 3351 2373 3416 fanis
2406 3361 2591 3437 pater

526 3441 812 3508 inberbis
848 3455 1034 3510 esset.
1123 3443 1317 3509 etiam
1350 3467 1609 3510 mensas
1650 3454 1985 3530 argenteas
2030 3445 2111 3509 de
2146 3444 2441 3510 omnibus
2478 3445 2588 3509 de-

526 3536 730 3602 lubris
764 3537 946 3602 iussit
981 3537 1242 3616 auferri,
1275 3539 1346 3604 in
1373 3539 1606 3623 quibus
1633 3560 1783 3604 cum
1817 3559 1994 3602 more
2022 3537 2254 3604 veteris
2275 3536 2589 3605 Graeciae

526 3630 908 3718 inscriptum
951 3644 1124 3699 esset
1155 3653 1452 3700 nouorum
1483 3655 1769 3710 neom,
1812 3632 1911 3696 uti
1944 3653 2015 3698 se
2050 3654 2270 3700 eorum
2304 3631 2590 3699 bonitate

527 3725 698 3793 velle
740 3725 1014 3792 dicebat.
1099 3727 1274 3794 idem
1308 3727 1692 3795 Victoriolas
1735 3748 1961 3793 aureas
2004 3737 2072 3794 et
2112 3738 2365 3813 pateras
2410 3749 2591 3792 coro-

529 3839 806 3904 nasque,
859 3842 1026 3906 quae
1077 3822 1564 3888 simulacrorum
1608 3821 1918 3908 porrectis
1968 3822 2265 3887 manibus
2319 3821 2590 3890 sustine-

529 3910 795 3993 bantur,
839 3913 978 3981 sine
1011 3914 1410 3982 dubitatione
1443 3917 1710 3982 tollebat
1744 3937 1947 4001 eaque
1984 3939 2051 3984 se
2089 3915 2406 4004 accipere,
2458 3937 2591 3982 non

532 4005 786 4074 auferre
821 4008 1106 4074 dicebat:
1143 4033 1284 4077 esse
1309 4012 1481 4076 enim
1505 4010 1862 4088 stultitiam,
1897 4033 1937 4076 a
1972 4010 2203 4096 quibus
2238 4011 2411 4078 bona
2442 4033 2589 4097 pre-

533 4117 854 4181 caremur,
899 4102 986 4168 ab
1030 4102 1108 4170 iis
1143 4105 1616 4191 porrigentibus
1656 4115 1721 4171 et
1764 4103 2065 4174 dantibus
2109 4106 2278 4176 nolle
2314 4129 2589 4174 sumere.

2628 911 2680 952 82
