3292 4559
710 294 839 359 236
1320 303 1397 358 Μ.
1437 302 1712 361 TULLII
1747 302 2147 359 CICERONIS

708 429 1081 496 differenda.
1196 448 1369 494 nunc
1421 440 1639 493 autem
1688 426 1898 492 visum
1953 437 2051 495 est
2094 425 2252 491 mihi
2304 426 2386 494 de
2437 438 2776 493 senectute

708 524 951 608 aliquid
996 523 1081 587 ad
1123 532 1189 587 te
1234 522 1655 587 conscribere.
1743 521 1868 587 hoc
1911 521 2084 587 enim
2125 543 2346 599 onere,
2398 522 2576 606 quod
2609 522 2780 587 mihi

707 638 1045 684 commune
1080 628 1295 683 tecum
1329 627 1457 693 est,
1494 626 1607 681 aut
1640 616 1772 681 iam
1805 616 2138 703 urguentis
2173 627 2284 681 aut
2319 628 2491 682 certe
2527 615 2775 683 adven-

705 712 897 777 tantis
946 712 1291 778 senectutis
1337 722 1403 776 et
1446 721 1508 776 te
1553 721 1619 776 et
1659 732 1766 776 me
1811 710 2023 796 ipsum
2066 709 2264 776 levari
2308 710 2484 789 volo;
2535 710 2659 777 etsi
2703 722 2774 776 te

706 806 967 891 quidem
1008 806 1077 871 id
1119 806 1371 871 modice
1416 827 1494 871 ac
1528 804 1878 891 sapienter,
1923 804 2089 870 sicut
2124 804 2358 882 omnia,
2396 816 2464 869 et
2494 805 2668 871 ferre
2701 817 2774 871 et

703 900 983 966 laturum
1020 922 1159 967 esse
1196 909 1370 966 certo
1406 900 1569 966 scio:
1606 900 1723 965 sed
1757 899 1932 977 mihi,
1971 920 2121 964 cum
2154 898 2234 964 de
2269 910 2598 964 senectute
2632 899 2768 963 vel-

705 995 833 1061 lem
886 995 1130 1081 aliquid
1182 995 1488 1072 scribere,
1541 1006 1612 1059 tu
1659 994 2036 1059 occurrebas
2080 991 2314 1080 dignus
2357 1015 2434 1060 eo
2477 1016 2768 1071 munere,

706 1111 836 1175 quo
887 1102 1159 1176 uterque
1210 1101 1502 1155 nostrum
1554 1088 1976 1155 communiter
2024 1097 2331 1153 uteretur.
2416 1088 2575 1153 mihi
2621 1088 2771 1172 qui-

708 1185 855 1249 dem
890 1184 980 1249 ita
1020 1184 1303 1251 iucunda
1347 1183 1537 1247 huius
1570 1183 1722 1247 libri
1757 1182 2071 1249 confectio
2106 1181 2230 1247 fuit
2243 1228 2262 1260 ,
2296 1192 2372 1247 ut
2403 1204 2535 1247 non
2569 1182 2771 1247 modo

708 1278 915 1343 omnis
950 1278 1318 1343 absterserit
1360 1277 1708 1343 senectutis
1745 1277 2066 1341 molestias
2079 1322 2098 1353 ,
2135 1276 2250 1341 sed
2285 1276 2563 1351 effecerit
2595 1276 2768 1340 mol-

703 1372 833 1436 lem
886 1372 1079 1437 etiam
1115 1382 1197 1457 ,et
1245 1372 1593 1438 iucundam
1646 1381 2061 1437 senectutem.
2163 1392 2511 1455 numquam
2559 1369 2770 1455 igitur

701 1464 951 1530 laudari
1003 1465 1155 1530 satis
1210 1465 1403 1551 digne
1455 1464 1861 1551 philosophia
1909 1464 2173 1549 poterit,
2226 1464 2332 1529 cui
2374 1463 2488 1548 qui
2534 1476 2774 1550 pareat

633 1584 661 1625 a
704 1580 893 1624 omne
938 1570 1190 1645 tempus
1236 1561 1461 1625 aetatis
1514 1559 1650 1625 sine
1701 1561 1994 1627 molestia
2045 1560 2249 1645 possit
2291 1559 2544 1645 degere.
2647 1560 2772 1625 sed

703 1654 785 1720 de
839 1653 1063 1721 ceteris
1116 1666 1181 1719 et
1240 1654 1517 1719 diximus
1577 1654 1782 1719 multa
1834 1665 1898 1719 et
1959 1676 2151 1740 saepe
2202 1654 2517 1719 dicemus:
2588 1652 2770 1718 hunc

699 1749 938 1813 librum
972 1749 1057 1813 ad
1091 1760 1155 1815 te
1192 1747 1271 1815 de
1308 1758 1633 1814 senectute
1668 1747 1978 1813 misimus.
2006 1790 2008 1792 >
2065 1769 2321 1813 omnem
2364 1758 2582 1813 autem
2629 1769 2770 1812 ser-

701 1865 957 1910 monem
992 1842 1331 1909 tribuimus
1364 1864 1497 1907 non
1530 1840 1832 1919 Tithono,
1866 1853 1941 1907 ut
1973 1841 2197 1907 Aristo
2234 1839 2409 1908 Ceus
2427 1878 2517 1891 —-
2529 1864 2773 1928 parum

703 1937 875 2004 enim
910 1948 1079 2003 esset
1110 1937 1504 2002 auctoritatis
1537 1936 1605 2001 in
1638 1936 1862 2001 fabula
1891 1970 2008 2013 --,
2043 1935 2160 2001 sed
2191 1936 2290 2000 M.
2331 1932 2567 2001 Catoni
2601 1935 2769 2013 seni,

702 2052 831 2116 quo
878 2033 1186 2097 maiorem
1242 2032 1686 2097 auctoritatem
1739 2030 2004 2101 haberet
2053 2030 2282 2108 orati03
2337 2030 2513 2116 apud
2564 2052 2772 2115 quem

700 2124 1001 2192 Laelium
1036 2136 1102 2191 et
1137 2124 1507 2212 Scipionem
1541 2126 1814 2191 facimus
1849 2120 2220 2189 admirantis
2234 2171 2253 2201 ,
2306 2124 2545 2209 quod
2526 2147 2580 2189 is
2625 2136 2770 2189 tam

699 2218 889 2290 facile
936 2230 1333 2285 senectutem
1365 2221 1559 2297 ferat,
1602 2219 1824 2301 eisque
1859 2241 2007 2283 eum
2043 2217 2556 2304 respondentem.
2643 2218 2770 2302 qui

700 2314 758 2380 si
790 2313 1103 2381 eruditius
1137 2314 1465 2379 videbitur
1500 2311 1854 2397 disputare,
1901 2334 2098 2396 quam
2143 2312 2476 2379 consuevit
2517 2312 2657 2399 ipse
2693 2313 2770 2379 in

698 2409 832 2473 suis
864 2407 1065 2485 libris,
1102 2407 1430 2471 attribuito
1456 2405 1680 2470 litteris
1699 2403 1990 2485 Graecis,
2027 2428 2299 2492 quarum
2327 2418 2579 2473 constat
2607 2430 2764 2473 eum

696 2499 1170 2589 perstudiosum
1220 2500 1419 2565 fuisse
1480 2500 1548 2563 in
1601 2510 1948 2567 senectute.
2053 2502 2170 2566 sed
2221 2501 2377 2585 quid
2431 2524 2594 2588 opus
2653 2513 2766 2567 est

696 2595 922 2684 plura?
955 2595 1087 2660 iam
1120 2594 1291 2659 enim
1324 2592 1525 2677 ipsius
1548 2590 1814 2659 Catonis
1850 2615 2058 2661 sermo
2094 2595 2438 2681 explicabit
2474 2605 2768 2661 nostram

698 2712 955 2757 omnem
990 2691 1071 2755 de
1106 2697 1431 2753 senectute
1468 2688 1868 2753 sententiam.

626 2778 663 2835 2
828 2784 1055 2870 Scipio.
1130 2781 1341 2865 Saepe
1391 2803 1660 2847 numero
1712 2782 2013 2848 admirari
2065 2783 2240 2849 soleo
2295 2804 2446 2851 cum
2495 2782 2619 2849 hoc
2673 2780 2764 2850 C.

626 2853 923 2945 ⁴Laelio
958 2898 1107 2941 cum
1132 2884 1485 2940 ceterarum
1513 2898 1729 2941 rerum
1763 2886 1942 2941 tuam
1977 2878 2416 2956 excellentem,
2445 2879 2544 2943 M.
2566 2875 2768 2958 Oat0,

692 2970 1173 3057 perfectamque
1209 2969 1617 3055 sapientiam,
1670 2981 1811 3035 tum
1845 2971 1950 3036 vel
1995 2971 2305 3049 maxime,
2355 2974 2534 3055 quod
2567 2995 2772 3039 num·-

693 3083 890 3145 quam
924 3060 1043 3125 tibi
1076 3074 1473 3129 senectutem
1502 3088 1772 3151 gravem
1797 3086 1936 3130 esse
1963 3066 2292 3143 senserim,
2328 3088 2497 3151 quae
2531 3068 2776 3153 pleris-

694 3176 821 3240 que
870 3154 1127 3220 senibus
1173 3157 1265 3221 sic
1309 3157 1529 3223 odiosa
1574 3170 1701 3235 est,
1753 3169 1824 3223 ut
1878 3180 2041 3223 onus
2095 3181 2166 3225 se
2219 3159 2440 3227 Aetna
2489 3158 2771 3249 gravius

694 3250 909 3315 dicant
946 3251 1278 3316 sustinere.

828 3344 1000 3411 Cato.
1070 3344 1239 3413 Rem
1272 3344 1445 3410 haud
1480 3367 1655 3422 sane,
1684 3343 1902 3432 Scipio
1937 3358 2004 3413 et
2030 3346 2240 3426 Laeli,
2277 3347 2606 3414 difficilem
2643 3350 2774 3415 ad-

694 3438 913 3503 mirari
958 3438 1294 3505 videmini:
1349 3438 1585 3523 quibus
1619 3438 1790 3506 enim
1841 3440 1998 3505 nihil
2041 3451 2140 3507 est
2182 3440 2252 3509 in
2294 3442 2452 3527 ipsis
2495 3442 2637 3529 opis
2672 3445 2770 3509 ad

692 3530 857 3596 bene
892 3532 1207 3619 beateque
1241 3532 1609 3609 vivendum,
1643 3531 1736 3596 eis
1771 3534 1978 3599 omnis
2013 3548 2188 3600 aetas
2223 3537 2443 3621 gravis
2478 3549 2579 3603 est
2583 3561 2605 3615 3
2639 3538 2768 3619 qui

694 3634 911 3689 autem
945 3628 1161 3692 omnia
1193 3629 1365 3691 bona
1398 3650 1439 3691 a
1474 3649 1543 3692 se
1577 3624 1734 3711 ipsis
1767 3638 2027 3711 petunt,
2061 3628 2141 3693 iis
2174 3628 2336 3695 nihil
2371 3642 2586 3717 potest
2617 3652 2798 3696 ma-

694 3718 829 3782 lum
880 3719 1109 3795 videri,
1170 3720 1344 3803 quod
1393 3730 1664 3784 naturae
1725 3722 2074 3787 necessitas
2127 3723 2397 3789 adferat.
2505 3745 2638 3809 quo
2687 3726 2773 3795 in

693 3832 931 3895 genere
966 3820 1064 3876 est
1096 3811 1163 3873 in
1196 3812 1419 3896 primis
1456 3825 1772 3893 senectus,
1809 3837 2005 3900 quam
2038 3828 2114 3882 ut
2147 3816 2586 3903 adipiscantur
2617 3841 2775 3887 om·-

692 3924 807 3965 nes
851 3912 1099 3987 optant,
1145 3905 1414 3972 eandem
1459 3919 1767 3974 accusant
1801 3909 2047 3996 adepti.
2091 3922 2273 3976 tanta
2308 3924 2407 3979 est
2444 3912 2771 3983 stultitiae

689 3994 1117 4061 inconstantia
1142 4009 1334 4083 atque
1368 4000 1772 4087 perversitas.
1843 4003 2152 4091 obrepere
2177 4006 2359 4071 aiunt
2383 4030 2528 4073 eam
2565 4008 2772 4077 citius

693 4106 891 4169 quam
937 4091 1358 4173 putavissent.
1440 4095 1726 4182 primum
1768 4094 1914 4177 quis
1957 4099 2172 4185 coe‘git
2205 4122 2316 4167 eos
2358 4102 2599 4167 falsum
2635 4126 2772 4189 pu—
