3292 4559
1068 211 1176 265 DE
1211 209 1540 266 OFFICIIS
1573 209 1651 262 ΙΙ.
1688 208 1935 264 49—54.
1980 206 1987 217 '
2454 195 2541 258 65

481 361 637 424 que,
682 335 1052 402 defendere:
1101 333 1234 398 volt
1267 332 1390 398 hoc
1425 331 1796 418 multitudO,
1842 330 2083 415 patitur
2116 331 2536 408 consuetudo,

482 434 608 498 fert
650 431 871 496 etiam
939 426 1322 492 humanitas.
1427 423 1655 490 iudicis
1723 433 1822 489 est
1882 442 2133 508 semper
2190 423 2261 487 in
2328 425 2541 490 causis

483 547 709 592 verum
745 521 948 606 sequi,
983 520 1236 606 patroni
1269 541 1401 585 non
1433 537 1789 601 numquam
1821 518 1955 586 veri
1990 517 2216 596 simile,
2252 520 2446 586 etiam
2483 519 2537 586 si

481 619 694 684 minus
743 617 822 682 sit
867 637 1119 692 verum,
1167 613 1542 690 defendere3
1597 612 1771 696 quod
1816 611 2089 678 scribere
2103 660 2121 689 ,
2164 615 2539 699 praesertim

485 735 633 778 cum
677 711 757 776 de
801 709 1206 795 philosophia
1243 708 1616 782 scriberem,
1665 725 1795 769 non
1832 705 2164 783 auderem,
2210 708 2332 771 nisi
2366 708 2537 773 idem

483 807 766 893 placeret
809 804 1184 890 gravissimo
1235 801 1598 868 Stoicorum
1641 800 1975 864 Panaetio.
2074 823 2371 866 maxume
2424 823 2541 866 au-

485 915 616 968 tem
677 912 744 965 et
803 897 1008 984 gloria
1071 898 1320 982 paritur
1385 908 1450 962 et
1500 896 1711 982 gratia
1764 894 2272 973 defensionibus,
2336 919 2540 980 eoque

485 995 717 1070 maior,
763 995 818 1056 si
852 991 1112 1076 quando
1148 991 1382 1056 accidit
1414 1001 1488 1055 ut
1523 991 1581 1054 ei
1619 989 2063 1064 subveniatur,
2110 988 2222 1074 qui
2265 991 2539 1074 potentis

489 1086 756 1152 alicuius
789 1086 1020 1171 opibus
1057 1084 1501 1150 circumveniri
1534 1083 1925 1170 urguerique
1960 1082 2283 1160 videatur,
2320 1095 2393 1146 ut
2426 1104 2542 1147 nos

489 1191 555 1246 et
590 1201 784 1264 saepe
810 1179 978 1242 alias
1014 1189 1080 1242 et
1115 1178 1556 1243 adulescentes
1591 1188 1813 1242 contra
1848 1177 1930 1241 L.
1956 1176 2175 1243 Sullae
2212 1177 2544 1241 dominan-

487 1273 570 1338 tis
608 1294 761 1357 opes
794 1293 913 1356 pro
931 1270 1104 1338 Sex.
1126 1271 1361 1337 Roscio
1388 1271 1700 1336 Amerino
1737 1271 2028 1348 fecimus,
2066 1291 2250 1354 quae,
2286 1281 2359 1335 ut
2396 1269 2541 1347 scis,

490 1378 698 1435 exstat
733 1366 957 1430 oratio·
2518 1371 2521 1379 '

620 1458 754 1526 Sed
789 1459 1090 1545 expositis
1129 1457 1636 1524 adulescentium
1673 1458 1929 1534 officiis,
1966 1477 2133 1540 quae
2168 1459 2421 1522 valeant
2456 1459 2537 1524 ad
2575 1450 2645 1504 15
2739 1528 2752 1543 p

488 1554 758 1642 gloriam
811 1553 1319 1638 adipiscendam,
1374 1553 1673 1639 deinceps
1728 1553 1808 1618 de
1861 1550 2281 1616 beneficentia
2332 1574 2407 1617 ac
2460 1553 2539 1617 de
2584 1523 2637 1564 ⁵²

363 1731 373 1738 „
488 1645 866 1712 liberalitate
901 1646 1243 1712 dicendum
1271 1657 1388 1723 est,
1425 1649 1607 1712 cuius
1636 1657 1732 1711 est
1762 1645 1922 1711 ratio
1948 1645 2215 1730 duplex:
2252 1667 2403 1708 nam
2432 1655 2544 1708 aut

490 1761 685 1825 opera
726 1740 1004 1825 benigne
1047 1740 1120 1804 fit
1163 1741 1602 1826 indigentibus
1637 1749 1752 1804 aut
1784 1739 2078 1825 pecunia.
2166 1737 2413 1803 facilior
2448 1750 2544 1803 est

488 1834 650 1898 haec
695 1833 1036 1919 posterior,
1080 1834 1382 1919 locupleti
1426 1834 1831 1920 praesertim,
1888 1832 2002 1897 sed
2044 1832 2154 1897 illa
2196 1832 2427 1896 lautior
2468 1854 2543 1898 ac

491 1927 884 2013 splendidior
933 1936 997 1990 et
1050 1927 1184 1990 viro
1235 1927 1390 1992 forti
1441 1929 1739 2012 claroque
1794 1926 2065 2012 dignior.
2152 1947 2543 2009 quamquam

491 2020 661 2085 enim
704 2018 774 2084 in
814 2029 1088 2102 utraque
1122 2020 1290 2085 inest
1323 2020 1726 2108 gratificandi
1759 2019 2041 2085 liberalis
2076 2019 2402 2096 voluntaS,
2448 2029 2545 2082 ta·-

490 2136 640 2178 men
685 2113 885 2177 altera
919 2135 999 2178 ex
1036 2135 1212 2188 arca,
1259 2115 1460 2179 altera
1497 2137 1577 2179 ex
1611 2114 1847 2180 virtute
1884 2113 2305 2198 depromitur,
2351 2113 2547 2198 largi-

490 2208 737 2291 tioque,
783 2228 948 2290 quae
991 2207 1067 2271 fit
1111 2230 1192 2272 ex
1233 2230 1302 2273 re
1346 2207 1674 2284 familiari,
1721 2209 1963 2273 fontem
2010 2208 2223 2294 ipsum
2256 2205 2549 2292 benigni-

491 2301 640 2365 tatis
694 2297 1012 2366 exhaurit:
1077 2301 1168 2365 ita
1230 2302 1628 2388 benignitate
1682 2302 2043 2388 benignitas
2097 2301 2367 2376 tollitur,
2420 2321 2551 2384 qua

492 2416 620 2480 quo
655 2395 725 2459 in
758 2395 959 2480 pluris
983 2403 1148 2460 'usus
1185 2396 1293 2474 sis,
1331 2419 1408 2462 eo
1443 2399 1657 2462 minus
1691 2398 1761 2462 in
1795 2398 2029 2461 multos
2063 2395 2155 2460 uti
2191 2393 2427 2480 possis3
2484 2407 2549 2458 at
2583 2417 2634 2456 53

492 2489 602 2572 qui
647 2510 872 2574 opera,
917 2488 984 2552 id
1022 2500 1120 2554 est
1153 2491 1389 2556 virtute
1427 2502 1491 2556 et
1524 2491 1868 2569 industria,
1916 2488 2189 2556 benefici
2223 2501 2287 2554 et
2318 2488 2550 2554 libera-

490 2583 584 2647 les
639 2593 851 2659 erunt,
903 2584 1210 2668 primum,
1264 2605 1395 2669 quo
1449 2586 1742 2671 pluribus
1790 2584 2175 2670 profuerint,
2230 2605 2307 2648 eo
2349 2582 2549 2668 pluris

494 2674 577 2738 ad
611 2674 889 2760 benigne
923 2676 1291 2742 faciendum
1324 2678 1647 2744 adiutores
1686 2678 2043 2755 habebunt,
2092 2677 2239 2742 dein
2284 2697 2551 2740 consue-

494 2767 713 2832 tudine
755 2769 1213 2837 beneficentiae
1258 2773 1608 2857 paratiores
1658 2783 1845 2838 erunt
1888 2782 1954 2837 et
1998 2783 2327 2856 tamquam
2371 2791 2552 2834 exer-

497 2860 814 2924 citatiores
867 2861 950 2924 ad
1003 2863 1166 2928 bene
1220 2864 1299 2929 de
1356 2867 1572 2930 multis
1625 2864 2139 2952 promerendum.
2227 2865 2551 2950 praeclare

495 2955 563 3017 in
606 2954 878 3039 epistula
921 2954 1199 3036 quadam
1233 2959 1679 3025 Alexandrum
1724 2961 1929 3025 filium
1976 2960 2317 3047 Philippus
2365 2979 2554 3024 accu-

496 3059 616 3126 sat,
654 3047 826 3132 quod
860 3048 1196 3134 largitione
1230 3051 1742 3120 benevolentiam
1759 3055 2197 3120 Macedonum
2232 3064 2553 3120 consecte-

496 3155 620 3207 tur.
721 3149 920 3226 ‘quae
973 3153 1066 3218 te,
1129 3145 1428 3210 maluml'
1492 3148 1705 3231 inquit
1761 3149 1952 3213 ‘ratio
2013 3149 2082 3214 in
2132 3149 2323 3213 istam
2374 3169 2553 3232 spem

495 3235 774 3311 induxit,
827 3248 900 3300 ut
951 3258 1061 3311 eos
1113 3237 1231 3302 tibi
1282 3240 1488 3304 fidelis
1533 3252 1794 3326 putares
1846 3243 2015 3320 fore,
2069 3263 2233 3326 quos
2277 3242 2553 3327 pecunia

499 3330 928 3414 corrupisses?
999 3355 1083 3396 an
1120 3342 1192 3396 tu
1226 3333 1294 3397 id
1329 3334 1490 3420 agis,
1526 3345 1601 3399 ut
1633 3335 2033 3400 Macedones
2049 3341 2199 3399 *non
2232 3346 2296 3399 te
2332 3355 2552 3418 regem

498 3447 708 3500 uuum,
745 3424 859 3489 sed
893 3425 1252 3492 ministrum
1287 3440 1351 3494 et
1383 3429 1811 3514 praebitorem
1847 3440 2103 3513 sperent
2137 3428 2340 3492 fore?’
2389 3427 2552 3491 bene

499 3517 886 3586 ‘ministrum
930 3531 994 3584 et
1028 3521 1482 3606 praebitorem,
1497 3523 1514 3551 '
1565 3523 1718 3606 quia
1753 3522 2080 3587 sordidum
2113 3521 2281 3606 regi,
2326 3519 2552 3584 melius

499 3611 713 3689 etiam,
749 3613 922 3696 quod
955 3613 1358 3700 largitionem
1395 3617 1821 3702 corruptelam
1858 3615 2019 3680 dixit
2054 3637 2220 3691 esse3
2274 3614 2349 3678 fit
2384 3613 2551 3678 enim

502 3705 776 3769 deterior
811 3708 923 3791 qui
959 3708 1191 3794 accipit
1227 3720 1418 3794 atque
1455 3710 1540 3776 ad
1573 3712 1748 3776 idem
1775 3732 2029 3795 semper
2052 3707 2552 3794 exspectandum

501 3798 798 3882 paratior.
886 3802 1010 3867 hoc
1053 3802 1160 3869 ille
1203 3804 1365 3882 filio,
1413 3805 1526 3872 sed
1569 3815 1983 3891 praeceptum
2017 3813 2315 3888 putemus
2352 3798 2553 3865 omni-
2589 3815 2640 3856 54

503 3891 645 3954 bus.
733 3913 926 3974 quam
980 3897 1062 3960 ob
1115 3920 1252 3964 rem
1302 3899 1367 3964 id
1421 3899 1680 3983 quidem
1731 3921 1860 3964 non
1906 3897 2171 3962 dubium
2218 3906 2344 3973 est,
2398 3894 2552 3978 quin

503 3987 615 4052 illa
668 3987 1052 4073 benignitas,
1107 4013 1271 4075 quae
1325 4007 1572 4060 constat
1617 4019 1699 4060 ex
1744 4017 1939 4080 opera
1983 4004 2045 4058 et
2090 3990 2432 4066 industria,
2488 3999 2553 4052 et

615 4087 832 4131 Ciceronis
850 4091 931 4132 vol.
953 4090 1061 4138 VIII.
2150 4094 2185 4146 5
