<?xml version="1.0" encoding="UTF-8"?>
<!DOCTYPE html PUBLIC "-//W3C//DTD XHTML 1.0 Transitional//EN"
    "http://www.w3.org/TR/xhtml1/DTD/xhtml1-transitional.dtd">
<html xmlns="http://www.w3.org/1999/xhtml" xml:lang="en" lang="en">
 <head>
  <title>
</title>
<meta http-equiv="Content-Type" content="text/html;charset=utf-8" />
  <meta name='ocr-system' content='tesseract 3.04.00' />
  <meta name='ocr-capabilities' content='ocr_page ocr_carea ocr_par ocr_line ocrx_word'/>
</head>
<body>
  <div class='ocr_page' id='page_1' title='image "./mtulliiciceroni03unkngoog_0386.png"; bbox 0 0 3292 4559; ppageno 0'>
   <div class='ocr_carea' id='block_1_1' title="bbox 672 189 2123 260">
    <p class='ocr_par' dir='ltr' id='par_1_1' title="bbox 672 189 2123 260">
     <span class='ocr_line' id='line_1_1' title="bbox 672 189 2123 260; baseline 0 -6"><span class='ocrx_word' id='word_1_1' title='bbox 672 189 760 254; x_wconf 84' lang='grc'><strong>28</strong></span> <span class='ocrx_word' id='word_1_2' title='bbox 1293 198 1374 255; x_wconf 83' lang='grc' dir='ltr'><strong>Μ.</strong></span> <span class='ocrx_word' id='word_1_3' title='bbox 1412 197 1695 260; x_wconf 59' lang='grc' dir='ltr'><strong>ΤΠΙιΙιΙΙ,</strong></span> <span class='ocrx_word' id='word_1_4' title='bbox 1720 196 2123 256; x_wconf 80' lang='lat' dir='ltr'>CICERONIS</span> 
     </span>
    </p>
   </div>
   <div class='ocr_carea' id='block_1_2' title="bbox 585 317 2840 4084">
    <p class='ocr_par' dir='ltr' id='par_1_2' title="bbox 586 317 2840 2934">
     <span class='ocr_line' id='line_1_2' title="bbox 673 317 2755 411; baseline -0.002 -18"><span class='ocrx_word' id='word_1_5' title='bbox 673 317 839 403; x_wconf 72' lang='lat' dir='ltr'><strong>tei-e,</strong></span> <span class='ocrx_word' id='word_1_6' title='bbox 902 335 976 390; x_wconf 85' lang='lat' dir='ltr'><strong>ut</strong></span> <span class='ocrx_word' id='word_1_7' title='bbox 1026 322 1459 411; x_wconf 76' lang='lat' dir='ltr'>perspicerent</span> <span class='ocrx_word' id='word_1_8' title='bbox 1507 345 1725 388; x_wconf 88' lang='lat' dir='ltr'><strong>rerum</strong></span> <span class='ocrx_word' id='word_1_9' title='bbox 1776 323 2201 388; x_wconf 89' lang='lat' dir='ltr'><strong>humanarum</strong></span> <span class='ocrx_word' id='word_1_10' title='bbox 2254 321 2755 396; x_wconf 72' lang='lat' dir='ltr'><strong>inbecillitatem</strong></span> 
     </span>
     <span class='ocr_line' id='line_1_3' title="bbox 586 417 2752 503; baseline 0.001 -21"><span class='ocrx_word' id='word_1_11' title='bbox 586 443 640 482; x_wconf 66' lang='grc' dir='ltr'><strong>ει</strong></span> <span class='ocrx_word' id='word_1_12' title='bbox 675 421 1176 503; x_wconf 78' lang='lat' dir='ltr'><strong>varietatemque</strong></span> <span class='ocrx_word' id='word_1_13' title='bbox 1228 418 1545 484; x_wconf 83' lang='lat' dir='ltr'><strong>fortunae.</strong></span> <span class='ocrx_word' id='word_1_14' title='bbox 1635 428 1829 502; x_wconf 89' lang='lat' dir='ltr'><strong>atque</strong></span> <span class='ocrx_word' id='word_1_15' title='bbox 1892 419 2085 484; x_wconf 85' lang='lat' dir='ltr'><strong>etiam</strong></span> <span class='ocrx_word' id='word_1_16' title='bbox 2136 418 2206 482; x_wconf 90' lang='lat' dir='ltr'><strong>in</strong></span> <span class='ocrx_word' id='word_1_17' title='bbox 2258 417 2752 484; x_wconf 78' lang='lat' dir='ltr'><strong>secundissimis</strong></span> 
     </span>
     <span class='ocr_line' id='line_1_4' title="bbox 673 513 2757 598; baseline 0 -18"><span class='ocrx_word' id='word_1_18' title='bbox 673 517 864 582; x_wconf 86' lang='lat' dir='ltr'><strong>rebus</strong></span> <span class='ocrx_word' id='word_1_19' title='bbox 927 516 1206 581; x_wconf 81' lang='lat' dir='ltr'><strong>maxime</strong></span> <span class='ocrx_word' id='word_1_20' title='bbox 1267 524 1366 580; x_wconf 84' lang='lat' dir='ltr'><strong>est</strong></span> <span class='ocrx_word' id='word_1_21' title='bbox 1424 513 1739 580; x_wconf 86' lang='lat' dir='ltr'><strong>utendum</strong></span> <span class='ocrx_word' id='word_1_22' title='bbox 1806 513 2069 578; x_wconf 86' lang='lat' dir='ltr'><strong>consilio</strong></span> <span class='ocrx_word' id='word_1_23' title='bbox 2122 513 2477 578; x_wconf 88' lang='lat' dir='ltr'><strong>amicorum</strong></span> <span class='ocrx_word' id='word_1_24' title='bbox 2526 514 2757 598; x_wconf 89' lang='lat' dir='ltr'><strong>iisque</strong></span> 
     </span>
     <span class='ocr_line' id='line_1_5' title="bbox 671 607 2753 693; baseline -0 -18"><span class='ocrx_word' id='word_1_25' title='bbox 671 610 878 675; x_wconf 84' lang='lat' dir='ltr'><strong>maior</strong></span> <span class='ocrx_word' id='word_1_26' title='bbox 919 609 1112 675; x_wconf 90' lang='lat' dir='ltr'><strong>etiam</strong></span> <span class='ocrx_word' id='word_1_27' title='bbox 1161 630 1355 692; x_wconf 85' lang='lat' dir='ltr'><strong>quam</strong></span> <span class='ocrx_word' id='word_1_28' title='bbox 1401 619 1550 673; x_wconf 83' lang='lat' dir='ltr'><strong>ante</strong></span> <span class='ocrx_word' id='word_1_29' title='bbox 1593 607 1935 673; x_wconf 88' lang='lat' dir='ltr'><strong>tribuenda</strong></span> <span class='ocrx_word' id='word_1_30' title='bbox 1970 607 2347 686; x_wconf 48' lang='lat' dir='ltr'><strong>auctorita&amp;</strong></span> <span class='ocrx_word' id='word_1_31' title='bbox 2399 607 2753 693; x_wconf 76' lang='lat' dir='ltr'><strong>isdemque</strong></span> 
     </span>
     <span class='ocr_line' id='line_1_6' title="bbox 673 701 2751 789; baseline -0.001 -21"><span class='ocrx_word' id='word_1_32' title='bbox 673 704 1069 789; x_wconf 81' lang='lat' dir='ltr'><strong>temporibus</strong></span> <span class='ocrx_word' id='word_1_33' title='bbox 1123 701 1482 768; x_wconf 86' lang='lat' dir='ltr'><strong>cavendum</strong></span> <span class='ocrx_word' id='word_1_34' title='bbox 1535 713 1633 767; x_wconf 87' lang='lat' dir='ltr'><strong>est</strong></span> <span class='ocrx_word' id='word_1_35' title='bbox 1684 725 1767 767; x_wconf 87' lang='lat' dir='ltr'><strong>ne</strong></span> <span class='ocrx_word' id='word_1_36' title='bbox 1818 701 2331 769; x_wconf 84' lang='lat' dir='ltr'><strong>adsentatoribus</strong></span> <span class='ocrx_word' id='word_1_37' title='bbox 2387 703 2751 786; x_wconf 84' lang='lat' dir='ltr'><strong>patefacia-</strong></span> 
     </span>
     <span class='ocr_line' id='line_1_7' title="bbox 674 795 2748 880; baseline -0 -17"><span class='ocrx_word' id='word_1_38' title='bbox 674 821 820 868; x_wconf 83' lang='lat' dir='ltr'><strong>mus</strong></span> <span class='ocrx_word' id='word_1_39' title='bbox 864 799 1035 863; x_wconf 86' lang='lat' dir='ltr'><strong>auris</strong></span> <span class='ocrx_word' id='word_1_40' title='bbox 1079 820 1244 862; x_wconf 86' lang='lat' dir='ltr'><strong>neve</strong></span> <span class='ocrx_word' id='word_1_41' title='bbox 1289 795 1539 862; x_wconf 85' lang='lat' dir='ltr'><strong>adulari</strong></span> <span class='ocrx_word' id='word_1_42' title='bbox 1580 818 1701 862; x_wconf 86' lang='lat' dir='ltr'><strong>nos</strong></span> <span class='ocrx_word' id='word_1_43' title='bbox 1744 795 2061 873; x_wconf 88' lang='lat' dir='ltr'><strong>sinamus,</strong></span> <span class='ocrx_word' id='word_1_44' title='bbox 2106 796 2175 861; x_wconf 89' lang='lat' dir='ltr'><strong>in</strong></span> <span class='ocrx_word' id='word_1_45' title='bbox 2210 817 2345 880; x_wconf 84' lang='lat' dir='ltr'><strong>quo.</strong></span> <span class='ocrx_word' id='word_1_46' title='bbox 2374 796 2511 862; x_wconf 86' lang='lat' dir='ltr'><strong>falli</strong></span> <span class='ocrx_word' id='word_1_47' title='bbox 2546 795 2748 862; x_wconf 86' lang='lat' dir='ltr'><strong>facile</strong></span> 
     </span>
     <span class='ocr_line' id='line_1_8' title="bbox 674 889 2747 974; baseline -0 -17"><span class='ocrx_word' id='word_1_48' title='bbox 674 903 796 957; x_wconf 89' lang='lat' dir='ltr'><strong>est:</strong></span> <span class='ocrx_word' id='word_1_49' title='bbox 845 891 989 958; x_wconf 87' lang='lat' dir='ltr'><strong>talis</strong></span> <span class='ocrx_word' id='word_1_50' title='bbox 1037 892 1208 958; x_wconf 88' lang='lat' dir='ltr'><strong>enim</strong></span> <span class='ocrx_word' id='word_1_51' title='bbox 1241 913 1360 956; x_wconf 88' lang='lat' dir='ltr'><strong>nos</strong></span> <span class='ocrx_word' id='word_1_52' title='bbox 1396 913 1536 956; x_wconf 87' lang='lat' dir='ltr'><strong>esse</strong></span> <span class='ocrx_word' id='word_1_53' title='bbox 1572 901 1906 974; x_wconf 87' lang='lat' dir='ltr'><strong>putamus,</strong></span> <span class='ocrx_word' id='word_1_54' title='bbox 1948 901 2024 955; x_wconf 90' lang='lat' dir='ltr'><strong>ut</strong></span> <span class='ocrx_word' id='word_1_55' title='bbox 2058 890 2196 956; x_wconf 87' lang='lat' dir='ltr'><strong>iure</strong></span> <span class='ocrx_word' id='word_1_56' title='bbox 2230 889 2597 968; x_wconf 87' lang='lat' dir='ltr'><strong>laudemur3</strong></span> <span class='ocrx_word' id='word_1_57' title='bbox 2658 915 2747 956; x_wconf 83' lang='lat' dir='ltr'><strong>ex</strong></span> 
     </span>
     <span class='ocr_line' id='line_1_9' title="bbox 619 977 2745 1070; baseline 0.001 -22"><span class='ocrx_word' id='word_1_58' title='bbox 619 977 624 986; x_wconf 67' lang='grc'><em>’</em></span> <span class='ocrx_word' id='word_1_59' title='bbox 673 1007 802 1069; x_wconf 91' lang='lat' dir='ltr'><strong>quo</strong></span> <span class='ocrx_word' id='word_1_60' title='bbox 845 995 1194 1051; x_wconf 87' lang='lat' dir='ltr'><strong>nascuntur</strong></span> <span class='ocrx_word' id='word_1_61' title='bbox 1237 984 1731 1050; x_wconf 77' lang='lat' dir='ltr'><strong>innumerabilia</strong></span> <span class='ocrx_word' id='word_1_62' title='bbox 1770 996 2067 1070; x_wconf 88' lang='lat' dir='ltr'><strong>peccata,</strong></span> <span class='ocrx_word' id='word_1_63' title='bbox 2114 1005 2263 1050; x_wconf 87' lang='lat' dir='ltr'><strong>cum</strong></span> <span class='ocrx_word' id='word_1_64' title='bbox 2310 984 2603 1050; x_wconf 86' lang='lat' dir='ltr'><strong>homines</strong></span> <span class='ocrx_word' id='word_1_65' title='bbox 2640 985 2745 1051; x_wconf 90' lang='lat' dir='ltr'><strong>in-</strong></span> 
     </span>
     <span class='ocr_line' id='line_1_10' title="bbox 673 1077 2751 1164; baseline 0 -20"><span class='ocrx_word' id='word_1_66' title='bbox 673 1079 808 1144; x_wconf 87' lang='lat' dir='ltr'><strong>flati</strong></span> <span class='ocrx_word' id='word_1_67' title='bbox 861 1078 1268 1164; x_wconf 78' lang='lat' dir='ltr'><strong>opinionibus</strong></span> <span class='ocrx_word' id='word_1_68' title='bbox 1323 1077 1594 1164; x_wconf 78' lang='lat' dir='ltr'><strong>turpiter</strong></span> <span class='ocrx_word' id='word_1_69' title='bbox 1635 1078 1993 1144; x_wconf 85' lang='lat' dir='ltr'><strong>inridentur</strong></span> <span class='ocrx_word' id='word_1_70' title='bbox 2036 1090 2101 1144; x_wconf 90' lang='lat' dir='ltr'><strong>et</strong></span> <span class='ocrx_word' id='word_1_71' title='bbox 2140 1078 2210 1144; x_wconf 91' lang='lat' dir='ltr'><strong>in</strong></span> <span class='ocrx_word' id='word_1_72' title='bbox 2253 1077 2547 1143; x_wconf 85' lang='lat' dir='ltr'><strong>maximis</strong></span> <span class='ocrx_word' id='word_1_73' title='bbox 2592 1103 2751 1144; x_wconf 88' lang='lat' dir='ltr'><strong>ver-</strong></span> 
     </span>
     <span class='ocr_line' id='line_1_11' title="bbox 587 1170 2745 1256; baseline -0.001 -16"><span class='ocrx_word' id='word_1_74' title='bbox 587 1201 639 1242; x_wconf 78' lang='lat'><strong>92</strong></span> <span class='ocrx_word' id='word_1_75' title='bbox 677 1184 898 1239; x_wconf 84' lang='lat' dir='ltr'><strong>santur</strong></span> <span class='ocrx_word' id='word_1_76' title='bbox 933 1172 1272 1238; x_wconf 86' lang='lat' dir='ltr'><strong>erroribus.</strong></span> <span class='ocrx_word' id='word_1_77' title='bbox 1363 1171 1476 1237; x_wconf 85' lang='lat' dir='ltr'><strong>sed</strong></span> <span class='ocrx_word' id='word_1_78' title='bbox 1519 1170 1682 1237; x_wconf 90' lang='lat' dir='ltr'><strong>haec</strong></span> <span class='ocrx_word' id='word_1_79' title='bbox 1716 1172 1978 1256; x_wconf 90' lang='lat' dir='ltr'><strong>quidem</strong></span> <span class='ocrx_word' id='word_1_80' title='bbox 2010 1172 2337 1238; x_wconf 88' lang='lat' dir='ltr'><strong>hactenus.</strong></span> <span class='ocrx_word' id='word_1_81' title='bbox 2425 1172 2587 1236; x_wconf 91' lang='lat' dir='ltr'><strong>illud</strong></span> <span class='ocrx_word' id='word_1_82' title='bbox 2619 1195 2745 1238; x_wconf 82' lang='lat' dir='ltr'><strong>au·-</strong></span> 
     </span>
     <span class='ocr_line' id='line_1_12' title="bbox 673 1265 2743 1352; baseline 0 -20"><span class='ocrx_word' id='word_1_83' title='bbox 673 1278 804 1332; x_wconf 87' lang='lat' dir='ltr'><strong>tem</strong></span> <span class='ocrx_word' id='word_1_84' title='bbox 857 1267 950 1330; x_wconf 86' lang='lat' dir='ltr'><strong>sic</strong></span> <span class='ocrx_word' id='word_1_85' title='bbox 1003 1278 1099 1330; x_wconf 87' lang='lat' dir='ltr'><strong>est</strong></span> <span class='ocrx_word' id='word_1_86' title='bbox 1149 1265 1593 1343; x_wconf 88' lang='lat' dir='ltr'><strong>iudicandum,</strong></span> <span class='ocrx_word' id='word_1_87' title='bbox 1645 1266 1961 1332; x_wconf 82' lang='lat' dir='ltr'><strong>maximas</strong></span> <span class='ocrx_word' id='word_1_88' title='bbox 2014 1266 2154 1352; x_wconf 89' lang='lat' dir='ltr'><strong>geri</strong></span> <span class='ocrx_word' id='word_1_89' title='bbox 2205 1287 2307 1330; x_wconf 89' lang='lat' dir='ltr'><strong>res</strong></span> <span class='ocrx_word' id='word_1_90' title='bbox 2362 1275 2427 1330; x_wconf 87' lang='lat' dir='ltr'><strong>et</strong></span> <span class='ocrx_word' id='word_1_91' title='bbox 2470 1266 2743 1332; x_wconf 83' lang='lat' dir='ltr'><strong>maximi</strong></span> 
     </span>
     <span class='ocr_line' id='line_1_13' title="bbox 674 1359 2741 1446; baseline 0 -22"><span class='ocrx_word' id='word_1_92' title='bbox 674 1359 872 1424; x_wconf 88' lang='lat' dir='ltr'><strong>animi</strong></span> <span class='ocrx_word' id='word_1_93' title='bbox 905 1360 1042 1425; x_wconf 89' lang='lat' dir='ltr'><strong>ab</strong></span> <span class='ocrx_word' id='word_1_94' title='bbox 1023 1360 1122 1437; x_wconf 69' lang='lat' dir='ltr'><strong>xie,</strong></span> <span class='ocrx_word' id='word_1_95' title='bbox 1162 1361 1274 1444; x_wconf 91' lang='lat' dir='ltr'><strong>qui</strong></span> <span class='ocrx_word' id='word_1_96' title='bbox 1307 1382 1410 1426; x_wconf 87' lang='lat' dir='ltr'><strong>res</strong></span> <span class='ocrx_word' id='word_1_97' title='bbox 1447 1360 1741 1446; x_wconf 88' lang='lat' dir='ltr'><strong>publicas</strong></span> <span class='ocrx_word' id='word_1_98' title='bbox 1775 1370 2022 1445; x_wconf 86' lang='lat' dir='ltr'><strong>regant,</strong></span> <span class='ocrx_word' id='word_1_99' title='bbox 2057 1359 2233 1444; x_wconf 89' lang='lat' dir='ltr'><strong>quod</strong></span> <span class='ocrx_word' id='word_1_100' title='bbox 2268 1381 2491 1424; x_wconf 86' lang='lat' dir='ltr'><strong>earum</strong></span> <span class='ocrx_word' id='word_1_101' title='bbox 2526 1361 2741 1424; x_wconf 86' lang='lat' dir='ltr'><strong>admi-</strong></span> 
     </span>
     <span class='ocr_line' id='line_1_14' title="bbox 673 1453 2740 1541; baseline 0.001 -23"><span class='ocrx_word' id='word_1_102' title='bbox 673 1454 988 1541; x_wconf 50' lang='lat' dir='ltr'><strong>nistratio,</strong></span> <span class='ocrx_word' id='word_1_103' title='bbox 1006 1453 1312 1520; x_wconf 87' lang='lat' dir='ltr'><strong>latissime</strong></span> <span class='ocrx_word' id='word_1_104' title='bbox 1357 1465 1576 1539; x_wconf 87' lang='lat' dir='ltr'><strong>pateat</strong></span> <span class='ocrx_word' id='word_1_105' title='bbox 1611 1455 1697 1519; x_wconf 90' lang='lat' dir='ltr'><strong>ad</strong></span> <span class='ocrx_word' id='word_1_106' title='bbox 1730 1454 2167 1538; x_wconf 86' lang='lat' dir='ltr'><strong>plurimosque</strong></span> <span class='ocrx_word' id='word_1_107' title='bbox 2202 1455 2547 1540; x_wconf 77' lang='lat' dir='ltr'><strong>pertineat,</strong></span> <span class='ocrx_word' id='word_1_108' title='bbox 2591 1477 2740 1520; x_wconf 88' lang='lat' dir='ltr'><strong>esse</strong></span> 
     </span>
     <span class='ocr_line' id='line_1_15' title="bbox 673 1547 2739 1634; baseline 0.001 -22"><span class='ocrx_word' id='word_1_109' title='bbox 673 1558 888 1614; x_wconf 86' lang='lat' dir='ltr'><strong>autem</strong></span> <span class='ocrx_word' id='word_1_110' title='bbox 919 1548 1142 1634; x_wconf 85' lang='lat' dir='ltr'><strong>magni</strong></span> <span class='ocrx_word' id='word_1_111' title='bbox 1175 1548 1373 1614; x_wconf 85' lang='lat' dir='ltr'><strong>animi</strong></span> <span class='ocrx_word' id='word_1_112' title='bbox 1409 1558 1474 1614; x_wconf 88' lang='lat' dir='ltr'><strong>et</strong></span> <span class='ocrx_word' id='word_1_113' title='bbox 1505 1547 1707 1614; x_wconf 79' lang='lat' dir='ltr'><strong>fuisse</strong></span> <span class='ocrx_word' id='word_1_114' title='bbox 1741 1549 1977 1614; x_wconf 85' lang='lat' dir='ltr'><strong>multos</strong></span> <span class='ocrx_word' id='word_1_115' title='bbox 2012 1548 2205 1614; x_wconf 87' lang='lat' dir='ltr'><strong>etiam</strong></span> <span class='ocrx_word' id='word_1_116' title='bbox 2238 1549 2306 1612; x_wconf 89' lang='lat' dir='ltr'><strong>in</strong></span> <span class='ocrx_word' id='word_1_117' title='bbox 2340 1549 2473 1614; x_wconf 84' lang='lat' dir='ltr'><strong>vita</strong></span> <span class='ocrx_word' id='word_1_118' title='bbox 2508 1549 2739 1626; x_wconf 88' lang='lat' dir='ltr'><strong>otiosa,</strong></span> 
     </span>
     <span class='ocr_line' id='line_1_16' title="bbox 675 1642 2745 1728; baseline 0 -20"><span class='ocrx_word' id='word_1_119' title='bbox 675 1643 790 1726; x_wconf 88' lang='lat' dir='ltr'><strong>qui</strong></span> <span class='ocrx_word' id='word_1_120' title='bbox 841 1653 954 1708; x_wconf 86' lang='lat' dir='ltr'><strong>aut</strong></span> <span class='ocrx_word' id='word_1_121' title='bbox 1003 1642 1462 1728; x_wconf 83' lang='lat' dir='ltr'><strong>investigarent</strong></span> <span class='ocrx_word' id='word_1_122' title='bbox 1515 1654 1630 1708; x_wconf 85' lang='lat' dir='ltr'><strong>aut</strong></span> <span class='ocrx_word' id='word_1_123' title='bbox 1684 1653 2067 1710; x_wconf 77' lang='lat' dir='ltr'><strong>conarentur</strong></span> <span class='ocrx_word' id='word_1_124' title='bbox 2126 1665 2364 1728; x_wconf 86' lang='lat' dir='ltr'><strong>magna</strong></span> <span class='ocrx_word' id='word_1_125' title='bbox 2416 1643 2745 1726; x_wconf 81' lang='lat' dir='ltr'><strong>quaedam</strong></span> 
     </span>
     <span class='ocr_line' id='line_1_17' title="bbox 676 1737 2840 1821; baseline 0 -20"><span class='ocrx_word' id='word_1_126' title='bbox 676 1757 944 1821; x_wconf 85' lang='lat' dir='ltr'><strong>seseque</strong></span> <span class='ocrx_word' id='word_1_127' title='bbox 987 1759 1249 1803; x_wconf 87' lang='lat' dir='ltr'><strong>suarum</strong></span> <span class='ocrx_word' id='word_1_128' title='bbox 1293 1759 1510 1806; x_wconf 83' lang='lat' dir='ltr'><strong>rerum</strong></span> <span class='ocrx_word' id='word_1_129' title='bbox 1554 1737 1791 1804; x_wconf 87' lang='lat' dir='ltr'><strong>finibus</strong></span> <span class='ocrx_word' id='word_1_130' title='bbox 1836 1737 2231 1802; x_wconf 84' lang='lat' dir='ltr'><strong>continerent</strong></span> <span class='ocrx_word' id='word_1_131' title='bbox 2278 1747 2391 1802; x_wconf 89' lang='lat' dir='ltr'><strong>aut</strong></span> <span class='ocrx_word' id='word_1_132' title='bbox 2423 1737 2745 1802; x_wconf 87' lang='lat' dir='ltr'><strong>interiecti</strong></span> <span class='ocrx_word' id='word_1_133' title='bbox 2834 1741 2840 1746; x_wconf 80' lang='grc'><strong>’</strong></span> 
     </span>
     <span class='ocr_line' id='line_1_18' title="bbox 672 1829 2743 1917; baseline 0.001 -23"><span class='ocrx_word' id='word_1_134' title='bbox 672 1830 838 1895; x_wconf 87' lang='lat' dir='ltr'><strong>inter</strong></span> <span class='ocrx_word' id='word_1_135' title='bbox 880 1829 1295 1917; x_wconf 87' lang='lat' dir='ltr'><strong>philosophos</strong></span> <span class='ocrx_word' id='word_1_136' title='bbox 1340 1842 1410 1900; x_wconf 86' lang='lat' dir='ltr'><strong>et</strong></span> <span class='ocrx_word' id='word_1_137' title='bbox 1455 1853 1596 1908; x_wconf 89' lang='lat' dir='ltr'><strong>eos,</strong></span> <span class='ocrx_word' id='word_1_138' title='bbox 1635 1832 1751 1916; x_wconf 82' lang='lat' dir='ltr'><strong>qui</strong></span> <span class='ocrx_word' id='word_1_139' title='bbox 1794 1853 1931 1900; x_wconf 86' lang='lat' dir='ltr'><strong>rem</strong></span> <span class='ocrx_word' id='word_1_140' title='bbox 1973 1831 2299 1916; x_wconf 88' lang='lat' dir='ltr'><strong>public-am</strong></span> <span class='ocrx_word' id='word_1_141' title='bbox 2334 1830 2743 1896; x_wconf 83' lang='lat' dir='ltr'><strong>administra-</strong></span> 
     </span>
     <span class='ocr_line' id='line_1_19' title="bbox 672 1924 2745 2008; baseline 0.001 -20"><span class='ocrx_word' id='word_1_142' title='bbox 672 1935 842 2001; x_wconf 87' lang='lat' dir='ltr'><strong>rent,</strong></span> <span class='ocrx_word' id='word_1_143' title='bbox 899 1925 1366 1994; x_wconf 79' lang='lat' dir='ltr'><strong>delectarentur</strong></span> <span class='ocrx_word' id='word_1_144' title='bbox 1419 1949 1490 1991; x_wconf 88' lang='lat' dir='ltr'><strong>re</strong></span> <span class='ocrx_word' id='word_1_145' title='bbox 1540 1948 1663 1990; x_wconf 85' lang='lat' dir='ltr'><strong>sua</strong></span> <span class='ocrx_word' id='word_1_146' title='bbox 1710 1924 2041 2001; x_wconf 75' lang='lat' dir='ltr'><strong>familiari,</strong></span> <span class='ocrx_word' id='word_1_147' title='bbox 2094 1947 2225 1990; x_wconf 89' lang='lat' dir='ltr'><strong>non</strong></span> <span class='ocrx_word' id='word_1_148' title='bbox 2278 1947 2423 1990; x_wconf 86' lang='lat' dir='ltr'><strong>eam</strong></span> <span class='ocrx_word' id='word_1_149' title='bbox 2475 1925 2745 2008; x_wconf 87' lang='lat' dir='ltr'><strong>quidem</strong></span> 
     </span>
     <span class='ocr_line' id='line_1_20' title="bbox 675 2019 2739 2110; baseline 0.001 -29"><span class='ocrx_word' id='word_1_150' title='bbox 675 2019 850 2084; x_wconf 86' lang='lat' dir='ltr'><strong>omni</strong></span> <span class='ocrx_word' id='word_1_151' title='bbox 909 2019 1156 2084; x_wconf 86' lang='lat' dir='ltr'><strong>ratione</strong></span> <span class='ocrx_word' id='word_1_152' title='bbox 1206 2029 1679 2104; x_wconf 72' lang='lat' dir='ltr'><strong>exaggerantes</strong></span> <span class='ocrx_word' id='word_1_153' title='bbox 1728 2040 1940 2110; x_wconf 88' lang='lat' dir='ltr'><strong>neque</strong></span> <span class='ocrx_word' id='word_1_154' title='bbox 1992 2019 2405 2084; x_wconf 86' lang='lat' dir='ltr'><strong>excludentes</strong></span> <span class='ocrx_word' id='word_1_155' title='bbox 2458 2019 2540 2082; x_wconf 90' lang='lat' dir='ltr'><strong>ab</strong></span> <span class='ocrx_word' id='word_1_156' title='bbox 2596 2019 2739 2084; x_wconf 87' lang='lat' dir='ltr'><strong>eius</strong></span> 
     </span>
     <span class='ocr_line' id='line_1_21' title="bbox 673 2113 2741 2201; baseline -0.001 -21"><span class='ocrx_word' id='word_1_157' title='bbox 673 2137 798 2180; x_wconf 84' lang='lat' dir='ltr'><strong>usu</strong></span> <span class='ocrx_word' id='word_1_158' title='bbox 835 2137 984 2180; x_wconf 87' lang='lat' dir='ltr'><strong>suos</strong></span> <span class='ocrx_word' id='word_1_159' title='bbox 1020 2115 1362 2201; x_wconf 88' lang='lat' dir='ltr'><strong>potiusque</strong></span> <span class='ocrx_word' id='word_1_160' title='bbox 1392 2125 1464 2181; x_wconf 88' lang='lat' dir='ltr'><strong>et</strong></span> <span class='ocrx_word' id='word_1_161' title='bbox 1495 2115 1719 2180; x_wconf 86' lang='lat' dir='ltr'><strong>amicis</strong></span> <span class='ocrx_word' id='word_1_162' title='bbox 1754 2113 2167 2199; x_wconf 87' lang='lat' dir='ltr'><strong>inpertientes</strong></span> <span class='ocrx_word' id='word_1_163' title='bbox 2206 2123 2273 2179; x_wconf 89' lang='lat' dir='ltr'><strong>et</strong></span> <span class='ocrx_word' id='word_1_164' title='bbox 2296 2114 2392 2178; x_wconf 84' lang='lat' dir='ltr'><strong>rei</strong></span> <span class='ocrx_word' id='word_1_165' title='bbox 2415 2113 2741 2199; x_wconf 87' lang='lat' dir='ltr'><strong>publicae,-</strong></span> 
     </span>
     <span class='ocr_line' id='line_1_22' title="bbox 673 2208 2739 2295; baseline -0.001 -21"><span class='ocrx_word' id='word_1_166' title='bbox 673 2209 728 2274; x_wconf 86' lang='lat' dir='ltr'><strong>si</strong></span> <span class='ocrx_word' id='word_1_167' title='bbox 763 2209 1020 2294; x_wconf 89' lang='lat' dir='ltr'><strong>quando</strong></span> <span class='ocrx_word' id='word_1_168' title='bbox 1057 2231 1212 2274; x_wconf 87' lang='lat' dir='ltr'><strong>usus</strong></span> <span class='ocrx_word' id='word_1_169' title='bbox 1249 2220 1431 2274; x_wconf 88' lang='lat' dir='ltr'><strong>esset.</strong></span> <span class='ocrx_word' id='word_1_170' title='bbox 1503 2231 1671 2293; x_wconf 85' lang='lat' dir='ltr'><strong>quae</strong></span> <span class='ocrx_word' id='word_1_171' title='bbox 1705 2209 1987 2295; x_wconf 86' lang='lat' dir='ltr'><strong>primum</strong></span> <span class='ocrx_word' id='word_1_172' title='bbox 2019 2208 2185 2276; x_wconf 89' lang='lat' dir='ltr'><strong>bene</strong></span> <span class='ocrx_word' id='word_1_173' title='bbox 2220 2219 2407 2294; x_wconf 84' lang='lat' dir='ltr'><strong>parta</strong></span> <span class='ocrx_word' id='word_1_174' title='bbox 2440 2209 2523 2272; x_wconf 85' lang='lat' dir='ltr'><strong>sit</strong></span> <span class='ocrx_word' id='word_1_175' title='bbox 2552 2209 2739 2272; x_wconf 88' lang='lat' dir='ltr'><strong>nullo</strong></span> 
     </span>
     <span class='ocr_line' id='line_1_23' title="bbox 671 2302 2741 2388; baseline -0.001 -20"><span class='ocrx_word' id='word_1_176' title='bbox 671 2322 882 2386; x_wconf 77' lang='lat' dir='ltr'><strong>neque</strong></span> <span class='ocrx_word' id='word_1_177' title='bbox 950 2303 1123 2388; x_wconf 85' lang='lat' dir='ltr'><strong>turpi</strong></span> <span class='ocrx_word' id='word_1_178' title='bbox 1189 2313 1462 2387; x_wconf 85' lang='lat' dir='ltr'><strong>quaestu</strong></span> <span class='ocrx_word' id='word_1_179' title='bbox 1523 2323 1733 2386; x_wconf 88' lang='lat' dir='ltr'><strong>neque</strong></span> <span class='ocrx_word' id='word_1_180' title='bbox 1798 2302 2046 2380; x_wconf 86' lang='lat' dir='ltr'><strong>odi0s0‚</strong></span> <span class='ocrx_word' id='word_1_181' title='bbox 2118 2303 2351 2370; x_wconf 87' lang='lat' dir='ltr'><strong>deinde</strong></span> <span class='ocrx_word' id='word_1_182' title='bbox 2420 2313 2741 2388; x_wconf 83' lang='lat' dir='ltr'><strong>augeatur</strong></span> 
     </span>
     <span class='ocr_line' id='line_1_24' title="bbox 671 2396 2751 2486; baseline 0.001 -26"><span class='ocrx_word' id='word_1_183' title='bbox 671 2397 938 2473; x_wconf 86' lang='lat' dir='ltr'><strong>ratione,</strong></span> <span class='ocrx_word' id='word_1_184' title='bbox 975 2397 1325 2481; x_wconf 85' lang='lat' dir='ltr'><strong>diligentia,</strong></span> <span class='ocrx_word' id='word_1_185' title='bbox 1360 2396 1769 2482; x_wconf 86' lang='lat' dir='ltr'><strong>parsimonia,</strong></span> <span class='ocrx_word' id='word_1_186' title='bbox 1806 2408 1943 2462; x_wconf 89' lang='lat' dir='ltr'><strong>tum</strong></span> <span class='ocrx_word' id='word_1_187' title='bbox 1970 2419 2167 2481; x_wconf 82' lang='lat' dir='ltr'><strong>quam</strong></span> <span class='ocrx_word' id='word_1_188' title='bbox 2190 2397 2505 2483; x_wconf 85' lang='lat' dir='ltr'><strong>plurimis,</strong></span> <span class='ocrx_word' id='word_1_189' title='bbox 2538 2397 2751 2486; x_wconf 26' lang='lat' dir='ltr'><strong>modo·</strong></span> 
     </span>
     <span class='ocr_line' id='line_1_25' title="bbox 675 2488 2737 2577; baseline 0.001 -23"><span class='ocrx_word' id='word_1_190' title='bbox 675 2488 916 2574; x_wconf 82' lang='lat' dir='ltr'><strong>dignis,</strong></span> <span class='ocrx_word' id='word_1_191' title='bbox 963 2513 1032 2556; x_wconf 86' lang='lat' dir='ltr'><strong>se</strong></span> <span class='ocrx_word' id='word_1_192' title='bbox 1067 2491 1290 2556; x_wconf 89' lang='lat' dir='ltr'><strong>utilem</strong></span> <span class='ocrx_word' id='word_1_193' title='bbox 1322 2492 1661 2576; x_wconf 83' lang='lat' dir='ltr'><strong>praebeat,</strong></span> <span class='ocrx_word' id='word_1_194' title='bbox 1698 2513 1826 2556; x_wconf 85' lang='lat' dir='ltr'><strong>nec</strong></span> <span class='ocrx_word' id='word_1_195' title='bbox 1856 2491 2130 2556; x_wconf 83' lang='lat' dir='ltr'><strong>lubidini</strong></span> <span class='ocrx_word' id='word_1_196' title='bbox 2164 2490 2376 2577; x_wconf 86' lang='lat' dir='ltr'><strong>potius</strong></span> <span class='ocrx_word' id='word_1_197' title='bbox 2409 2491 2737 2556; x_wconf 63' lang='lat' dir='ltr'><strong>‚luxuriae-</strong></span> 
     </span>
     <span class='ocr_line' id='line_1_26' title="bbox 675 2584 2737 2670; baseline 0.001 -22"><span class='ocrx_word' id='word_1_198' title='bbox 675 2605 800 2668; x_wconf 91' lang='lat' dir='ltr'><strong>que</strong></span> <span class='ocrx_word' id='word_1_199' title='bbox 837 2605 1032 2667; x_wconf 86' lang='lat' dir='ltr'><strong>quam</strong></span> <span class='ocrx_word' id='word_1_200' title='bbox 1067 2584 1434 2650; x_wconf 85' lang='lat' dir='ltr'><strong>liberalitati</strong></span> <span class='ocrx_word' id='word_1_201' title='bbox 1467 2596 1532 2652; x_wconf 88' lang='lat' dir='ltr'><strong>et</strong></span> <span class='ocrx_word' id='word_1_202' title='bbox 1565 2585 2023 2652; x_wconf 81' lang='lat' dir='ltr'><strong>beneficentiae</strong></span> <span class='ocrx_word' id='word_1_203' title='bbox 2058 2596 2299 2670; x_wconf 85' lang='lat' dir='ltr'><strong>pareat.</strong></span> <span class='ocrx_word' id='word_1_204' title='bbox 2360 2585 2521 2650; x_wconf 89' lang='lat' dir='ltr'><strong>haee</strong></span> <span class='ocrx_word' id='word_1_205' title='bbox 2546 2607 2737 2670; x_wconf 62' lang='lat' dir='ltr'><strong>prae-s</strong></span> 
     </span>
     <span class='ocr_line' id='line_1_27' title="bbox 674 2678 2737 2766; baseline 0.001 -23"><span class='ocrx_word' id='word_1_206' title='bbox 674 2678 908 2763; x_wconf 86' lang='lat' dir='ltr'><strong>scripta</strong></span> <span class='ocrx_word' id='word_1_207' title='bbox 959 2689 1320 2745; x_wconf 85' lang='lat' dir='ltr'><strong>servantem</strong></span> <span class='ocrx_word' id='word_1_208' title='bbox 1367 2679 1520 2745; x_wconf 87' lang='lat' dir='ltr'><strong>licet</strong></span> <span class='ocrx_word' id='word_1_209' title='bbox 1569 2680 1939 2766; x_wconf 88' lang='lat' dir='ltr'><strong>magnifice,</strong></span> <span class='ocrx_word' id='word_1_210' title='bbox 1994 2680 2275 2765; x_wconf 85' lang='lat' dir='ltr'><strong>graviter</strong></span> <span class='ocrx_word' id='word_1_211' title='bbox 2319 2681 2737 2763; x_wconf 87' lang='lat' dir='ltr'><strong>animoseque</strong></span> 
     </span>
     <span class='ocr_line' id='line_1_28' title="bbox 673 2773 2735 2860; baseline 0 -23"><span class='ocrx_word' id='word_1_212' title='bbox 673 2773 888 2838; x_wconf 84' lang='lat' dir='ltr'><strong>vivere</strong></span> <span class='ocrx_word' id='word_1_213' title='bbox 924 2784 1116 2858; x_wconf 87' lang='lat' dir='ltr'><strong>atque</strong></span> <span class='ocrx_word' id='word_1_214' title='bbox 1152 2773 1344 2838; x_wconf 86' lang='lat' dir='ltr'><strong>etiam</strong></span> <span class='ocrx_word' id='word_1_215' title='bbox 1379 2773 1769 2860; x_wconf 84' lang='lat' dir='ltr'><strong>simpliciter,</strong></span> <span class='ocrx_word' id='word_1_216' title='bbox 1806 2775 2105 2850; x_wconf 88' lang='lat' dir='ltr'><strong>fideliter,</strong></span> <span class='ocrx_word' id='word_1_217' title='bbox 2139 2778 2175 2856; x_wconf 87' lang='lat'>†</span> <span class='ocrx_word' id='word_1_218' title='bbox 2210 2797 2361 2840; x_wconf 81' lang='lat' dir='ltr'><strong>vere</strong></span> <span class='ocrx_word' id='word_1_219' title='bbox 2398 2775 2735 2839; x_wconf 85' lang='lat' dir='ltr'><strong>hominum</strong></span> 
     </span>
     <span class='ocr_line' id='line_1_29' title="bbox 673 2889 898 2934; baseline 0.009 -2"><span class='ocrx_word' id='word_1_220' title='bbox 673 2889 898 2934; x_wconf 69' lang='lat' dir='ltr'><strong>atmce·</strong></span> 
     </span>
    </p>

    <p class='ocr_par' dir='ltr' id='par_1_3' title="bbox 585 2961 2736 3614">
     <span class='ocr_line' id='line_1_30' title="bbox 803 2961 2736 3048; baseline 0.001 -20"><span class='ocrx_word' id='word_1_221' title='bbox 803 2961 1111 3046; x_wconf 85' lang='lat' dir='ltr'><strong>Sequitur</strong></span> <span class='ocrx_word' id='word_1_222' title='bbox 1151 2973 1224 3027; x_wconf 90' lang='lat' dir='ltr'><strong>ut</strong></span> <span class='ocrx_word' id='word_1_223' title='bbox 1268 2964 1348 3029; x_wconf 91' lang='lat' dir='ltr'><strong>de</strong></span> <span class='ocrx_word' id='word_1_224' title='bbox 1395 2987 1526 3028; x_wconf 90' lang='lat' dir='ltr'><strong>una</strong></span> <span class='ocrx_word' id='word_1_225' title='bbox 1577 2965 1826 3048; x_wconf 91' lang='lat' dir='ltr'><strong>reliqua</strong></span> <span class='ocrx_word' id='word_1_226' title='bbox 1876 2975 2057 3048; x_wconf 84' lang='lat' dir='ltr'><strong>parte</strong></span> <span class='ocrx_word' id='word_1_227' title='bbox 2112 2963 2461 3030; x_wconf 85' lang='lat' dir='ltr'><strong>honestatis</strong></span> <span class='ocrx_word' id='word_1_228' title='bbox 2514 2964 2736 3030; x_wconf 88' lang='lat' dir='ltr'><strong>dicen-</strong></span> 
     </span>
     <span class='ocr_line' id='line_1_31' title="bbox 675 3055 2735 3142; baseline 0.002 -22"><span class='ocrx_word' id='word_1_229' title='bbox 675 3055 830 3121; x_wconf 88' lang='lat' dir='ltr'><strong>dum</strong></span> <span class='ocrx_word' id='word_1_230' title='bbox 882 3056 994 3132; x_wconf 90' lang='lat' dir='ltr'><strong>sit,</strong></span> <span class='ocrx_word' id='word_1_231' title='bbox 1055 3057 1124 3120; x_wconf 86' lang='lat' dir='ltr'><strong>in</strong></span> <span class='ocrx_word' id='word_1_232' title='bbox 1173 3078 1306 3141; x_wconf 88' lang='lat' dir='ltr'><strong>qua</strong></span> <span class='ocrx_word' id='word_1_233' title='bbox 1356 3058 1745 3124; x_wconf 87' lang='lat' dir='ltr'><strong>verecundia</strong></span> <span class='ocrx_word' id='word_1_234' title='bbox 1800 3069 1867 3123; x_wconf 90' lang='lat' dir='ltr'><strong>et</strong></span> <span class='ocrx_word' id='word_1_235' title='bbox 1918 3056 2101 3142; x_wconf 86' lang='lat' dir='ltr'><strong>quasi</strong></span> <span class='ocrx_word' id='word_1_236' title='bbox 2148 3057 2415 3140; x_wconf 85' lang='lat' dir='ltr'><strong>quidam</strong></span> <span class='ocrx_word' id='word_1_237' title='bbox 2468 3069 2735 3124; x_wconf 86' lang='lat' dir='ltr'><strong>ornatus</strong></span> 
     </span>
     <span class='ocr_line' id='line_1_32' title="bbox 673 3150 2734 3237; baseline 0.001 -23"><span class='ocrx_word' id='word_1_238' title='bbox 673 3150 873 3228; x_wconf 87' lang='lat' dir='ltr'><strong>vitae,</strong></span> <span class='ocrx_word' id='word_1_239' title='bbox 919 3152 1338 3236; x_wconf 83' lang='lat' dir='ltr'><strong>temperantia</strong></span> <span class='ocrx_word' id='word_1_240' title='bbox 1385 3162 1452 3216; x_wconf 91' lang='lat' dir='ltr'><strong>et</strong></span> <span class='ocrx_word' id='word_1_241' title='bbox 1483 3152 1799 3218; x_wconf 80' lang='lat' dir='ltr'><strong>modestia</strong></span> <span class='ocrx_word' id='word_1_242' title='bbox 1834 3153 2167 3236; x_wconf 87' lang='lat' dir='ltr'><strong>omnisque</strong></span> <span class='ocrx_word' id='word_1_243' title='bbox 2200 3151 2445 3228; x_wconf 83' lang='lat' dir='ltr'><strong>sedatio</strong></span> <span class='ocrx_word' id='word_1_244' title='bbox 2480 3163 2734 3237; x_wconf 88' lang='lat' dir='ltr'><strong>pertur-</strong></span> 
     </span>
     <span class='ocr_line' id='line_1_33' title="bbox 658 3243 2735 3327; baseline 0.002 -19"><span class='ocrx_word' id='word_1_245' title='bbox 658 3243 1006 3311; x_wconf 83' lang='lat' dir='ltr'><strong>bationum</strong></span> <span class='ocrx_word' id='word_1_246' title='bbox 1073 3246 1270 3323; x_wconf 82' lang='lat' dir='ltr'><strong>animi</strong></span> <span class='ocrx_word' id='word_1_247' title='bbox 1339 3257 1404 3312; x_wconf 89' lang='lat' dir='ltr'><strong>et</strong></span> <span class='ocrx_word' id='word_1_248' title='bbox 1463 3269 1682 3327; x_wconf 79' lang='lat' dir='ltr'><strong>rerum</strong></span> <span class='ocrx_word' id='word_1_249' title='bbox 1738 3247 1965 3310; x_wconf 88' lang='lat' dir='ltr'><strong>modus</strong></span> <span class='ocrx_word' id='word_1_250' title='bbox 2028 3245 2323 3310; x_wconf 84' lang='lat' dir='ltr'><strong>cernitur.</strong></span> <span class='ocrx_word' id='word_1_251' title='bbox 2410 3246 2537 3310; x_wconf 88' lang='lat' dir='ltr'><strong>hoc</strong></span> <span class='ocrx_word' id='word_1_252' title='bbox 2587 3246 2735 3312; x_wconf 89' lang='lat' dir='ltr'><strong>loco</strong></span> 
     </span>
     <span class='ocr_line' id='line_1_34' title="bbox 673 3338 2733 3425; baseline 0.003 -23"><span class='ocrx_word' id='word_1_253' title='bbox 673 3339 1032 3406; x_wconf 87' lang='lat' dir='ltr'><strong>continetur</strong></span> <span class='ocrx_word' id='word_1_254' title='bbox 1064 3340 1154 3417; x_wconf 89' lang='lat' dir='ltr'><strong>id,</strong></span> <span class='ocrx_word' id='word_1_255' title='bbox 1192 3341 1369 3424; x_wconf 89' lang='lat' dir='ltr'><strong>quod</strong></span> <span class='ocrx_word' id='word_1_256' title='bbox 1405 3341 1532 3406; x_wconf 91' lang='lat' dir='ltr'><strong>dici</strong></span> <span class='ocrx_word' id='word_1_257' title='bbox 1571 3341 1809 3406; x_wconf 87' lang='lat' dir='ltr'><strong>Latine</strong></span> <span class='ocrx_word' id='word_1_258' title='bbox 1844 3341 2145 3406; x_wconf 87' lang='lat' dir='ltr'><strong>decorum</strong></span> <span class='ocrx_word' id='word_1_259' title='bbox 2181 3350 2419 3425; x_wconf 78' lang='lat' dir='ltr'><strong>potest3</strong></span> <span class='ocrx_word' id='word_1_260' title='bbox 2478 3338 2733 3408; x_wconf 81' lang='lat' dir='ltr'><strong>Graece</strong></span> 
     </span>
     <span class='ocr_line' id='line_1_35' title="bbox 673 3433 2729 3518; baseline 0 -20"><span class='ocrx_word' id='word_1_261' title='bbox 673 3433 842 3500; x_wconf 83' lang='lat' dir='ltr'><strong>enim</strong></span> <span class='ocrx_word' id='word_1_262' title='bbox 877 3439 1138 3518; x_wconf 79' lang='grc' dir='ltr'><strong><em>πρέπον</em></strong></span> <span class='ocrx_word' id='word_1_263' title='bbox 1175 3435 1431 3505; x_wconf 83' lang='lat' dir='ltr'><strong>dicitur:</strong></span> <span class='ocrx_word' id='word_1_264' title='bbox 1469 3435 1661 3500; x_wconf 91' lang='lat' dir='ltr'><strong>huius</strong></span> <span class='ocrx_word' id='word_1_265' title='bbox 1698 3435 1793 3500; x_wconf 89' lang='lat' dir='ltr'><strong>vis</strong></span> <span class='ocrx_word' id='word_1_266' title='bbox 1830 3458 1908 3500; x_wconf 90' lang='lat' dir='ltr'><strong>ea</strong></span> <span class='ocrx_word' id='word_1_267' title='bbox 1942 3446 2057 3512; x_wconf 84' lang='lat' dir='ltr'><strong>est,</strong></span> <span class='ocrx_word' id='word_1_268' title='bbox 2094 3446 2166 3500; x_wconf 90' lang='lat' dir='ltr'><strong>ut</strong></span> <span class='ocrx_word' id='word_1_269' title='bbox 2193 3435 2277 3500; x_wconf 90' lang='lat' dir='ltr'><strong>ab</strong></span> <span class='ocrx_word' id='word_1_270' title='bbox 2302 3435 2570 3500; x_wconf 87' lang='lat' dir='ltr'><strong>honesto</strong></span> <span class='ocrx_word' id='word_1_271' title='bbox 2596 3456 2729 3498; x_wconf 90' lang='lat' dir='ltr'><strong>non</strong></span> 
     </span>
     <span class='ocr_line' id='line_1_36' title="bbox 585 3530 2731 3614; baseline 0.002 -24"><span class='ocrx_word' id='word_1_272' title='bbox 585 3550 640 3592; x_wconf 71' lang='lat'><strong>94</strong></span> <span class='ocrx_word' id='word_1_273' title='bbox 671 3540 868 3613; x_wconf 85' lang='lat' dir='ltr'><strong>queat</strong></span> <span class='ocrx_word' id='word_1_274' title='bbox 929 3530 1230 3614; x_wconf 83' lang='lat' dir='ltr'><strong>separari.</strong></span> <span class='ocrx_word' id='word_1_275' title='bbox 1319 3553 1470 3594; x_wconf 88' lang='lat' dir='ltr'><strong>nam</strong></span> <span class='ocrx_word' id='word_1_276' title='bbox 1533 3541 1596 3594; x_wconf 89' lang='lat' dir='ltr'><strong>et</strong></span> <span class='ocrx_word' id='word_1_277' title='bbox 1658 3531 1831 3613; x_wconf 90' lang='lat' dir='ltr'><strong>quod</strong></span> <span class='ocrx_word' id='word_1_278' title='bbox 1892 3531 2075 3597; x_wconf 92' lang='lat' dir='ltr'><strong>decet</strong></span> <span class='ocrx_word' id='word_1_279' title='bbox 2122 3530 2465 3596; x_wconf 85' lang='lat' dir='ltr'><strong>honestum</strong></span> <span class='ocrx_word' id='word_1_280' title='bbox 2518 3539 2611 3596; x_wconf 86' lang='lat' dir='ltr'><strong>est</strong></span> <span class='ocrx_word' id='word_1_281' title='bbox 2660 3539 2731 3594; x_wconf 85' lang='lat' dir='ltr'><strong>et</strong></span> 
     </span>
    </p>

    <p class='ocr_par' dir='ltr' id='par_1_4' title="bbox 669 3623 2829 4084">
     <span class='ocr_line' id='line_1_37' title="bbox 671 3623 2733 3709; baseline 0 -21"><span class='ocrx_word' id='word_1_282' title='bbox 671 3623 847 3706; x_wconf 91' lang='lat' dir='ltr'><strong>quod</strong></span> <span class='ocrx_word' id='word_1_283' title='bbox 899 3623 1234 3690; x_wconf 87' lang='lat' dir='ltr'><strong>honestum</strong></span> <span class='ocrx_word' id='word_1_284' title='bbox 1293 3635 1390 3690; x_wconf 89' lang='lat' dir='ltr'><strong>est</strong></span> <span class='ocrx_word' id='word_1_285' title='bbox 1439 3624 1652 3690; x_wconf 85' lang='lat' dir='ltr'><strong>decet:</strong></span> <span class='ocrx_word' id='word_1_286' title='bbox 1708 3625 1919 3709; x_wconf 87' lang='lat' dir='ltr'><strong>qualis</strong></span> <span class='ocrx_word' id='word_1_287' title='bbox 1968 3637 2183 3691; x_wconf 86' lang='lat' dir='ltr'><strong>autem</strong></span> <span class='ocrx_word' id='word_1_288' title='bbox 2237 3624 2597 3691; x_wconf 84' lang='lat' dir='ltr'><strong>differentia</strong></span> <span class='ocrx_word' id='word_1_289' title='bbox 2645 3624 2733 3688; x_wconf 85' lang='lat' dir='ltr'><strong>sit</strong></span> 
     </span>
     <span class='ocr_line' id='line_1_38' title="bbox 672 3717 2829 3806; baseline 0.002 -26"><span class='ocrx_word' id='word_1_290' title='bbox 672 3717 926 3784; x_wconf 85' lang='lat' dir='ltr'><strong>honesti</strong></span> <span class='ocrx_word' id='word_1_291' title='bbox 959 3729 1024 3784; x_wconf 86' lang='lat' dir='ltr'><strong>et</strong></span> <span class='ocrx_word' id='word_1_292' title='bbox 1059 3719 1294 3794; x_wconf 88' lang='lat' dir='ltr'><strong>decori,</strong></span> <span class='ocrx_word' id='word_1_293' title='bbox 1331 3719 1581 3786; x_wconf 87' lang='lat' dir='ltr'><strong>facilius</strong></span> <span class='ocrx_word' id='word_1_294' title='bbox 1607 3719 1894 3806; x_wconf 77' lang='lat' dir='ltr'><strong>intellegi</strong></span> <span class='ocrx_word' id='word_1_295' title='bbox 1920 3741 2117 3802; x_wconf 87' lang='lat' dir='ltr'><strong>quam</strong></span> <span class='ocrx_word' id='word_1_296' title='bbox 2142 3719 2472 3805; x_wconf 85' lang='lat' dir='ltr'><strong>explanari</strong></span> <span class='ocrx_word' id='word_1_297' title='bbox 2499 3729 2733 3806; x_wconf 82' lang='lat' dir='ltr'><strong>potest.</strong></span> <span class='ocrx_word' id='word_1_298' title='bbox 2810 3725 2829 3730; x_wconf 81' lang='grc'><em>“</em></span> 
     </span>
     <span class='ocr_line' id='line_1_39' title="bbox 673 3813 2733 3901; baseline 0.002 -23"><span class='ocrx_word' id='word_1_299' title='bbox 673 3813 983 3898; x_wconf 87' lang='lat' dir='ltr'><strong>quicquid</strong></span> <span class='ocrx_word' id='word_1_300' title='bbox 1033 3825 1132 3880; x_wconf 88' lang='lat' dir='ltr'><strong>est</strong></span> <span class='ocrx_word' id='word_1_301' title='bbox 1183 3813 1358 3880; x_wconf 86' lang='lat' dir='ltr'><strong>enim</strong></span> <span class='ocrx_word' id='word_1_302' title='bbox 1405 3815 1581 3898; x_wconf 89' lang='lat' dir='ltr'><strong>quod</strong></span> <span class='ocrx_word' id='word_1_303' title='bbox 1627 3815 1882 3890; x_wconf 90' lang='lat' dir='ltr'><strong>deceat,</strong></span> <span class='ocrx_word' id='word_1_304' title='bbox 1936 3815 2003 3878; x_wconf 89' lang='lat' dir='ltr'><strong>id</strong></span> <span class='ocrx_word' id='word_1_305' title='bbox 2046 3825 2191 3880; x_wconf 89' lang='lat' dir='ltr'><strong>tum</strong></span> <span class='ocrx_word' id='word_1_306' title='bbox 2232 3815 2527 3901; x_wconf 85' lang='lat' dir='ltr'><strong>adparet,</strong></span> <span class='ocrx_word' id='word_1_307' title='bbox 2580 3837 2733 3883; x_wconf 81' lang='lat' dir='ltr'><strong>cum</strong></span> 
     </span>
     <span class='ocr_line' id='line_1_40' title="bbox 673 3907 2735 3992; baseline 0.001 -22"><span class='ocrx_word' id='word_1_308' title='bbox 673 3917 1046 3991; x_wconf 77' lang='lat' dir='ltr'><strong>antegressa</strong></span> <span class='ocrx_word' id='word_1_309' title='bbox 1079 3920 1178 3974; x_wconf 89' lang='lat' dir='ltr'><strong>est</strong></span> <span class='ocrx_word' id='word_1_310' title='bbox 1209 3907 1529 3974; x_wconf 86' lang='lat' dir='ltr'><strong>honestas.</strong></span> <span class='ocrx_word' id='word_1_311' title='bbox 1617 3909 1835 3990; x_wconf 86' lang='lat' dir='ltr'><strong>itaque</strong></span> <span class='ocrx_word' id='word_1_312' title='bbox 1878 3929 2010 3972; x_wconf 88' lang='lat' dir='ltr'><strong>non</strong></span> <span class='ocrx_word' id='word_1_313' title='bbox 2046 3909 2252 3973; x_wconf 87' lang='lat' dir='ltr'><strong>solum</strong></span> <span class='ocrx_word' id='word_1_314' title='bbox 2286 3908 2357 3972; x_wconf 91' lang='lat' dir='ltr'><strong>in</strong></span> <span class='ocrx_word' id='word_1_315' title='bbox 2389 3909 2511 3973; x_wconf 86' lang='lat' dir='ltr'><strong>hac</strong></span> <span class='ocrx_word' id='word_1_316' title='bbox 2546 3919 2735 3992; x_wconf 86' lang='lat' dir='ltr'><strong>parte</strong></span> 
     </span>
     <span class='ocr_line' id='line_1_41' title="bbox 669 3997 2741 4084; baseline 0.002 -22"><span class='ocrx_word' id='word_1_317' title='bbox 669 3997 1057 4078; x_wconf 82' lang='lat' dir='ltr'><strong>honestatis,</strong></span> <span class='ocrx_word' id='word_1_318' title='bbox 1099 4002 1184 4070; x_wconf 85' lang='lat' dir='ltr'><strong>de</strong></span> <span class='ocrx_word' id='word_1_319' title='bbox 1225 4023 1358 4084; x_wconf 85' lang='lat' dir='ltr'><strong>qua</strong></span> <span class='ocrx_word' id='word_1_320' title='bbox 1395 4001 1520 4070; x_wconf 88' lang='lat' dir='ltr'><strong>hoc</strong></span> <span class='ocrx_word' id='word_1_321' title='bbox 1563 4002 1705 4071; x_wconf 89' lang='lat' dir='ltr'><strong>loco</strong></span> <span class='ocrx_word' id='word_1_322' title='bbox 1740 4002 2182 4070; x_wconf 84' lang='lat' dir='ltr'><strong>disserendum</strong></span> <span class='ocrx_word' id='word_1_323' title='bbox 2218 4013 2339 4080; x_wconf 87' lang='lat' dir='ltr'><strong>est,</strong></span> <span class='ocrx_word' id='word_1_324' title='bbox 2386 4003 2503 4068; x_wconf 88' lang='lat' dir='ltr'><strong>sed</strong></span> <span class='ocrx_word' id='word_1_325' title='bbox 2524 4003 2741 4074; x_wconf 78' lang='lat' dir='ltr'><strong>etiam</strong></span> 
     </span>
    </p>
   </div>
   <div class='ocr_carea' id='block_1_3' title="bbox 540 2940 637 3052">
    <p class='ocr_par' dir='ltr' id='par_1_5' title="bbox 540 2940 637 3052">
     <span class='ocr_line' id='line_1_42' title="bbox 540 2940 637 2994; baseline -0.01 0"><span class='ocrx_word' id='word_1_326' title='bbox 540 2961 546 2965; x_wconf 87' lang='grc'><em>·</em></span> <span class='ocrx_word' id='word_1_327' title='bbox 569 2940 637 2994; x_wconf 78' lang='lat'><strong>27</strong></span> 
     </span>
     <span class='ocr_line' id='line_1_43' title="bbox 579 3010 631 3052; baseline 0.038 -2"><span class='ocrx_word' id='word_1_328' title='bbox 579 3010 631 3052; x_wconf 79' lang='lat'><strong>93</strong></span> 
     </span>
    </p>
   </div>
  </div>
 </body>
</html>
