3292 4559
643 1391 696 1432 18

651 3175 701 3215 19

641 3453 710 3508 12

739 293 864 359 130

1355 303 1433 356 M.
1469 299 1744 358 TULLII
1778 283 2180 352 cicER'oms

903 427 1216 517 principio
1253 423 1532 492 aetherio
1567 423 1931 488 flammatus
1963 417 2256 505 Iuppiter
2288 415 2424 502 igni

909 522 1174 590 vertitur
1207 531 1273 588 et
1305 529 1512 584 totum
1547 515 1899 582 conlustrat
1928 513 2170 578 lumine
2203 509 2519 579 mundum

906 628 1247 700 menteque
1283 612 1500 678 divina
1535 609 1787 698 caelum
1819 619 2147 690 terrasque
2180 603 2466 691 petessit,

908 734 1075 797 quae
1109 708 1366 796 penitus
1401 727 1627 771 sensus
1664 702 1997 768 hominum
2031 701 2325 783 vitasque
2359 706 2657 772 retentat,

907 803 1182 871 aetheris
1217 800 1458 867 aeterni
1495 807 1716 884 saepta
1748 807 1944 880 atque
1976 793 2225 859 inclusa
2260 789 2569 858 cavernis.

911 911 975 966 et
1010 899 1065 964 si
1101 897 1425 964 stellarum
1461 904 1675 959 motus
1712 911 2065 974 cursusque
2102 885 2399 974 vagantis

907 1015 1094 1059 nosse
1130 989 1309 1067 velis,
1347 1009 1513 1073 quae
1550 986 1679 1052 sint
1712 986 2043 1071 signorum
2074 983 2143 1047 in
2178 980 2331 1047 sede
2365 981 2650 1054 locatae,

910 1109 1074 1174 quae
1110 1084 1307 1151 verbo
1344 1093 1409 1148 et
1438 1080 1620 1146 salsis
1660 1076 2003 1147 Graiorum
2036 1076 2303 1143 vocibus
2338 1083 2569 1149 errant,

909 1205 978 1249 re
1015 1203 1168 1248 vera
1203 1189 1377 1244 certo
1413 1176 1602 1262 lapsu
1636 1173 1975 1260 spatioque
2008 1171 2322 1246 feruntur,

912 1275 1127 1341 omnia
1159 1274 1290 1339 iam
1327 1291 1546 1336 cernes
1583 1266 1803 1332 divina
1836 1276 2050 1332 mente
2084 1275 2323 1330 notata.

910 1392 1060 1434 nam
1095 1366 1374 1453 primum
1407 1373 1725 1428 astrorum
1758 1359 2033 1426 volucris
2070 1369 2133 1424 te
2170 1357 2429 1424 consule
2462 1366 2675 1420 motus

911 1477 1385 1542 concursusque
1419 1455 1636 1542 gmvis
1672 1455 2003 1520 stellarum
2039 1452 2264 1518 ardore
2298 1449 2590 1516 micantis

910 1569 981 1621 tu
1018 1575 1295 1640 quoque,
1332 1573 1480 1617 cum
1513 1550 1795 1615 tumulos
1831 1547 2093 1613 Albano
2125 1548 2194 1612 in
2230 1556 2445 1611 monte
2480 1542 2713 1609 nivalis

907 1650 1192 1717 lustrasti
1227 1659 1293 1714 et
1324 1647 1493 1712 laeto
1528 1642 1823 1710 mactasti
1854 1644 2023 1708 lacte
2058 1642 2350 1718 Latinas,

909 1744 1124 1810 vidisti
1159 1754 1224 1808 et
1258 1742 1429 1807 claro
1463 1740 1771 1806 tremulos
1806 1738 2033 1803 ardore
2068 1747 2369 1813 cometas,

909 1839 1239 1920 multaque
1275 1835 1529 1901 misceri
1561 1844 1877 1900 nocturna
1912 1842 2124 1918 strage
2158 1829 2425 1916 putasti:

911 1932 1086 2018 quod
1122 1933 1323 1998 ferme
1359 1930 1572 1995 dirum
1603 1929 1674 1993 in
1708 1939 1964 2015 tempus
2000 1925 2285 1992 cecidere
2321 1922 2616 2000 Latinae,

913 2050 1061 2093 cum
1097 2027 1332 2092 claram
1370 2023 1648 2112 speciem
1686 2031 1980 2088 concreto
2015 2018 2257 2086 lumine
2290 2019 2447 2084 luna

913 2121 1156 2188 abdidit
1195 2132 1260 2186 et
1295 2119 1505 2185 subito
1543 2116 1821 2183 stellanti
1854 2126 2041 2181 nocte
2076 2123 2407 2200 perempta
2442 2122 2555 2178 est.

913 2215 1070 2299 quid
1106 2236 1257 2280 vero
1293 2211 1546 2278 Phoebi
1579 2211 1713 2287 fax,
1751 2209 1945 2274 tristis
1980 2209 2207 2275 nuntia
2242 2207 2421 2285 belli,

915 2330 1081 2393 quae
1099 2329 1407 2392 magnum
1425 2305 1511 2371 ad
1530 2305 1825 2370 columen
1841 2303 2167 2370 flammato
2188 2303 2413 2368 ardore
2433 2301 2717 2376 volabat,

912 2399 1276 2485 praecipitis
1313 2398 1472 2465 caeli
1505 2397 1707 2484 partis
1742 2395 2083 2480 obitusque
2117 2395 2482 2482 petessens?

915 2505 1028 2558 aut
1061 2515 1208 2558 cum
1243 2492 1510 2558 terribili
1544 2512 1887 2577 percussus
1924 2491 2194 2556 fulmine
2230 2492 2386 2557 civis

913 2589 1057 2654 luce
1093 2587 1414 2653 serenanti
1448 2586 1669 2652 vitalia
1702 2586 1945 2652 lumina
1978 2586 2200 2671 liquit?

914 2693 1028 2747 aut
1062 2704 1210 2747 cum
1245 2704 1314 2746 se
1349 2680 1616 2767 gravido
1654 2680 2006 2747 tremefecit
2040 2702 2304 2768 corpore
2340 2679 2565 2747 tellus?

912 2778 1039 2844 iam
1077 2797 1228 2842 vero
1263 2775 1480 2840 variae
1513 2784 1824 2839 nocturno
1860 2784 2145 2861 tempore
2179 2775 2356 2840 visae

917 2870 1229 2936 terribiles
1263 2869 1508 2935 formas
1542 2867 1784 2933 bellum
1818 2879 2159 2954 motusque
2193 2869 2565 2946 monebant,

916 2965 1246 3049 multaque
1281 2986 1398 3049 per
1433 2974 1632 3030 terras
1669 2973 1849 3028 vates
1886 2963 2100 3028 oracla
2133 2964 2372 3029 furenti

915 3060 1172 3143 pectore
1206 3057 1565 3124 fundebant
1596 3058 1794 3122 tristis
1828 3053 2186 3123 minitantia
2221 3079 2436 3135 casus3

917 3163 1109 3237 atque
1145 3175 1242 3231 ea,
1280 3175 1448 3238 quae
1481 3152 1672 3239 lapsu
1704 3153 1964 3218 tandem
2000 3151 2284 3219 cecidere
2319 3163 2591 3231 vetusto,

905 3243 1070 3313 haec
1103 3248 1241 3314 fore
1275 3247 1601 3334 perpetuis
1635 3246 1837 3332 signis
1874 3247 2187 3332 clarisque
2220 3247 2633 3332 frequentans

914 3341 1053 3427 ipse
1087 3340 1279 3407 deum
1311 3340 1564 3427 genitor
1598 3341 1776 3406 caelo
1810 3341 2119 3424 terrisque
2154 3341 2442 3408 canebat.

913 3457 1086 3500 nunc
1113 3457 1210 3512 ea,
1243 3433 1573 3518 Torquato
1600 3455 1768 3518 quae
1796 3434 2122 3518 quondam
2148 3446 2213 3501 et
2238 3437 2497 3502 consule
2518 3431 2714 3502 Cotta

915 3527 1168 3615 Lydius
1203 3529 1488 3595 ediderat
1522 3529 1895 3614 Tyrrhenae
1929 3530 2138 3615 gentis
2174 3529 2512 3616 haruspex,

913 3624 1130 3690 omnia
1161 3624 1292 3688 fixa
1325 3636 1474 3689 tuus
1509 3625 1873 3710 glomerans
1909 3624 2288 3691 determinat
2322 3649 2545 3691 annus.

913 3741 1065 3784 nam
1100 3729 1284 3804 pater
1318 3718 1661 3784 altitonans
1696 3719 1976 3784 stellanti
2009 3719 2199 3784 nixus
2236 3717 2521 3808 Olympo

912 3813 1051 3898 ipse
1088 3832 1238 3877 suos
1274 3812 1600 3897 quondam
1633 3814 1913 3879 tumulos
1950 3835 2027 3879 ac
2060 3814 2299 3901 templa
2331 3815 2557 3900 petivit

917 3916 981 3970 et
1015 3903 1396 3991 Capitolinis
1427 3905 1647 3972 iniecit
1680 3906 1939 3972 sedibus
1973 3906 2161 3994 ignis.

915 4009 1052 4066 tum
1087 3999 1330 4084 species
1367 4023 1448 4068 ex
1481 4023 1628 4068 aere
1663 4011 1849 4067 vetus
1882 4013 2309 4087 venerataque
2344 4001 2580 4069 Nattae

915 4093 1208 4170 concidit,
1245 4095 1626 4180 elapsaeque
1662 4105 1914 4164 vetusto
1948 4096 2208 4165 numine
2242 4097 2439 4183 leges,
