3292 4559
850 245 981 313 3oe
1465 252 1546 309 Μ.
1580 250 1858 310 TULLII
1891 246 2312 308 CICERONIS

850 384 1155 470 pleraque
1190 388 1341 445 sunt
1374 377 1547 443 dicta
1578 377 1648 440 in
1681 375 1810 439 illis
1843 372 2042 449 libris,
2095 372 2310 460 [quod
2349 369 2698 437 faciendum
2715 365 2796 431 fuii'

853 499 1003 543 cum
1045 475 1127 540 de
1172 483 1443 559 optuma
1483 494 1554 536 re
1597 468 1860 556 publica
1903 478 2334 552 quaereretur
2341 491 2364 543 ;
2427 466 2545 530 sed
2581 464 2728 527 huius
2750 463 2775 524 lt

856 568 967 657 [de
1000 562 1515 654 magistratibus]
1551 573 1703 630 sunt
1733 563 1994 649 propria
2026 562 2390 646 quaedam,
2431 582 2478 625 a
2500 556 2792 643 Theophras.

852 662 1151 751 primum,
1186 660 1419 727 deinde
1454 682 1497 725 a
1528 658 1818 745 Dioqene
1853 654 2075 722 Stoico
2112 656 2434 741 quaesita
2469 652 2743 718 subtilius.

760 742 813 855 3
985 758 1118 824 Aa.
1163 756 1299 821 Ain
1330 754 1630 819 tandem?
1691 752 1889 818 etiam
1921 774 1963 817 a
1998 749 2236 817 Stoicis
2265 750 2418 814 ista
2455 756 2708 813 nactam
2731 766 2800 807 sun

862 852 951 919 M.
996 850 1153 916 Non
1181 872 1335 915 sane
1368 847 1493 913 nisi
1528 847 1612 913 ab
1640 868 1741 924 eo,
1776 867 1970 930 quem
2005 844 2196 910 modo
2223 840 2602 917 nominavi,
2635 850 2690 905 et
2707 856 2814 923 poste

857 971 900 1013 a
940 966 1179 1032 magno
1230 944 1488 1009 homine
1532 952 1596 1007 et
1638 941 1708 1005 in
1751 939 1972 1027 primis
2019 938 2306 1016 erudito,
2357 934 2700 1003 Panaetio.
2757 954 2818 994 na:

857 1053 1103 1108 veteres
1149 1038 1347 1105 verbo
1388 1048 1575 1103 tenus
1620 1045 1810 1101 acute
1843 1034 1938 1099 illi
1971 1033 2262 1118 quidem,
2315 1032 2457 1099 sed
2492 1054 2628 1096 non
2657 1028 2725 1092 ad
2747 1026 2837 1111 hung

855 1158 1045 1203 usum
1096 1134 1471 1221 popularem
1514 1140 1708 1215 atque
1753 1128 2035 1206 civilem,
2090 1127 2172 1193 de
2225 1150 2298 1193 re
2353 1125 2638 1213 publica
2675 1121 2836 1197 disses

856 1231 1043 1295 bant:
1089 1228 1173 1293 ab
1219 1228 1343 1293 hac
1374 1223 1623 1291 familia
1655 1224 1862 1310 magis
1895 1223 2022 1288 ista
2053 1234 2424 1287 manarunt
2461 1220 2724 1286 Platone
2747 1216 2836 1299 prix-g

858 1324 1019 1410 cipe.
1105 1332 1251 1407 post
1293 1320 1676 1386 Aristoteles
1727 1317 2085 1383 inlustravit
2137 1338 2418 1383 omnem
2478 1315 2656 1379 hunc
2691 1309 2836 1403 civiletj

856 1419 923 1482 in
976 1415 1357 1503 disputando
1409 1415 1626 1481 locum
1669 1412 2176 1499 Heraclidesque
2225 1410 2576 1477 Ponticus
2627 1405 2836 1494 profecta·

858 1512 943 1578 ab
976 1510 1201 1577 eodem
1227 1508 1533 1587 Platone3
1570 1507 2055 1594 Theophrastus
2088 1528 2262 1583 νει-ο,
2295 1506 2660 1571 institutus
2690 1497 2822 1564 abAn'

858 1606 1114 1683 stotele,
1156 1604 1501 1681 habitavit,
1546 1614 1622 1667 ut
1666 1602 1870 1679 scitis,
1913 1603 1980 1667 in
2018 1622 2094 1667 eo
2128 1624 2378 1688 genere
2419 1620 2674 1674 rerum,
2709 1595 2766 1658 ab
2785 1615 2822 1654 ea·

762 1750 771 1761 ,
858 1703 1133 1787 demque
1176 1698 1526 1765 Aristotele
1569 1698 1800 1763 doctus
1838 1696 2278 1762 Dicaearchus
2321 1694 2503 1761 huic
2548 1689 2747 1759 rationi
2768 1708 2822 1750 stn-

858 1798 1093 1881 dioque
1143 1816 1275 1860 non
1327 1792 1550 1859 defuit.
1638 1802 1785 1877 post
1829 1815 1870 1857 a
1913 1790 2363 1877 Theophrasto
2416 1788 2750 1856 Phalereus
2779 1781 2820 1842 ille

856 1890 1257 1965 Demetrius,
1318 1888 1400 1953 de
1452 1909 1582 1972 quo
1634 1886 1763 1952 feci
1815 1908 2012 1972 supra
2061 1883 2507 1964 mentionem,
2575 1876 2822 1947 mirabffise:

857 1984 1214 2050 doctrinam
1258 2004 1339 2047 ex
1382 1981 1777 2047 umbraculis
1823 1980 2217 2045 eruditorum
2261 1980 2552 2065 otioque
2586 2000 2700 2043 non
2723 1969 2808 2036 moi

854 2080 925 2145 in
976 2078 1177 2145 solem
1228 2086 1421 2161 atque
1473 2076 1543 2140 in
1592 2076 1953 2162 pulverem,
2015 2074 2130 2139 sed
2190 2074 2258 2139 in
2310 2076 2552 2161 ipsum
2601 2020 2840 2142 discrima)

858 2173 1189 2257 aciemque
1239 2171 1571 2257 produxit:
1629 2193 1782 2235 nam
1826 2181 1892 2235 et
1933 2169 2337 2235 mediocriter
2383 2171 2624 2235 doctos
2661 2179 2812 2246 magn&

855 2268 925 2333 in
966 2290 1036 2333 re
1081 2266 1340 2353 publica
1384 2266 1555 2331 viros
1602 2276 1668 2331 et
1701 2264 2102 2331 doctissimos
2134 2262 2436 2331 homines
2477 2286 2614 2329 non
2644 2174 2840 2346 nimisinl

856 2384 926 2427 re
958 2361 1221 2447 publica
1256 2370 1541 2425 versatos
1574 2360 1810 2425 multos
1845 2380 2346 2424 commemorare
2378 2376 2735 2445 possumus3
2765 2344 2835 2429 qul«

856 2476 1010 2519 vero
1052 2465 1325 2535 utraque
1369 2476 1440 2519 re
1475 2454 1844 2532 excelleret,
1887 2464 1962 2518 ut
1995 2464 2061 2519 et
2093 2452 2428 2518 doctrinae
2471 2450 2690 2519 studiis
2717 2456 2758 2510 et
2775 2463 2813 2503 rr

855 2546 1069 2634 genda
1122 2546 1378 2612 civitate
1428 2547 1728 2635 princeps
1779 2559 1975 2624 esset,
2029 2547 2172 2632 quis
2216 2547 2406 2613 facile
2458 2556 2702 2635 practer
2729 2540 2807 2602 hun?

854 2640 1127 2708 inveniri
1166 2641 1419 2727 potest?
1486 2644 1623 2708 Att.
1677 2642 1851 2709 Puto
1895 2664 2084 2727 posse
2119 2652 2184 2707 et
2219 2642 2496 2726 quidem
2533 2641 2764 2724 aliquem
2781 2628 2812 2689 dt

857 2736 1061 2801 tribus
1096 2736 1309 2801 nobis:
1364 2737 1478 2802 sed
1510 2759 1732 2823 perge,
1771 2747 1845 2801 ut
1881 2758 2206 2823 coeperas.

763 2820 814 2931 ³}
985 2832 1078 2896 M.
1134 2828 1517 2913 Quaesitum
1549 2832 1748 2917 igitur
1783 2832 1868 2897 ab
1899 2830 2024 2895 illis
2061 2842 2187 2908 est,
2221 2831 2592 2917 placeretne
2623 2818 2814 2918 unum'fl}
2835 2844 2840 2911 ζ.

858 2926 1113 2993 civitate
1174 2948 1315 2991 esse
1376 2926 1850 3011 magistratum,
1912 2927 2020 2990 cui
2070 2926 2298 3009 reliqui
2351 2934 2675 3012 parerent,
2723 2916 2835 2999 qumi

857 3020 1097 3084 exactis
1132 3018 1393 3103 regibus
1428 3020 1731 3105 intellego
1767 3019 2085 3104 placuisse
2119 3021 2350 3085 nostris
2383 3018 2740 3089 maioribus
2763 3002 2840 3107 ⁵231

855 3112 1159 3195 quoniam
1228 3114 1444 3199 regale
1515 3114 1787 3178 civitatis
1849 3136 2056 3199 genus
2070 3160 2089 3190 ,
2160 3114 2511 3200 probatum
2579 3105 2810 3199 quondam

853 3215 1080 3302 postea
1120 3226 1252 3270 non
1297 3216 1430 3271 tam
1471 3208 1656 3293 regni
1698 3228 1894 3291 quam
1939 3207 2110 3293 regis
2145 3208 2315 3274 vitiis
2351 3210 2736 3295 repudiatum
2758 3214 2840 3300 est-1

854 3320 1088 3364 nomen
1132 3308 1383 3366 tantum
1426 3294 1748 3366 videbitur
1781 3301 1952 3387 regis
1987 3302 2424 3388 repudiatum,
2471 3326 2583 3369 res
2617 3287 2810 3365 manebit·

762 3420 814 3461 ιε
856 3392 910 3458 si
954 3416 1121 3459 unus
1167 3395 1463 3460 omnibus
1506 3395 1767 3480 reliquis
1811 3396 2291 3481 magistratibus
2335 3396 2688 3483 imperabit.
2750 3389 2839 3478 qm}

852 3511 924 3553 re
974 3511 1095 3554 nec
1147 3490 1369 3575 ephori
1419 3490 1913 3556 Lacedaemone
1969 3490 2104 3557 sine
2159 3513 2353 3557 causa
2405 3515 2448 3556 a
2491 3480 2839 3575 Theopomfffl*

855 3583 1131 3669 oppositi
1175 3585 1435 3669 regibus
1479 3606 1600 3649 nec
1644 3585 1818 3670 apud
1851 3607 1968 3651 nos
2007 3585 2374 3651 consulibus
2413 3586 2669 3653 tribuni.
2734 3590 2839 3647 nam*

852 3678 1015 3743 illud
1065 3679 1325 3764 quidem
1376 3680 1618 3766 ipsum,
1673 3680 1848 3763 quod
1899 3681 1967 3745 in
2018 3682 2156 3747 iure
2207 3682 2492 3768 positum
2547 3694 2662 3758 est,
2702 3653 2839 3739 bssbffl

856 3775 1109 3849 consul,
1156 3785 1229 3839 ut
1274 3776 1333 3840 ei
1368 3775 1598 3858 reliqui
1632 3775 2043 3861 magistratus
2081 3798 2301 3843 omnes
2335 3790 2610 3863 pareant
2642 3776 2810 3849 excepw
2838 3811 2839 3836 ι

856 3868 1131 3945 tribuno,
1168 3869 1279 3951 qui
1314 3879 1459 3957 post
1493 3870 1753 3946 exstitit,
1789 3893 1870 3936 ne
1905 3871 1992 3949 id,
2029 3872 2205 3956 quod
2238 3871 2478 3949 fuerat,
2517 3882 2686 3939 esset.
2743 3860 2812 3923 1⁷⁰⁶
2838 3862 2839 3887 *

857 3963 1024 4027 enim
1078 3963 1357 4047 primum
1406 3964 1637 4029 minuit
1663 3965 2023 4051 ‘consulare
2073 3966 2204 4043 ius,
2259 3965 2436 4051 quod
2487 3964 2705 4031 exstitit
2731 3954 2806 4039 ipse

856 4056 967 4138 qui
1010 4077 1085 4120 eo
1131 4078 1262 4121 non
1305 4068 1653 4136 teneretur,
1701 4055 1929 4125 deinde
1965 4061 2140 4145 quod
2173 4060 2388 4125 attulit
2421 4060 2704 4126 auxilium
2727 4042 2811 4116 reli-
