3292 4559
736 221 865 289 256
1344 231 1422 291 M.
1460 228 1738 303 'runnu
1772 226 2178 291 cicnssoms

730 380 993 427 neeesse
1026 356 1147 425 erit
1182 364 1245 421 et
1280 354 1604 441 appellare
1638 374 1786 423 eam
1817 352 2060 437 legem,
2105 372 2274 438 quae
2307 352 2548 438 scripta
2581 355 2790 429 sancit

732 452 907 538 quod
950 451 1083 517 volt
1130 460 1243 517 aut
1284 448 1566 516 iubendo
1604 458 1714 511 aut
1737 446 2156 533 prohibendo,
2201 457 2274 511 ut
2305 446 2536 532 volgus
2573 449 2793 533 appel-

732 548 849 623 lat3
888 543 1315 611 constituendi
1350 564 1503 612 vero
1538 540 1696 607 iuris
1733 541 1818 605 ab
1851 539 1964 609 illa
1996 562 2250 608 summa
2279 540 2428 627 lege
2462 542 2794 627 capiamus

735 639 1085 716 exordium,
1121 659 1288 721 quae
1322 636 1549 705 saeclis
1584 634 1884 704 omnibus
1920 644 2068 701 ante
2102 644 2254 704 nata
2287 646 2386 701 est
2411 656 2612 719 quam
2639 637 2797 707 seri-

732 744 844 820 pta
905 734 1011 801 lex
1069 733 1203 799 ulla
1256 742 1368 800 aut
1418 751 1615 814 quam
1669 728 1930 795 omnino
1983 725 2206 798 civitas
2260 728 2624 803 constituta.
2721 730 2792 811 Q.

734 824 1156 897 commodius
1208 847 1360 893 vero
1412 835 1478 890 et
1526 821 1614 889 ad
1663 822 1977 892 rationem
2017 822 2290 889 instituti
2335 824 2648 891 sermonis
2697 847 2797 889 sa-

733 920 1033 1007 pientius,
1119 919 1213 985 M.
1273 918 1479 986 Visne
1524 938 1682 1003 ergo
1723 916 1924 1002 ipsius
1967 914 2124 989 iuris
2161 926 2372 983 ortum
2406 940 2448 983 a
2479 917 2664 986 fonte
2699 942 2798 987 re-

734 1016 1066 1102 petamus?
1136 1035 1265 1099 quo
1309 1013 1569 1083 invento
1614 1033 1748 1079 non
1789 1010 1910 1077 erit
1955 1010 2226 1077 dubium
2275 1032 2406 1095 quo
2457 1011 2590 1083 sint
2633 1012 2798 1083 haec

733 1108 1099 1186 referenda,
1142 1129 1311 1191 quae
1352 1105 1744 1190 quaerimus.
1840 1103 1914 1185 Q.
1975 1102 2124 1190 Ego
2177 1127 2332 1171 vero
2373 1106 2468 1172 ita
2511 1128 2657 1173 esse
2697 1106 2799 1173 fa-

736 1202 1032 1270 ciendum
1068 1222 1317 1269 censeo.
1380 1202 1514 1265 Act.
1577 1198 1696 1265 Me
1731 1218 1988 1290 quoque
2023 1198 2362 1271 adscribito
2397 1199 2614 1269 fratris
2649 1222 2800 1267 sen-

734 1297 991 1365 tentiae.
1076 1296 1169 1369 Μ.
1251 1292 1580 1377 Quoniam
1630 1292 1828 1379 igitur
1879 1292 2018 1358 eius
2069 1293 2164 1359 rei
2214 1293 2512 1378 publicae
2523 1340 2544 1371 ,
2597 1316 2798 1379 quam

734 1390 1043 1475 optimam
1088 1411 1227 1455 esse
1268 1387 1491 1455 docuit
1530 1388 1601 1456 in
1642 1387 1768 1454 illis
1813 1410 1928 1455 sex
1959 1387 2140 1453 libris
2177 1385 2426 1473 Scipio,
2477 1389 2799 1462 tenendus

734 1493 831 1549 est
872 1482 1058 1551 nobis
1104 1492 1171 1549 et
1205 1481 1559 1549 servandus
1594 1491 1798 1552 status
1831 1503 2180 1566 omnesque
2213 1482 2389 1568 leges
2425 1481 2802 1551 adcommo-

734 1576 985 1644 dandae
1036 1578 1121 1646 ad
1171 1577 1332 1645 illud
1384 1576 1660 1644 civitatis
1711 1598 1950 1661 genus,
2011 1575 2264 1643 serendi
2313 1575 2507 1641 etiam
2561 1598 2798 1655 mores,

732 1692 855 1739 nee
906 1666 1157 1759 scriptis
1208 1670 1425 1737 omnia
1474 1670 1853 1748 sancienda,
1903 1680 2192 1756 repetam
2243 1670 2508 1757 stirpem
2550 1670 2716 1738 iuria
2762 1694 2802 1737 a

734 1777 997 1844 natura,
1042 1788 1174 1851 qua
1208 1766 1373 1834 duce
1406 1765 1593 1833 nobis
1630 1764 1838 1833 omnis
1875 1774 1972 1831 est
2007 1764 2352 1851 disputatio
2389 1765 2802 1850 explicanda·

734 1864 869 1927 Att.
922 1860 1333 1940 Rectissime,
1376 1870 1443 1926 et
1486 1858 1750 1945 quidem
1797 1859 1922 1923 ista
1957 1858 2123 1923 duee
2157 1858 2354 1925 errari
2388 1859 2570 1926 nullo
2605 1871 2802 1946 paeto

734 1965 967 2042 potest.

864 2051 958 2116 M.
1001 2048 1228 2115 Dasne
1260 2048 1459 2135 igitur
1493 2046 1617 2115 hoc
1651 2046 1858 2123 nobis,
1893 2044 2234 2131 Pomponi,
2263 2082 2351 2095 —-
2374 2069 2528 2113 nam
2564 2045 2803 2129 Quinti

735 2142 889 2209 novi
924 2144 1305 2212 sententiam
1336 2178 1425 2189 -—
1450 2142 1718 2208 deorum
1751 2140 2185 2209 inmortalium
2219 2140 2304 2218 vi,
2341 2137 2660 2228 [natur-m]
2697 2166 2804 2208 ra·-

735 2238 929 2315 tione,
964 2249 1299 2325 potestate,
1334 2248 1570 2313 mente,
1605 2237 1888 2313 numine,
1925 2236 2060 2301 sive
2095 2236 2272 2320 quod
2305 2248 2404 2303 est
2439 2237 2620 2302 aliud
2653 2261 2802 2305 ver-

734 2332 912 2408 bum,
949 2354 1077 2416 quo
1110 2332 1365 2417 planius
1399 2330 1757 2417 significem
1793 2332 1966 2415 quod
2002 2331 2169 2407 volo,
2205 2341 2502 2395 naturam
2535 2353 2799 2399 omnem

734 2425 910 2509 regi?
978 2448 1130 2492 nam
1184 2424 1240 2489 si
1291 2423 1414 2489 hoc
1464 2446 1597 2489 non
1650 2424 1918 2511 probas,
1970 2423 2054 2490 ab
2099 2444 2176 2488 eo
2217 2423 2406 2489 nobis
2449 2446 2650 2493 causa
2696 2447 2800 2492 or-

734 2517 969 2583 dienda
1006 2528 1103 2583 est
1136 2517 1560 2604 potissimum.
1647 2522 1782 2585 Aa.
1845 2518 1956 2583 Do
1991 2540 2164 2595 sane,
2201 2517 2257 2583 si
2289 2518 2578 2603 postulas
2590 2543 2610 2597 3
2662 2532 2798 2585 ete-

736 2612 870 2677 nim
913 2622 1173 2698 propter
1207 2611 1381 2676 hunc
1415 2624 1796 2679 concentum
1831 2612 2046 2677 avium
2083 2611 2548 2698 strepitumque
2582 2612 2796 2685 flumi-

735 2730 895 2773 num
938 2729 1067 2775 non
1114 2729 1339 2773 vereor
1374 2706 1959 2793 condiscipulorum
1991 2730 2074 2772 ne
2106 2707 2250 2790 quis
2287 2707 2612 2773 exaudiat.
2699 2709 2792 2773 Μ.

735 2803 945 2888 Atqui
978 2802 1339 2869 cavendum
1374 2812 1503 2880 est3
1558 2802 1765 2869 solent
1799 2802 2002 2879 enim,
2045 2800 2118 2865 id
2150 2801 2324 2885 quod
2356 2800 2642 2866 virorum
2675 2800 2796 2867 bo-

736 2920 965 2963 norum
1001 2908 1118 2975 est,
1156 2897 1504 2963 admodum
1538 2895 1750 2973 irasci,
1781 2917 1904 2961 nec
1938 2916 2092 2960 vero
2129 2895 2354 2975 ferent,
2391 2894 2448 2961 si
2470 2895 2794 2961 audierint

736 3002 801 3056 te
842 2991 1122 3076 primum
1166 3000 1359 3076 caput
1404 2988 1525 3055 viri
1570 2989 1796 3075 optimi
1828 2988 2220 3075 prodidisse,
2267 2988 2336 3053 in
2371 3008 2502 3072 quo
2537 2990 2794 3077 scripsit

739 3084 924 3149 ‘nihil
988 3106 1211 3151 curare
1263 3086 1456 3151 deum
1506 3106 1628 3149 nec
1679 3083 1782 3149 sui
1832 3105 1954 3151 nec
2006 3082 2246 3149 alieni.’
2341 3086 2474 3151 Aa.
2551 3082 2792 3171 Perge,

737 3198 1003 3261 quaeso:
1057 3201 1209 3244 nam
1260 3179 1357 3256 id,
1409 3178 1586 3263 quod
1636 3178 1755 3243 tibi
1800 3177 2115 3255 concessi,
2159 3198 2431 3261 quorsus
2473 3178 2793 3263 pertineat

690 3339 697 3345 ,
737 3282 1056 3358 exspecto.
1140 3274 1233 3337 M.
1295 3272 1445 3339 Non
1492 3272 1726 3339 faciam
1768 3272 2054 3359 longius3
2107 3272 2236 3338 huc
2280 3271 2451 3339 enim
2493 3272 2792 3359 pertinet,

735 3366 971 3433 animal
1004 3366 1129 3433 hoc
1162 3367 1521 3453 providum,
1560 3390 1782 3453 sagax,
1819 3366 2174 3452 multiplex,
2209 3378 2492 3444 acutum,
2525 3388 2792 3445 memor,

734 3462 998 3547 plenum
1056 3460 1319 3529 rationis
1384 3471 1448 3526 et
1501 3461 1779 3538 consilii,
1841 3483 2037 3546 quem
2086 3482 2394 3530 vocamus
2445 3461 2790 3537 hominem,

733 3556 1064 3641 praeclara
1098 3550 1380 3639 quadam
1415 3554 1788 3622 condicione
1821 3565 2200 3651 generatum
2237 3576 2378 3623 esse
2413 3578 2456 3625 a
2487 3577 2788 3641 supremo

734 3648 876 3716 deo.
964 3652 1173 3717 solum
1214 3660 1312 3715 est
1360 3650 1532 3715 enim
1577 3672 1659 3716 ex
1703 3660 1798 3714 tot
1841 3648 2262 3715 animantium
2303 3648 2652 3735 generibus
2695 3661 2792 3717 at-

734 3768 860 3831 que
896 3746 1139 3813 naturis
1173 3746 1494 3831 particeps
1528 3745 1792 3817 rationis
1828 3756 1892 3810 et
1927 3742 2358 3831 cogitationis,
2395 3766 2544 3827 eum
2577 3754 2794 3812 cetera

735 3840 862 3906 sint
904 3841 1119 3907 omnia
1164 3840 1472 3925 expertia.
1562 3837 1721 3923 quid
1765 3850 1862 3905 est
1899 3850 2125 3905 autem
2159 3860 2288 3905 non
2325 3837 2538 3905 dicam
2570 3839 2643 3903 in
2675 3839 2793 3904 ho-

734 3935 936 4013 mine,
992 3934 1107 4001 sed
1158 3934 1227 4001 in
1270 3933 1444 3999 omni
1491 3934 1668 4000 caelo
1713 3943 1906 4017 atque
1949 3944 2146 4011 terra,
2191 3931 2439 3999 ratione
2475 3932 2793 3999 divinius?

734 4046 901 4107 quae
936 4050 1085 4093 cum
1122 4028 1405 4094 adulevit
1441 4039 1634 4112 atque
1671 4028 1956 4113 perfecta
1989 4022 2106 4106 est,
2143 4026 2508 4095 nominatur
2541 4026 2662 4095 rite
2687 4050 2792 4093 sa-
