<?xml version="1.0" encoding="UTF-8"?>
<!DOCTYPE html PUBLIC "-//W3C//DTD XHTML 1.0 Transitional//EN"
    "http://www.w3.org/TR/xhtml1/DTD/xhtml1-transitional.dtd">
<html xmlns="http://www.w3.org/1999/xhtml" xml:lang="en" lang="en">
 <head>
  <title>
</title>
<meta http-equiv="Content-Type" content="text/html;charset=utf-8" />
  <meta name='ocr-system' content='tesseract 3.04.00' />
  <meta name='ocr-capabilities' content='ocr_page ocr_carea ocr_par ocr_line ocrx_word'/>
</head>
<body>
  <div class='ocr_page' id='page_1' title='image "./mtulliiciceroni03unkngoog_0553.png"; bbox 0 0 3292 4559; ppageno 0'>
   <div class='ocr_carea' id='block_1_1' title="bbox 978 195 2607 307">
    <p class='ocr_par' dir='ltr' id='par_1_1' title="bbox 978 195 2607 307">
     <span class='ocr_line' id='line_1_1' title="bbox 978 195 2607 307; baseline -0.001 -4"><span class='ocrx_word' id='word_1_1' title='bbox 978 195 1086 303; x_wconf 67' lang='lat' dir='ltr'><strong>ns</strong></span> <span class='ocrx_word' id='word_1_2' title='bbox 1119 248 1220 303; x_wconf 84' lang='lat' dir='ltr'><strong>RE</strong></span> <span class='ocrx_word' id='word_1_3' title='bbox 1255 247 1598 307; x_wconf 78' lang='lat' dir='ltr'><strong>PUssch</strong></span> <span class='ocrx_word' id='word_1_4' title='bbox 1629 248 1708 303; x_wconf 87' lang='grc' dir='ltr'><strong>ιι.</strong></span> <span class='ocrx_word' id='word_1_5' title='bbox 1746 247 1987 303; x_wconf 83' lang='lat'><strong>53-58.</strong></span> <span class='ocrx_word' id='word_1_6' title='bbox 2378 232 2507 301; x_wconf 85' lang='lat'><strong>195</strong></span> <span class='ocrx_word' id='word_1_7' title='bbox 2601 243 2607 249; x_wconf 73' lang='grc'><strong>’·</strong></span> 
     </span>
    </p>
   </div>
   <div class='ocr_carea' id='block_1_2' title="bbox 434 366 2637 4027">
    <p class='ocr_par' dir='ltr' id='par_1_2' title="bbox 435 366 2510 1491">
     <span class='ocr_line' id='line_1_2' title="bbox 444 366 2505 457; baseline -0.001 -20"><span class='ocrx_word' id='word_1_8' title='bbox 444 372 732 439; x_wconf 78' lang='lat' dir='ltr'><strong>fascibus</strong></span> <span class='ocrx_word' id='word_1_9' title='bbox 777 372 946 437; x_wconf 89' lang='lat' dir='ltr'><strong>demi</strong></span> <span class='ocrx_word' id='word_1_10' title='bbox 991 370 1177 437; x_wconf 86' lang='lat' dir='ltr'><strong>iussit</strong></span> <span class='ocrx_word' id='word_1_11' title='bbox 1221 371 1657 457; x_wconf 79' lang='lat' dir='ltr'><strong>postridieque</strong></span> <span class='ocrx_word' id='word_1_12' title='bbox 1704 368 1827 435; x_wconf 88' lang='lat' dir='ltr'><strong>sibi</strong></span> <span class='ocrx_word' id='word_1_13' title='bbox 1864 372 2179 456; x_wconf 81' lang='lat' dir='ltr'>collegam</span> <span class='ocrx_word' id='word_1_14' title='bbox 2214 366 2327 455; x_wconf 83' lang='lat' dir='ltr'><strong>Sp.</strong></span> <span class='ocrx_word' id='word_1_15' title='bbox 2366 368 2505 435; x_wconf 65' lang='lat' dir='ltr'><strong>Lu÷</strong></span> 
     </span>
     <span class='ocr_line' id='line_1_3' title="bbox 443 464 2507 552; baseline -0.001 -19"><span class='ocrx_word' id='word_1_16' title='bbox 443 468 716 533; x_wconf 87' lang='lat' dir='ltr'><strong>cretium</strong></span> <span class='ocrx_word' id='word_1_17' title='bbox 769 466 1143 552; x_wconf 79' lang='lat' dir='ltr'>subrogavit</span> <span class='ocrx_word' id='word_1_18' title='bbox 1194 487 1470 549; x_wconf 88' lang='lat' dir='ltr'><strong>suosque</strong></span> <span class='ocrx_word' id='word_1_19' title='bbox 1526 466 1609 530; x_wconf 91' lang='lat' dir='ltr'><strong>ad</strong></span> <span class='ocrx_word' id='word_1_20' title='bbox 1663 488 1841 541; x_wconf 87' lang='lat' dir='ltr'><strong>eum,</strong></span> <span class='ocrx_word' id='word_1_21' title='bbox 1896 465 2070 548; x_wconf 90' lang='lat' dir='ltr'><strong>quod</strong></span> <span class='ocrx_word' id='word_1_22' title='bbox 2120 474 2261 528; x_wconf 89' lang='lat' dir='ltr'><strong>erat</strong></span> <span class='ocrx_word' id='word_1_23' title='bbox 2303 464 2507 532; x_wconf 88' lang='lat' dir='ltr'><strong>maior</strong></span> 
     </span>
     <span class='ocr_line' id='line_1_4' title="bbox 443 556 2503 644; baseline -0.002 -19"><span class='ocrx_word' id='word_1_24' title='bbox 443 573 625 637; x_wconf 85' lang='lat' dir='ltr'><strong>natu,</strong></span> <span class='ocrx_word' id='word_1_25' title='bbox 660 560 912 627; x_wconf 75' lang='lat' dir='ltr'><strong>lictores</strong></span> <span class='ocrx_word' id='word_1_26' title='bbox 947 559 1216 625; x_wconf 83' lang='lat' dir='ltr'><strong>transire</strong></span> <span class='ocrx_word' id='word_1_27' title='bbox 1251 560 1482 642; x_wconf 69' lang='lat' dir='ltr'><strong>iuslsit3</strong></span> <span class='ocrx_word' id='word_1_28' title='bbox 1517 558 1920 643; x_wconf 75' lang='lat' dir='ltr'><strong>instituitque</strong></span> <span class='ocrx_word' id='word_1_29' title='bbox 1952 559 2197 644; x_wconf 87' lang='lat' dir='ltr'><strong>primus</strong></span> <span class='ocrx_word' id='word_1_30' title='bbox 2236 556 2326 644; x_wconf 89' lang='lat' dir='ltr'><strong>[p.</strong></span> <span class='ocrx_word' id='word_1_31' title='bbox 2360 556 2503 623; x_wconf 88' lang='lat'><strong>185.</strong></span> 
     </span>
     <span class='ocr_line' id='line_1_5' title="bbox 443 652 2505 740; baseline -0.001 -21"><span class='ocrx_word' id='word_1_32' title='bbox 443 666 520 719; x_wconf 90' lang='lat' dir='ltr'><strong>ut</strong></span> <span class='ocrx_word' id='word_1_33' title='bbox 554 652 822 740; x_wconf 87' lang='lat' dir='ltr'><strong>singulis</strong></span> <span class='ocrx_word' id='word_1_34' title='bbox 847 652 1216 719; x_wconf 88' lang='lat' dir='ltr'><strong>consulibus</strong></span> <span class='ocrx_word' id='word_1_35' title='bbox 1243 653 1501 719; x_wconf 78' lang='lat' dir='ltr'><strong>alternis</strong></span> <span class='ocrx_word' id='word_1_36' title='bbox 1527 652 1858 719; x_wconf 85' lang='lat' dir='ltr'><strong>mensibus</strong></span> <span class='ocrx_word' id='word_1_37' title='bbox 1886 652 2141 721; x_wconf 77' lang='lat' dir='ltr'><strong>lictores</strong></span> <span class='ocrx_word' id='word_1_38' title='bbox 2166 652 2505 737; x_wconf 84' lang='lat' dir='ltr'><strong>praeirent,</strong></span> 
     </span>
     <span class='ocr_line' id='line_1_6' title="bbox 439 746 2509 833; baseline -0.002 -20"><span class='ocrx_word' id='word_1_39' title='bbox 439 771 528 813; x_wconf 87' lang='lat' dir='ltr'><strong>ne</strong></span> <span class='ocrx_word' id='word_1_40' title='bbox 579 749 766 833; x_wconf 89' lang='lat' dir='ltr'><strong>plura</strong></span> <span class='ocrx_word' id='word_1_41' title='bbox 813 746 1092 831; x_wconf 69' lang='lat' dir='ltr'><strong>insignia</strong></span> <span class='ocrx_word' id='word_1_42' title='bbox 1134 759 1348 813; x_wconf 88' lang='lat' dir='ltr'><strong>essent</strong></span> <span class='ocrx_word' id='word_1_43' title='bbox 1388 747 1640 832; x_wconf 88' lang='lat' dir='ltr'><strong>imperii</strong></span> <span class='ocrx_word' id='word_1_44' title='bbox 1682 747 1753 811; x_wconf 88' lang='lat' dir='ltr'><strong>in</strong></span> <span class='ocrx_word' id='word_1_45' title='bbox 1792 746 1994 813; x_wconf 90' lang='lat' dir='ltr'><strong>libero</strong></span> <span class='ocrx_word' id='word_1_46' title='bbox 2038 746 2277 832; x_wconf 90' lang='lat' dir='ltr'><strong>populo</strong></span> <span class='ocrx_word' id='word_1_47' title='bbox 2311 766 2509 830; x_wconf 89' lang='lat' dir='ltr'><strong>quam</strong></span> 
     </span>
     <span class='ocr_line' id='line_1_7' title="bbox 437 837 2509 927; baseline -0.002 -20"><span class='ocrx_word' id='word_1_48' title='bbox 437 841 514 907; x_wconf 89' lang='lat' dir='ltr'><strong>in</strong></span> <span class='ocrx_word' id='word_1_49' title='bbox 557 863 758 927; x_wconf 88' lang='lat' dir='ltr'><strong>regno</strong></span> <span class='ocrx_word' id='word_1_50' title='bbox 803 841 1095 906; x_wconf 84' lang='lat' dir='ltr'><strong>fuissent.</strong></span> <span class='ocrx_word' id='word_1_51' title='bbox 1183 837 1358 904; x_wconf 87' lang='lat' dir='ltr'><strong>haud</strong></span> <span class='ocrx_word' id='word_1_52' title='bbox 1402 840 1742 905; x_wconf 88' lang='lat' dir='ltr'><strong>mediocris</strong></span> <span class='ocrx_word' id='word_1_53' title='bbox 1792 840 1929 917; x_wconf 89' lang='lat' dir='ltr'><strong>hic,</strong></span> <span class='ocrx_word' id='word_1_54' title='bbox 1970 849 2046 905; x_wconf 89' lang='lat' dir='ltr'><strong>ut</strong></span> <span class='ocrx_word' id='word_1_55' title='bbox 2080 839 2429 922; x_wconf 85' lang='lat' dir='ltr'><strong>equidem</strong></span> <span class='ocrx_word' id='word_1_56' title='bbox 2410 863 2509 905; x_wconf 87' lang='grc' dir='ltr'>ιιι-</span> 
     </span>
     <span class='ocr_line' id='line_1_8' title="bbox 435 931 2507 1019; baseline -0.001 -21"><span class='ocrx_word' id='word_1_57' title='bbox 435 935 702 1019; x_wconf 85' lang='lat' dir='ltr'><strong>telleg0‚</strong></span> <span class='ocrx_word' id='word_1_58' title='bbox 739 934 838 999; x_wconf 86' lang='lat' dir='ltr'><strong>vir</strong></span> <span class='ocrx_word' id='word_1_59' title='bbox 871 932 1014 1008; x_wconf 84' lang='lat' dir='ltr'><strong>fuit,</strong></span> <span class='ocrx_word' id='word_1_60' title='bbox 1050 932 1163 1015; x_wconf 86' lang='lat' dir='ltr'><strong>qui</strong></span> <span class='ocrx_word' id='word_1_61' title='bbox 1196 933 1448 997; x_wconf 89' lang='lat' dir='ltr'><strong>modica</strong></span> <span class='ocrx_word' id='word_1_62' title='bbox 1481 932 1775 999; x_wconf 88' lang='lat' dir='ltr'><strong>libertate</strong></span> <span class='ocrx_word' id='word_1_63' title='bbox 1809 932 2050 1018; x_wconf 83' lang='lat' dir='ltr'><strong>populo</strong></span> <span class='ocrx_word' id='word_1_64' title='bbox 2078 933 2231 998; x_wconf 86' lang='lat' dir='ltr'><strong>data</strong></span> <span class='ocrx_word' id='word_1_65' title='bbox 2256 931 2507 997; x_wconf 81' lang='lat' dir='ltr'><strong>facilius</strong></span> 
     </span>
     <span class='ocr_line' id='line_1_9' title="bbox 439 1027 2509 1115; baseline -0.001 -22"><span class='ocrx_word' id='word_1_66' title='bbox 439 1030 650 1095; x_wconf 80' lang='lat' dir='ltr'><strong>tenuit</strong></span> <span class='ocrx_word' id='word_1_67' title='bbox 705 1029 1146 1095; x_wconf 82' lang='lat' dir='ltr'><strong>auctoritatem</strong></span> <span class='ocrx_word' id='word_1_68' title='bbox 1197 1027 1580 1115; x_wconf 76' lang='lat' dir='ltr'><strong>principum.</strong></span> <span class='ocrx_word' id='word_1_69' title='bbox 1684 1050 1897 1111; x_wconf 88' lang='lat' dir='ltr'><strong>neque</strong></span> <span class='ocrx_word' id='word_1_70' title='bbox 1951 1049 2074 1115; x_wconf 84' lang='lat' dir='ltr'><strong>ego</strong></span> <span class='ocrx_word' id='word_1_71' title='bbox 2126 1027 2286 1093; x_wconf 88' lang='lat' dir='ltr'><strong>haee</strong></span> <span class='ocrx_word' id='word_1_72' title='bbox 2336 1048 2509 1092; x_wconf 88' lang='lat' dir='ltr'><strong>nunc</strong></span> 
     </span>
     <span class='ocr_line' id='line_1_10' title="bbox 439 1122 2509 1191; baseline -0.001 -2"><span class='ocrx_word' id='word_1_73' title='bbox 439 1124 586 1189; x_wconf 84' lang='lat' dir='ltr'><strong>sine</strong></span> <span class='ocrx_word' id='word_1_74' title='bbox 649 1146 846 1189; x_wconf 87' lang='lat' dir='ltr'><strong>causa</strong></span> <span class='ocrx_word' id='word_1_75' title='bbox 905 1134 1040 1187; x_wconf 89' lang='lat' dir='ltr'><strong>tam</strong></span> <span class='ocrx_word' id='word_1_76' title='bbox 1102 1136 1320 1189; x_wconf 88' lang='lat' dir='ltr'><strong>vetera</strong></span> <span class='ocrx_word' id='word_1_77' title='bbox 1379 1122 1564 1187; x_wconf 83' lang='lat' dir='ltr'><strong>vobis</strong></span> <span class='ocrx_word' id='word_1_78' title='bbox 1627 1132 1693 1189; x_wconf 90' lang='lat' dir='ltr'><strong>et</strong></span> <span class='ocrx_word' id='word_1_79' title='bbox 1752 1134 1884 1191; x_wconf 88' lang='lat' dir='ltr'><strong>tam</strong></span> <span class='ocrx_word' id='word_1_80' title='bbox 1936 1122 2225 1189; x_wconf 88' lang='lat' dir='ltr'><strong>obsoleta</strong></span> <span class='ocrx_word' id='word_1_81' title='bbox 2276 1122 2509 1189; x_wconf 88' lang='lat' dir='ltr'><strong>decan-</strong></span> 
     </span>
     <span class='ocr_line' id='line_1_11' title="bbox 442 1214 2506 1305; baseline -0.001 -22"><span class='ocrx_word' id='word_1_82' title='bbox 442 1229 536 1295; x_wconf 78' lang='lat' dir='ltr'><strong>to,</strong></span> <span class='ocrx_word' id='word_1_83' title='bbox 576 1215 588 1303; x_wconf 84' lang='grc' dir='ltr'>Ι</span> <span class='ocrx_word' id='word_1_84' title='bbox 625 1218 741 1283; x_wconf 90' lang='lat' dir='ltr'><strong>sed</strong></span> <span class='ocrx_word' id='word_1_85' title='bbox 783 1216 1154 1283; x_wconf 74' lang='lat' dir='ltr'><strong>inlustribus</strong></span> <span class='ocrx_word' id='word_1_86' title='bbox 1197 1216 1267 1281; x_wconf 90' lang='lat' dir='ltr'><strong>in</strong></span> <span class='ocrx_word' id='word_1_87' title='bbox 1308 1216 1594 1301; x_wconf 86' lang='lat' dir='ltr'><strong>personis</strong></span> <span class='ocrx_word' id='word_1_88' title='bbox 1652 1218 2172 1304; x_wconf 81' lang='lat' dir='ltr'><strong>temporibusque</strong></span> <span class='ocrx_word' id='word_1_89' title='bbox 2230 1214 2322 1305; x_wconf 88' lang='lat' dir='ltr'><strong>[p.</strong></span> <span class='ocrx_word' id='word_1_90' title='bbox 2362 1216 2506 1281; x_wconf 88' lang='lat'><strong>186.</strong></span> 
     </span>
     <span class='ocr_line' id='line_1_12' title="bbox 437 1310 2510 1398; baseline -0 -21"><span class='ocrx_word' id='word_1_91' title='bbox 437 1313 744 1398; x_wconf 86' lang='lat' dir='ltr'><strong>exempla</strong></span> <span class='ocrx_word' id='word_1_92' title='bbox 793 1311 1128 1377; x_wconf 87' lang='lat' dir='ltr'><strong>hominum</strong></span> <span class='ocrx_word' id='word_1_93' title='bbox 1179 1332 1520 1397; x_wconf 85' lang='lat' dir='ltr'><strong>rerumque</strong></span> <span class='ocrx_word' id='word_1_94' title='bbox 1574 1312 1841 1389; x_wconf 84' lang='lat' dir='ltr'><strong>definio,</strong></span> <span class='ocrx_word' id='word_1_95' title='bbox 1902 1312 1987 1377; x_wconf 87' lang='lat' dir='ltr'><strong>ad</strong></span> <span class='ocrx_word' id='word_1_96' title='bbox 2046 1332 2213 1397; x_wconf 76' lang='lat' dir='ltr'><strong>quae</strong></span> <span class='ocrx_word' id='word_1_97' title='bbox 2264 1310 2510 1396; x_wconf 82' lang='lat' dir='ltr'><strong>reliqua</strong></span> 
     </span>
     <span class='ocr_line' id='line_1_13' title="bbox 437 1406 1230 1491; baseline 0 -22"><span class='ocrx_word' id='word_1_98' title='bbox 437 1406 652 1471; x_wconf 85' lang='lat' dir='ltr'><strong>oratio</strong></span> <span class='ocrx_word' id='word_1_99' title='bbox 689 1406 1031 1491; x_wconf 75' lang='lat' dir='ltr'><strong>detegatur</strong></span> <span class='ocrx_word' id='word_1_100' title='bbox 1064 1428 1230 1471; x_wconf 90' lang='lat' dir='ltr'><strong>mea.</strong></span> 
     </span>
    </p>

    <p class='ocr_par' dir='ltr' id='par_1_3' title="bbox 439 1486 2611 2901">
     <span class='ocr_line' id='line_1_14' title="bbox 579 1486 2611 1599; baseline 0 -34"><span class='ocrx_word' id='word_1_101' title='bbox 579 1500 820 1566; x_wconf 84' lang='lat' dir='ltr'><strong>Tenuit</strong></span> <span class='ocrx_word' id='word_1_102' title='bbox 852 1500 1048 1585; x_wconf 90' lang='lat' dir='ltr'><strong>igitur</strong></span> <span class='ocrx_word' id='word_1_103' title='bbox 1081 1500 1205 1567; x_wconf 91' lang='lat' dir='ltr'><strong>hoc</strong></span> <span class='ocrx_word' id='word_1_104' title='bbox 1236 1500 1306 1565; x_wconf 89' lang='lat' dir='ltr'><strong>in</strong></span> <span class='ocrx_word' id='word_1_105' title='bbox 1340 1510 1511 1566; x_wconf 84' lang='lat' dir='ltr'><strong>statu</strong></span> <span class='ocrx_word' id='word_1_106' title='bbox 1547 1511 1809 1566; x_wconf 87' lang='lat' dir='ltr'><strong>senatus</strong></span> <span class='ocrx_word' id='word_1_107' title='bbox 1834 1522 1971 1567; x_wconf 89' lang='lat' dir='ltr'><strong>rem</strong></span> <span class='ocrx_word' id='word_1_108' title='bbox 1994 1500 2320 1587; x_wconf 82' lang='lat' dir='ltr'><strong>publicam</strong></span> <span class='ocrx_word' id='word_1_109' title='bbox 2346 1509 2508 1565; x_wconf 87' lang='lat' dir='ltr'><strong>tem-</strong></span> <span class='ocrx_word' id='word_1_110' title='bbox 2542 1486 2611 1599; x_wconf 58' lang='grc' dir='ltr'><strong>ἒξ</strong></span> 
     </span>
     <span class='ocr_line' id='line_1_15' title="bbox 441 1594 2507 1681; baseline 0 -22"><span class='ocrx_word' id='word_1_111' title='bbox 441 1594 712 1681; x_wconf 88' lang='lat' dir='ltr'><strong>poribus</strong></span> <span class='ocrx_word' id='word_1_112' title='bbox 763 1594 916 1669; x_wconf 89' lang='lat' dir='ltr'><strong>illis,</strong></span> <span class='ocrx_word' id='word_1_113' title='bbox 969 1606 1042 1659; x_wconf 89' lang='lat' dir='ltr'><strong>ut</strong></span> <span class='ocrx_word' id='word_1_114' title='bbox 1093 1596 1161 1662; x_wconf 85' lang='lat' dir='ltr'><strong>in</strong></span> <span class='ocrx_word' id='word_1_115' title='bbox 1212 1595 1452 1681; x_wconf 87' lang='lat' dir='ltr'><strong>populo</strong></span> <span class='ocrx_word' id='word_1_116' title='bbox 1504 1594 1708 1661; x_wconf 84' lang='lat' dir='ltr'><strong>libero</strong></span> <span class='ocrx_word' id='word_1_117' title='bbox 1760 1616 1969 1679; x_wconf 87' lang='lat' dir='ltr'><strong>pauca</strong></span> <span class='ocrx_word' id='word_1_118' title='bbox 2018 1618 2134 1681; x_wconf 91' lang='lat' dir='ltr'><strong>per</strong></span> <span class='ocrx_word' id='word_1_119' title='bbox 2175 1596 2507 1680; x_wconf 87' lang='lat' dir='ltr'><strong>populum,</strong></span> 
     </span>
     <span class='ocr_line' id='line_1_16' title="bbox 441 1689 2511 1774; baseline 0 -22"><span class='ocrx_word' id='word_1_120' title='bbox 441 1689 754 1774; x_wconf 85' lang='lat' dir='ltr'><strong>pleraque</strong></span> <span class='ocrx_word' id='word_1_121' title='bbox 809 1700 1068 1754; x_wconf 85' lang='lat' dir='ltr'><strong>senatus</strong></span> <span class='ocrx_word' id='word_1_122' title='bbox 1122 1690 1499 1755; x_wconf 84' lang='lat' dir='ltr'><strong>auctoritate</strong></span> <span class='ocrx_word' id='word_1_123' title='bbox 1545 1700 1608 1755; x_wconf 92' lang='lat' dir='ltr'><strong>et</strong></span> <span class='ocrx_word' id='word_1_124' title='bbox 1650 1690 1937 1753; x_wconf 86' lang='lat' dir='ltr'><strong>instituto</strong></span> <span class='ocrx_word' id='word_1_125' title='bbox 1984 1712 2060 1753; x_wconf 88' lang='lat' dir='ltr'><strong>ac</strong></span> <span class='ocrx_word' id='word_1_126' title='bbox 2107 1710 2283 1753; x_wconf 91' lang='lat' dir='ltr'><strong>more</strong></span> <span class='ocrx_word' id='word_1_127' title='bbox 2326 1710 2511 1773; x_wconf 87' lang='lat' dir='ltr'><strong>gere-</strong></span> 
     </span>
     <span class='ocr_line' id='line_1_17' title="bbox 441 1782 2509 1868; baseline -0 -21"><span class='ocrx_word' id='word_1_128' title='bbox 441 1793 698 1858; x_wconf 85' lang='lat' dir='ltr'><strong>rentur,</strong></span> <span class='ocrx_word' id='word_1_129' title='bbox 745 1792 940 1865; x_wconf 83' lang='lat' dir='ltr'><strong>atque</strong></span> <span class='ocrx_word' id='word_1_130' title='bbox 975 1784 1070 1847; x_wconf 88' lang='lat' dir='ltr'><strong>uti</strong></span> <span class='ocrx_word' id='word_1_131' title='bbox 1105 1784 1398 1851; x_wconf 88' lang='lat' dir='ltr'><strong>consules</strong></span> <span class='ocrx_word' id='word_1_132' title='bbox 1441 1793 1825 1868; x_wconf 87' lang='lat' dir='ltr'><strong>potestatem</strong></span> <span class='ocrx_word' id='word_1_133' title='bbox 1866 1782 2177 1849; x_wconf 84' lang='lat' dir='ltr'><strong>haberent</strong></span> <span class='ocrx_word' id='word_1_134' title='bbox 2223 1794 2509 1867; x_wconf 88' lang='lat' dir='ltr'><strong>tempore</strong></span> 
     </span>
     <span class='ocr_line' id='line_1_18' title="bbox 441 1873 2508 1963; baseline 0.001 -24"><span class='ocrx_word' id='word_1_135' title='bbox 441 1876 608 1939; x_wconf 89' lang='lat' dir='ltr'><strong>dum</strong></span> <span class='ocrx_word' id='word_1_136' title='bbox 649 1886 828 1941; x_wconf 78' lang='lat' dir='ltr'><strong>taxat</strong></span> <span class='ocrx_word' id='word_1_137' title='bbox 873 1898 1181 1955; x_wconf 86' lang='lat' dir='ltr'><strong>annuam,</strong></span> <span class='ocrx_word' id='word_1_138' title='bbox 1222 1873 1232 1962; x_wconf 86' lang='grc' dir='ltr'>Ι</span> <span class='ocrx_word' id='word_1_139' title='bbox 1269 1898 1505 1962; x_wconf 86' lang='lat' dir='ltr'><strong>genere</strong></span> <span class='ocrx_word' id='word_1_140' title='bbox 1539 1877 1683 1961; x_wconf 89' lang='lat' dir='ltr'><strong>ipso</strong></span> <span class='ocrx_word' id='word_1_141' title='bbox 1716 1899 1795 1941; x_wconf 82' lang='lat' dir='ltr'><strong>ac</strong></span> <span class='ocrx_word' id='word_1_142' title='bbox 1830 1876 1969 1943; x_wconf 89' lang='lat' dir='ltr'><strong>iure</strong></span> <span class='ocrx_word' id='word_1_143' title='bbox 2002 1877 2267 1963; x_wconf 85' lang='lat' dir='ltr'><strong>regiam.</strong></span> <span class='ocrx_word' id='word_1_144' title='bbox 2316 1875 2407 1963; x_wconf 89' lang='lat' dir='ltr'><strong>[p.</strong></span> <span class='ocrx_word' id='word_1_145' title='bbox 2444 1874 2508 1941; x_wconf 88' lang='lat'><strong>5.</strong></span> 
     </span>
     <span class='ocr_line' id='line_1_19' title="bbox 439 1968 2511 2062; baseline 0 -29"><span class='ocrx_word' id='word_1_146' title='bbox 439 1969 751 2053; x_wconf 84' lang='lat' dir='ltr'><strong>quodque</strong></span> <span class='ocrx_word' id='word_1_147' title='bbox 805 1980 942 2035; x_wconf 87' lang='lat' dir='ltr'><strong>erat</strong></span> <span class='ocrx_word' id='word_1_148' title='bbox 993 1970 1078 2036; x_wconf 86' lang='lat' dir='ltr'><strong>ad</strong></span> <span class='ocrx_word' id='word_1_149' title='bbox 1109 1968 1608 2062; x_wconf 84' lang='lat' dir='ltr'><strong>[obtinendam]</strong></span> <span class='ocrx_word' id='word_1_150' title='bbox 1657 1971 2013 2056; x_wconf 84' lang='lat' dir='ltr'><strong>potentiam</strong></span> <span class='ocrx_word' id='word_1_151' title='bbox 2053 1970 2365 2038; x_wconf 89' lang='lat' dir='ltr'><strong>nobilium</strong></span> <span class='ocrx_word' id='word_1_152' title='bbox 2408 1970 2511 2036; x_wconf 87' lang='lat' dir='ltr'><strong>vel</strong></span> 
     </span>
     <span class='ocr_line' id='line_1_20' title="bbox 441 2062 2510 2151; baseline 0 -22"><span class='ocrx_word' id='word_1_153' title='bbox 441 2062 830 2139; x_wconf 83' lang='lat' dir='ltr'><strong>maximum,</strong></span> <span class='ocrx_word' id='word_1_154' title='bbox 866 2063 1276 2131; x_wconf 86' lang='lat' dir='ltr'><strong>vehementer</strong></span> <span class='ocrx_word' id='word_1_155' title='bbox 1309 2064 1380 2128; x_wconf 88' lang='lat' dir='ltr'><strong>id</strong></span> <span class='ocrx_word' id='word_1_156' title='bbox 1411 2065 1835 2141; x_wconf 79' lang='lat' dir='ltr'><strong>retinebatur,</strong></span> <span class='ocrx_word' id='word_1_157' title='bbox 1880 2064 2101 2151; x_wconf 91' lang='lat' dir='ltr'><strong>populi</strong></span> <span class='ocrx_word' id='word_1_158' title='bbox 2138 2065 2395 2129; x_wconf 88' lang='lat' dir='ltr'><strong>comitia</strong></span> <span class='ocrx_word' id='word_1_159' title='bbox 2428 2087 2510 2130; x_wconf 90' lang='lat' dir='ltr'><strong>ne</strong></span> 
     </span>
     <span class='ocr_line' id='line_1_21' title="bbox 439 2157 2512 2244; baseline 0.002 -21"><span class='ocrx_word' id='word_1_160' title='bbox 439 2168 663 2223; x_wconf 86' lang='lat' dir='ltr'><strong>essent</strong></span> <span class='ocrx_word' id='word_1_161' title='bbox 697 2168 856 2235; x_wconf 86' lang='lat' dir='ltr'><strong>rata,</strong></span> <span class='ocrx_word' id='word_1_162' title='bbox 891 2157 1018 2222; x_wconf 89' lang='lat' dir='ltr'><strong>nisi</strong></span> <span class='ocrx_word' id='word_1_163' title='bbox 1051 2181 1128 2223; x_wconf 91' lang='lat' dir='ltr'><strong>ea</strong></span> <span class='ocrx_word' id='word_1_164' title='bbox 1162 2169 1420 2244; x_wconf 83' lang='lat' dir='ltr'><strong>patrum</strong></span> <span class='ocrx_word' id='word_1_165' title='bbox 1455 2158 1940 2244; x_wconf 76' lang='lat' dir='ltr'><strong>adprobavisset</strong></span> <span class='ocrx_word' id='word_1_166' title='bbox 1974 2158 2336 2224; x_wconf 83' lang='lat' dir='ltr'><strong>auctoritas.</strong></span> <span class='ocrx_word' id='word_1_167' title='bbox 2416 2168 2512 2227; x_wconf 76' lang='lat' dir='ltr'><strong>at-</strong></span> 
     </span>
     <span class='ocr_line' id='line_1_22' title="bbox 441 2250 2511 2337; baseline 0 -20"><span class='ocrx_word' id='word_1_168' title='bbox 441 2274 577 2335; x_wconf 91' lang='lat' dir='ltr'><strong>que</strong></span> <span class='ocrx_word' id='word_1_169' title='bbox 637 2251 737 2315; x_wconf 89' lang='lat' dir='ltr'><strong>his</strong></span> <span class='ocrx_word' id='word_1_170' title='bbox 797 2250 952 2337; x_wconf 88' lang='lat' dir='ltr'><strong>ipsis</strong></span> <span class='ocrx_word' id='word_1_171' title='bbox 1015 2252 1410 2337; x_wconf 83' lang='lat' dir='ltr'><strong>temporibus</strong></span> <span class='ocrx_word' id='word_1_172' title='bbox 1464 2252 1737 2318; x_wconf 85' lang='lat' dir='ltr'><strong>dictator</strong></span> <span class='ocrx_word' id='word_1_173' title='bbox 1791 2252 1985 2319; x_wconf 81' lang='lat' dir='ltr'><strong>etiam</strong></span> <span class='ocrx_word' id='word_1_174' title='bbox 2034 2263 2133 2319; x_wconf 90' lang='lat' dir='ltr'><strong>est</strong></span> <span class='ocrx_word' id='word_1_175' title='bbox 2181 2252 2511 2317; x_wconf 85' lang='lat' dir='ltr'><strong>institutus</strong></span> 
     </span>
     <span class='ocr_line' id='line_1_23' title="bbox 441 2344 2513 2455; baseline 0.001 -46"><span class='ocrx_word' id='word_1_176' title='bbox 441 2346 676 2411; x_wconf 87' lang='lat' dir='ltr'><strong>decem</strong></span> <span class='ocrx_word' id='word_1_177' title='bbox 708 2344 843 2410; x_wconf 85' lang='lat' dir='ltr'><strong>fere</strong></span> <span class='ocrx_word' id='word_1_178' title='bbox 880 2345 1064 2411; x_wconf 86' lang='lat' dir='ltr'><strong>annis</strong></span> <span class='ocrx_word' id='word_1_179' title='bbox 1097 2357 1245 2454; x_wconf 86' lang='lat' dir='ltr'><strong>post</strong></span> <span class='ocrx_word' id='word_1_180' title='bbox 1279 2346 1520 2455; x_wconf 84' lang='lat' dir='ltr'><strong>primos</strong></span> <span class='ocrx_word' id='word_1_181' title='bbox 1553 2346 1885 2423; x_wconf 84' lang='lat' dir='ltr'><strong>consules,</strong></span> <span class='ocrx_word' id='word_1_182' title='bbox 1931 2346 2011 2411; x_wconf 88' lang='lat' dir='ltr'><strong>T.</strong></span> <span class='ocrx_word' id='word_1_183' title='bbox 2048 2346 2351 2423; x_wconf 85' lang='lat' dir='ltr'><strong>Larcius,</strong></span> <span class='ocrx_word' id='word_1_184' title='bbox 2396 2368 2513 2411; x_wconf 90' lang='lat' dir='ltr'><strong>no-</strong></span> 
     </span>
     <span class='ocr_line' id='line_1_24' title="bbox 442 2422 2513 2528; baseline 0 -25"><span class='ocrx_word' id='word_1_185' title='bbox 442 2461 731 2523; x_wconf 86' lang='lat' dir='ltr'><strong>vumque</strong></span> <span class='ocrx_word' id='word_1_186' title='bbox 757 2440 826 2505; x_wconf 87' lang='lat' dir='ltr'><strong>id</strong></span> <span class='ocrx_word' id='word_1_187' title='bbox 849 2462 1057 2526; x_wconf 86' lang='lat' dir='ltr'><strong>genus</strong></span> <span class='ocrx_word' id='word_1_188' title='bbox 1092 2422 1344 2525; x_wconf 89' lang='lat' dir='ltr'><strong>imperii</strong></span> <span class='ocrx_word' id='word_1_189' title='bbox 1372 2440 1584 2505; x_wconf 87' lang='lat' dir='ltr'><strong>visum</strong></span> <span class='ocrx_word' id='word_1_190' title='bbox 1611 2452 1707 2507; x_wconf 84' lang='lat' dir='ltr'><strong>est</strong></span> <span class='ocrx_word' id='word_1_191' title='bbox 1734 2452 1799 2507; x_wconf 92' lang='lat' dir='ltr'><strong>et</strong></span> <span class='ocrx_word' id='word_1_192' title='bbox 1826 2441 2189 2528; x_wconf 84' lang='lat' dir='ltr'><strong>proximum</strong></span> <span class='ocrx_word' id='word_1_193' title='bbox 2218 2440 2513 2505; x_wconf 89' lang='lat' dir='ltr'><strong>similitu-</strong></span> 
     </span>
     <span class='ocr_line' id='line_1_25' title="bbox 440 2532 2508 2621; baseline 0 -22"><span class='ocrx_word' id='word_1_194' title='bbox 440 2534 585 2599; x_wconf 86' lang='lat' dir='ltr'><strong>dini</strong></span> <span class='ocrx_word' id='word_1_195' title='bbox 612 2535 849 2621; x_wconf 85' lang='lat' dir='ltr'><strong>regiae.</strong></span> <span class='ocrx_word' id='word_1_196' title='bbox 919 2533 1062 2618; x_wconf 70' lang='lat' dir='ltr'><strong>sed!</strong></span> <span class='ocrx_word' id='word_1_197' title='bbox 1087 2547 1302 2599; x_wconf 86' lang='lat' dir='ltr'><strong>tamen</strong></span> <span class='ocrx_word' id='word_1_198' title='bbox 1329 2535 1545 2602; x_wconf 88' lang='lat' dir='ltr'><strong>omnia</strong></span> <span class='ocrx_word' id='word_1_199' title='bbox 1571 2558 1823 2601; x_wconf 85' lang='lat' dir='ltr'><strong>summa</strong></span> <span class='ocrx_word' id='word_1_200' title='bbox 1852 2558 2001 2601; x_wconf 87' lang='lat' dir='ltr'><strong>cum</strong></span> <span class='ocrx_word' id='word_1_201' title='bbox 2020 2534 2302 2601; x_wconf 85' lang='lat' dir='ltr'><strong>auctori·</strong></span> <span class='ocrx_word' id='word_1_202' title='bbox 2329 2532 2421 2620; x_wconf 84' lang='lat' dir='ltr'><strong>[p.</strong></span> <span class='ocrx_word' id='word_1_203' title='bbox 2447 2535 2508 2599; x_wconf 88' lang='lat'><strong>6.</strong></span> 
     </span>
     <span class='ocr_line' id='line_1_26' title="bbox 443 2628 2509 2715; baseline 0 -22"><span class='ocrx_word' id='word_1_204' title='bbox 443 2638 580 2693; x_wconf 88' lang='lat' dir='ltr'><strong>tate</strong></span> <span class='ocrx_word' id='word_1_205' title='bbox 617 2650 656 2693; x_wconf 91' lang='lat' dir='ltr'><strong>a</strong></span> <span class='ocrx_word' id='word_1_206' title='bbox 683 2628 1078 2714; x_wconf 85' lang='lat' dir='ltr'><strong>principibus</strong></span> <span class='ocrx_word' id='word_1_207' title='bbox 1109 2629 1372 2695; x_wconf 87' lang='lat' dir='ltr'><strong>cedente</strong></span> <span class='ocrx_word' id='word_1_208' title='bbox 1396 2631 1637 2715; x_wconf 65' lang='lat' dir='ltr'><strong>&gt;populo</strong></span> <span class='ocrx_word' id='word_1_209' title='bbox 1666 2630 2069 2706; x_wconf 85' lang='lat' dir='ltr'><strong>tenebantur,</strong></span> <span class='ocrx_word' id='word_1_210' title='bbox 2106 2650 2509 2714; x_wconf 83' lang='lat' dir='ltr'><strong>magnaeque</strong></span> 
     </span>
     <span class='ocr_line' id='line_1_27' title="bbox 443 2722 2509 2808; baseline -0.001 -20"><span class='ocrx_word' id='word_1_211' title='bbox 443 2745 551 2788; x_wconf 90' lang='lat' dir='ltr'><strong>res</strong></span> <span class='ocrx_word' id='word_1_212' title='bbox 605 2722 997 2808; x_wconf 88' lang='lat' dir='ltr'><strong>temporibus</strong></span> <span class='ocrx_word' id='word_1_213' title='bbox 1049 2723 1268 2787; x_wconf 86' lang='lat' dir='ltr'><strong>illisa</strong></span> <span class='ocrx_word' id='word_1_214' title='bbox 1319 2722 1682 2788; x_wconf 84' lang='lat' dir='ltr'><strong>fortissimis</strong></span> <span class='ocrx_word' id='word_1_215' title='bbox 1736 2724 1889 2789; x_wconf 88' lang='lat' dir='ltr'><strong>viris</strong></span> <span class='ocrx_word' id='word_1_216' title='bbox 1942 2745 2191 2789; x_wconf 87' lang='lat' dir='ltr'><strong>summo</strong></span> <span class='ocrx_word' id='word_1_217' title='bbox 2241 2722 2509 2805; x_wconf 88' lang='lat' dir='ltr'><strong>imperio</strong></span> 
     </span>
     <span class='ocr_line' id='line_1_28' title="bbox 444 2814 2473 2901; baseline -0.001 -22"><span class='ocrx_word' id='word_1_218' title='bbox 444 2814 754 2901; x_wconf 87' lang='lat' dir='ltr'><strong>praeditis</strong></span> <span class='ocrx_word' id='word_1_219' title='bbox 791 2814 1208 2879; x_wconf 87' lang='lat' dir='ltr'><strong>dictatoribus</strong></span> <span class='ocrx_word' id='word_1_220' title='bbox 1243 2826 1437 2897; x_wconf 82' lang='lat' dir='ltr'><strong>atque</strong></span> <span class='ocrx_word' id='word_1_221' title='bbox 1474 2816 1845 2881; x_wconf 87' lang='lat' dir='ltr'><strong>consulibus</strong></span> <span class='ocrx_word' id='word_1_222' title='bbox 1879 2816 2033 2881; x_wconf 87' lang='lat' dir='ltr'><strong>belli</strong></span> <span class='ocrx_word' id='word_1_223' title='bbox 2065 2815 2473 2899; x_wconf 84' lang='lat' dir='ltr'><strong>gerebantur.</strong></span> 
     </span>
    </p>

    <p class='ocr_par' dir='ltr' id='par_1_4' title="bbox 434 2902 2637 4027">
     <span class='ocr_line' id='line_1_29' title="bbox 586 2902 2614 2993; baseline -0.001 -20"><span class='ocrx_word' id='word_1_224' title='bbox 586 2905 720 2973; x_wconf 87' lang='lat' dir='ltr'><strong>Sed</strong></span> <span class='ocrx_word' id='word_1_225' title='bbox 770 2906 868 2983; x_wconf 89' lang='lat' dir='ltr'><strong>id,</strong></span> <span class='ocrx_word' id='word_1_226' title='bbox 924 2907 1098 2990; x_wconf 90' lang='lat' dir='ltr'><strong>quod</strong></span> <span class='ocrx_word' id='word_1_227' title='bbox 1147 2908 1288 2973; x_wconf 87' lang='lat' dir='ltr'><strong>fieri</strong></span> <span class='ocrx_word' id='word_1_228' title='bbox 1337 2919 1574 2973; x_wconf 86' lang='lat' dir='ltr'><strong>natura</strong></span> <span class='ocrx_word' id='word_1_229' title='bbox 1625 2931 1843 2975; x_wconf 89' lang='lat' dir='ltr'><strong>rerum</strong></span> <span class='ocrx_word' id='word_1_230' title='bbox 1892 2910 2033 2993; x_wconf 88' lang='lat' dir='ltr'><strong>ipsa</strong></span> <span class='ocrx_word' id='word_1_231' title='bbox 2086 2908 2386 2993; x_wconf 86' lang='lat' dir='ltr'><strong>cogebat,</strong></span> <span class='ocrx_word' id='word_1_232' title='bbox 2438 2919 2513 2971; x_wconf 84' lang='lat' dir='ltr'><strong>ut</strong></span> <span class='ocrx_word' id='word_1_233' title='bbox 2546 2902 2614 2956; x_wconf 83' lang='lat'><strong>33</strong></span> 
     </span>
     <span class='ocr_line' id='line_1_30' title="bbox 448 2974 2581 3091; baseline 0 -25"><span class='ocrx_word' id='word_1_234' title='bbox 448 3001 818 3091; x_wconf 85' lang='lat' dir='ltr'><strong>plusculum</strong></span> <span class='ocrx_word' id='word_1_235' title='bbox 854 3000 1028 3065; x_wconf 89' lang='lat' dir='ltr'><strong>sibi</strong></span> <span class='ocrx_word' id='word_1_236' title='bbox 1011 3001 1166 3066; x_wconf 90' lang='lat' dir='ltr'><strong>1uris</strong></span> <span class='ocrx_word' id='word_1_237' title='bbox 1201 3002 1478 3087; x_wconf 83' lang='lat' dir='ltr'><strong>populus</strong></span> <span class='ocrx_word' id='word_1_238' title='bbox 1515 3001 1901 3067; x_wconf 86' lang='lat' dir='ltr'><strong>adscisceret</strong></span> <span class='ocrx_word' id='word_1_239' title='bbox 1932 3003 2236 3070; x_wconf 82' lang='lat' dir='ltr'><strong>liberatus</strong></span> <span class='ocrx_word' id='word_1_240' title='bbox 2272 3025 2311 3066; x_wconf 89' lang='lat' dir='ltr'><strong>a</strong></span> <span class='ocrx_word' id='word_1_241' title='bbox 2344 2974 2581 3089; x_wconf 83' lang='lat' dir='ltr'><strong>regi-⁵</strong></span> 
     </span>
     <span class='ocr_line' id='line_1_31' title="bbox 434 3094 2515 3181; baseline 0 -20"><span class='ocrx_word' id='word_1_242' title='bbox 434 3094 607 3173; x_wconf 74' lang='lat' dir='ltr'><strong>bus,</strong></span> <span class='ocrx_word' id='word_1_243' title='bbox 653 3118 783 3159; x_wconf 89' lang='lat' dir='ltr'><strong>non</strong></span> <span class='ocrx_word' id='word_1_244' title='bbox 826 3094 1022 3181; x_wconf 89' lang='lat' dir='ltr'><strong>longo</strong></span> <span class='ocrx_word' id='word_1_245' title='bbox 1056 3096 1422 3173; x_wconf 88' lang='lat' dir='ltr'><strong>intervall0‚</strong></span> <span class='ocrx_word' id='word_1_246' title='bbox 1469 3106 1650 3163; x_wconf 84' lang='lat' dir='ltr'><strong>sexto</strong></span> <span class='ocrx_word' id='word_1_247' title='bbox 1686 3096 1934 3161; x_wconf 90' lang='lat' dir='ltr'><strong>decimo</strong></span> <span class='ocrx_word' id='word_1_248' title='bbox 1970 3095 2105 3163; x_wconf 85' lang='lat' dir='ltr'><strong>fere</strong></span> <span class='ocrx_word' id='word_1_249' title='bbox 2141 3117 2339 3174; x_wconf 90' lang='lat' dir='ltr'><strong>ann0,</strong></span> <span class='ocrx_word' id='word_1_250' title='bbox 2382 3096 2515 3163; x_wconf 89' lang='lat' dir='ltr'><strong>Po-</strong></span> 
     </span>
     <span class='ocr_line' id='line_1_32' title="bbox 451 3186 2511 3277; baseline -0 -21"><span class='ocrx_word' id='word_1_251' title='bbox 451 3202 665 3257; x_wconf 88' lang='lat' dir='ltr'><strong>stumo</strong></span> <span class='ocrx_word' id='word_1_252' title='bbox 721 3186 1036 3273; x_wconf 67' lang='lat' dir='ltr'><strong>Colminio</strong></span> <span class='ocrx_word' id='word_1_253' title='bbox 1092 3188 1209 3275; x_wconf 90' lang='lat' dir='ltr'><strong>Sp.</strong></span> <span class='ocrx_word' id='word_1_254' title='bbox 1264 3186 1493 3257; x_wconf 86' lang='lat' dir='ltr'><strong>Cassio</strong></span> <span class='ocrx_word' id='word_1_255' title='bbox 1549 3190 1919 3257; x_wconf 89' lang='lat' dir='ltr'><strong>consulibus</strong></span> <span class='ocrx_word' id='word_1_256' title='bbox 1970 3202 2264 3257; x_wconf 83' lang='lat' dir='ltr'><strong>secutum</strong></span> <span class='ocrx_word' id='word_1_257' title='bbox 2320 3190 2411 3277; x_wconf 92' lang='lat' dir='ltr'><strong>[p.</strong></span> <span class='ocrx_word' id='word_1_258' title='bbox 2451 3191 2511 3255; x_wconf 85' lang='lat'><strong>7.</strong></span> 
     </span>
     <span class='ocr_line' id='line_1_33' title="bbox 451 3283 2637 3370; baseline -0.002 -18"><span class='ocrx_word' id='word_1_259' title='bbox 451 3296 579 3352; x_wconf 81' lang='lat' dir='ltr'><strong>est:</strong></span> <span class='ocrx_word' id='word_1_260' title='bbox 633 3285 702 3348; x_wconf 90' lang='lat' dir='ltr'><strong>in</strong></span> <span class='ocrx_word' id='word_1_261' title='bbox 745 3306 874 3367; x_wconf 90' lang='lat' dir='ltr'><strong>quo</strong></span> <span class='ocrx_word' id='word_1_262' title='bbox 919 3283 1126 3351; x_wconf 85' lang='lat' dir='ltr'><strong>defuit</strong></span> <span class='ocrx_word' id='word_1_263' title='bbox 1169 3284 1440 3351; x_wconf 86' lang='lat' dir='ltr'><strong>fortasse</strong></span> <span class='ocrx_word' id='word_1_264' title='bbox 1482 3285 1677 3363; x_wconf 87' lang='lat' dir='ltr'><strong>ratio,</strong></span> <span class='ocrx_word' id='word_1_265' title='bbox 1722 3286 1838 3350; x_wconf 86' lang='lat' dir='ltr'><strong>sed</strong></span> <span class='ocrx_word' id='word_1_266' title='bbox 1885 3296 2099 3351; x_wconf 89' lang='lat' dir='ltr'><strong>tamen</strong></span> <span class='ocrx_word' id='word_1_267' title='bbox 2145 3287 2343 3351; x_wconf 87' lang='lat' dir='ltr'><strong>vincit</strong></span> <span class='ocrx_word' id='word_1_268' title='bbox 2375 3286 2517 3370; x_wconf 91' lang='lat' dir='ltr'><strong>ipsa</strong></span> <span class='ocrx_word' id='word_1_269' title='bbox 2616 3312 2637 3347; x_wconf 86' lang='lat'><strong>·.</strong></span> 
     </span>
     <span class='ocr_line' id='line_1_34' title="bbox 451 3378 2518 3465; baseline -0.001 -20"><span class='ocrx_word' id='word_1_270' title='bbox 451 3400 670 3445; x_wconf 90' lang='lat' dir='ltr'><strong>rerum</strong></span> <span class='ocrx_word' id='word_1_271' title='bbox 704 3378 1108 3463; x_wconf 87' lang='lat' dir='ltr'><strong>publicarum</strong></span> <span class='ocrx_word' id='word_1_272' title='bbox 1144 3389 1374 3443; x_wconf 87' lang='lat' dir='ltr'><strong>natura</strong></span> <span class='ocrx_word' id='word_1_273' title='bbox 1410 3402 1604 3465; x_wconf 87' lang='lat' dir='ltr'><strong>saepe</strong></span> <span class='ocrx_word' id='word_1_274' title='bbox 1637 3379 1970 3445; x_wconf 88' lang='lat' dir='ltr'><strong>rationem.</strong></span> <span class='ocrx_word' id='word_1_275' title='bbox 2041 3379 2110 3444; x_wconf 89' lang='lat' dir='ltr'><strong>id</strong></span> <span class='ocrx_word' id='word_1_276' title='bbox 2143 3380 2314 3444; x_wconf 90' lang='lat' dir='ltr'><strong>enim</strong></span> <span class='ocrx_word' id='word_1_277' title='bbox 2342 3389 2518 3443; x_wconf 85' lang='lat' dir='ltr'><strong>tene-</strong></span> 
     </span>
     <span class='ocr_line' id='line_1_35' title="bbox 451 3471 2517 3557; baseline -0.003 -16"><span class='ocrx_word' id='word_1_278' title='bbox 451 3484 620 3549; x_wconf 88' lang='lat' dir='ltr'><strong>tote,</strong></span> <span class='ocrx_word' id='word_1_279' title='bbox 673 3472 848 3556; x_wconf 90' lang='lat' dir='ltr'><strong>quod</strong></span> <span class='ocrx_word' id='word_1_280' title='bbox 897 3471 1078 3537; x_wconf 89' lang='lat' dir='ltr'><strong>initio</strong></span> <span class='ocrx_word' id='word_1_281' title='bbox 1135 3472 1298 3549; x_wconf 83' lang='lat' dir='ltr'><strong>dixi,</strong></span> <span class='ocrx_word' id='word_1_282' title='bbox 1351 3472 1476 3539; x_wconf 88' lang='lat' dir='ltr'><strong>nisi</strong></span> <span class='ocrx_word' id='word_1_283' title='bbox 1529 3473 1885 3557; x_wconf 85' lang='lat' dir='ltr'><strong>aequabilis</strong></span> <span class='ocrx_word' id='word_1_284' title='bbox 1937 3472 2098 3539; x_wconf 88' lang='lat' dir='ltr'><strong>haec</strong></span> <span class='ocrx_word' id='word_1_285' title='bbox 2148 3473 2217 3536; x_wconf 91' lang='lat' dir='ltr'><strong>in</strong></span> <span class='ocrx_word' id='word_1_286' title='bbox 2262 3472 2517 3537; x_wconf 89' lang='lat' dir='ltr'><strong>civitate</strong></span> 
     </span>
     <span class='ocr_line' id='line_1_36' title="bbox 449 3566 2520 3677; baseline -0.002 -43"><span class='ocrx_word' id='word_1_287' title='bbox 449 3566 867 3677; x_wconf 82' lang='lat' dir='ltr'><strong>conpensatio</strong></span> <span class='ocrx_word' id='word_1_288' title='bbox 914 3567 994 3633; x_wconf 86' lang='lat' dir='ltr'><strong>sit</strong></span> <span class='ocrx_word' id='word_1_289' title='bbox 1041 3578 1105 3633; x_wconf 90' lang='lat' dir='ltr'><strong>et</strong></span> <span class='ocrx_word' id='word_1_290' title='bbox 1145 3567 1302 3633; x_wconf 87' lang='lat' dir='ltr'><strong>iuris</strong></span> <span class='ocrx_word' id='word_1_291' title='bbox 1348 3578 1412 3633; x_wconf 88' lang='lat' dir='ltr'><strong>et</strong></span> <span class='ocrx_word' id='word_1_292' title='bbox 1445 3568 1642 3633; x_wconf 84' lang='lat' dir='ltr'><strong>officii</strong></span> <span class='ocrx_word' id='word_1_293' title='bbox 1678 3579 1743 3633; x_wconf 92' lang='lat' dir='ltr'><strong>et</strong></span> <span class='ocrx_word' id='word_1_294' title='bbox 1774 3566 2087 3643; x_wconf 89' lang='lat' dir='ltr'><strong>muneris,</strong></span> <span class='ocrx_word' id='word_1_295' title='bbox 2131 3577 2205 3631; x_wconf 90' lang='lat' dir='ltr'><strong>ut</strong></span> <span class='ocrx_word' id='word_1_296' title='bbox 2238 3577 2303 3631; x_wconf 91' lang='lat' dir='ltr'><strong>et</strong></span> <span class='ocrx_word' id='word_1_297' title='bbox 2338 3577 2520 3675; x_wconf 83' lang='lat' dir='ltr'><strong>pote-</strong></span> 
     </span>
     <span class='ocr_line' id='line_1_37' title="bbox 453 3660 2523 3768; baseline -0.001 -41"><span class='ocrx_word' id='word_1_298' title='bbox 453 3662 638 3728; x_wconf 85' lang='lat' dir='ltr'><strong>statis</strong></span> <span class='ocrx_word' id='word_1_299' title='bbox 683 3661 837 3726; x_wconf 87' lang='lat' dir='ltr'><strong>satis</strong></span> <span class='ocrx_word' id='word_1_300' title='bbox 880 3662 948 3727; x_wconf 87' lang='grc' dir='ltr'><strong>ιιι</strong></span> <span class='ocrx_word' id='word_1_301' title='bbox 997 3662 1474 3747; x_wconf 89' lang='lat' dir='ltr'><strong>magistratibus</strong></span> <span class='ocrx_word' id='word_1_302' title='bbox 1519 3672 1585 3727; x_wconf 92' lang='lat' dir='ltr'><strong>et</strong></span> <span class='ocrx_word' id='word_1_303' title='bbox 1627 3660 2021 3728; x_wconf 82' lang='lat' dir='ltr'><strong>auctoritatis</strong></span> <span class='ocrx_word' id='word_1_304' title='bbox 2054 3661 2125 3725; x_wconf 86' lang='grc' dir='ltr'><strong>ιιι</strong></span> <span class='ocrx_word' id='word_1_305' title='bbox 2158 3660 2523 3768; x_wconf 86' lang='lat' dir='ltr'><strong>principum</strong></span> 
     </span>
     <span class='ocr_line' id='line_1_38' title="bbox 457 3752 2523 3841; baseline -0.002 -20"><span class='ocrx_word' id='word_1_306' title='bbox 457 3756 722 3821; x_wconf 86' lang='lat' dir='ltr'><strong>consilio</strong></span> <span class='ocrx_word' id='word_1_307' title='bbox 775 3766 838 3821; x_wconf 91' lang='lat' dir='ltr'><strong>et</strong></span> <span class='ocrx_word' id='word_1_308' title='bbox 887 3756 1198 3821; x_wconf 86' lang='lat' dir='ltr'><strong>libertatis</strong></span> <span class='ocrx_word' id='word_1_309' title='bbox 1239 3756 1309 3821; x_wconf 87' lang='grc' dir='ltr'><strong>ιιι</strong></span> <span class='ocrx_word' id='word_1_310' title='bbox 1351 3756 1592 3841; x_wconf 87' lang='lat' dir='ltr'><strong>populo</strong></span> <span class='ocrx_word' id='word_1_311' title='bbox 1639 3756 1749 3833; x_wconf 85' lang='lat' dir='ltr'><strong>sit,</strong></span> <span class='ocrx_word' id='word_1_312' title='bbox 1801 3778 1933 3821; x_wconf 89' lang='lat' dir='ltr'><strong>non</strong></span> <span class='ocrx_word' id='word_1_313' title='bbox 1974 3776 2165 3841; x_wconf 87' lang='lat' dir='ltr'><strong>posse</strong></span> <span class='ocrx_word' id='word_1_314' title='bbox 2208 3752 2441 3819; x_wconf 89' lang='lat' dir='ltr'><strong>hunc</strong></span> <span class='ocrx_word' id='word_1_315' title='bbox 2423 3776 2523 3816; x_wconf 88' lang='lat' dir='ltr'><strong>m-</strong></span> 
     </span>
     <span class='ocr_line' id='line_1_39' title="bbox 457 3846 2518 3936; baseline -0 -23"><span class='ocrx_word' id='word_1_316' title='bbox 457 3850 994 3931; x_wconf 65' lang='lat' dir='ltr'><strong>commuitabilem</strong></span> <span class='ocrx_word' id='word_1_317' title='bbox 1055 3850 1150 3916; x_wconf 88' lang='lat' dir='ltr'><strong>rei</strong></span> <span class='ocrx_word' id='word_1_318' title='bbox 1202 3850 1498 3936; x_wconf 87' lang='lat' dir='ltr'><strong>publicae</strong></span> <span class='ocrx_word' id='word_1_319' title='bbox 1553 3851 1917 3916; x_wconf 83' lang='lat' dir='ltr'><strong>conservari</strong></span> <span class='ocrx_word' id='word_1_320' title='bbox 1968 3861 2223 3915; x_wconf 63' lang='lat' dir='ltr'><strong>suatum.</strong></span> <span class='ocrx_word' id='word_1_321' title='bbox 2318 3846 2409 3933; x_wconf 90' lang='lat' dir='ltr'><strong>[p.</strong></span> <span class='ocrx_word' id='word_1_322' title='bbox 2458 3846 2518 3912; x_wconf 83' lang='lat'><strong>8.</strong></span> 
     </span>
     <span class='ocr_line' id='line_1_40' title="bbox 457 3942 2613 4027; baseline -0.001 -18"><span class='ocrx_word' id='word_1_323' title='bbox 457 3965 613 4009; x_wconf 88' lang='lat' dir='ltr'><strong>nam</strong></span> <span class='ocrx_word' id='word_1_324' title='bbox 664 3963 810 4007; x_wconf 85' lang='lat' dir='ltr'><strong>cum</strong></span> <span class='ocrx_word' id='word_1_325' title='bbox 863 3956 1032 4010; x_wconf 88' lang='lat' dir='ltr'><strong>esset</strong></span> <span class='ocrx_word' id='word_1_326' title='bbox 1083 3968 1166 4010; x_wconf 89' lang='lat' dir='ltr'><strong>ex</strong></span> <span class='ocrx_word' id='word_1_327' title='bbox 1202 3968 1348 4011; x_wconf 88' lang='lat' dir='ltr'><strong>aere</strong></span> <span class='ocrx_word' id='word_1_328' title='bbox 1403 3945 1610 4011; x_wconf 89' lang='lat' dir='ltr'><strong>alieno</strong></span> <span class='ocrx_word' id='word_1_329' title='bbox 1658 3954 1978 4009; x_wconf 89' lang='lat' dir='ltr'><strong>commota</strong></span> <span class='ocrx_word' id='word_1_330' title='bbox 2022 3943 2277 4019; x_wconf 88' lang='lat' dir='ltr'><strong>civitas,</strong></span> <span class='ocrx_word' id='word_1_331' title='bbox 2331 3942 2516 4027; x_wconf 91' lang='lat' dir='ltr'><strong>plebs</strong></span> <span class='ocrx_word' id='word_1_332' title='bbox 2561 3967 2613 4007; x_wconf 80' lang='lat'><strong>58</strong></span> 
     </span>
    </p>
   </div>
   <div class='ocr_carea' id='block_1_3' title="bbox 457 4036 2521 4193">
    <p class='ocr_par' dir='ltr' id='par_1_5' title="bbox 457 4036 2521 4193">
     <span class='ocr_line' id='line_1_41' title="bbox 457 4036 2521 4125; baseline -0 -23"><span class='ocrx_word' id='word_1_333' title='bbox 457 4046 745 4102; x_wconf 81' lang='lat' dir='ltr'><strong>montem</strong></span> <span class='ocrx_word' id='word_1_334' title='bbox 779 4059 1032 4103; x_wconf 85' lang='lat' dir='ltr'><strong>sacrum</strong></span> <span class='ocrx_word' id='word_1_335' title='bbox 1064 4040 1261 4124; x_wconf 88' lang='lat' dir='ltr'><strong>prius,</strong></span> <span class='ocrx_word' id='word_1_336' title='bbox 1299 4039 1529 4105; x_wconf 85' lang='lat' dir='ltr'><strong>deinde</strong></span> <span class='ocrx_word' id='word_1_337' title='bbox 1564 4038 1963 4106; x_wconf 84' lang='lat' dir='ltr'><strong>Aventinum</strong></span> <span class='ocrx_word' id='word_1_338' title='bbox 2000 4036 2355 4125; x_wconf 87' lang='lat' dir='ltr'><strong>occupavit.</strong></span> <span class='ocrx_word' id='word_1_339' title='bbox 2444 4058 2521 4101; x_wconf 89' lang='lat' dir='ltr'><strong>ac</strong></span> 
     </span>
     <span class='ocr_line' id='line_1_42' title="bbox 2045 4138 2157 4193; baseline 0 0"><span class='ocrx_word' id='word_1_340' title='bbox 2045 4138 2115 4193; x_wconf 82' lang='lat'><strong>13</strong></span> <span class='ocrx_word' id='word_1_341' title='bbox 2133 4141 2157 4167; x_wconf 75' lang='grc'><strong>*</strong></span> 
     </span>
    </p>
   </div>
  </div>
 </body>
</html>
