3292 4559
1079 870 1711 939 ADNOTATIO
1768 867 2239 937 ORITICA.

1676 1128 1830 1177 ctum
1866 1118 2264 1176 enuntiationis
2302 1123 2389 1175 est
2412 1116 2447 1185 ἡ
2477 1118 2755 1189 φρόνησις,

855 1226 962 1281 DE
1017 1224 1347 1282 OFFICHS
1676 1204 1868 1254 nostro
1912 1198 2037 1252 loeo
2081 1212 2197 1251 non
2242 1198 2395 1251 item.
2448 1197 2467 1265 ΙΙ
2513 1200 2595 1247 17.
2638 1196 2758 1247 item

1676 1276 1918 1331 Pearee:
1957 1282 2129 1329 autem
2164 1271 2227 1329 G.
2260 1274 2279 1344 ss
2321 1278 2403 1326 19.
2432 1272 2759 1341 coqitationis

871 1332 1054 1373 LIBER
1081 1331 1328 1374 PRIMUS
1676 1351 1955 1407 BHabe·
1983 1352 2292 1421 coynitionis
2308 1349 2437 1403 AT.
2460 1350 2591 1419 1120.
2614 1348 2759 1400 bene·-

629 1432 678 1503 ξ.
701 1439 748 1485 1.
786 1430 1251 1487 addiscendum&
1277 1433 1296 1500 ΙΙ
1331 1436 1380 1484 3.
1399 1430 1640 1485 elabora·
1672 1426 1905 1503 ficientia
1924 1427 1987 1484 C.
2014 1428 2035 1501 ΙΙ
2058 1434 2142 1481 21.
2162 1430 2342 1497 dequo
2359 1428 2489 1481 n'os:
2526 1443 2673 1495 equo
2693 1422 2759 1493 C,

559 1520 640 1563 ret
666 1508 1003 1564 Lambinus.
1033 1505 1382 1564 laboraretG.
1407 1506 1426 1577 ΙΙ
1453 1513 1504 1561 4.
1523 1508 1640 1561 Iso·
1656 1468 1715 1578 ⁸†
1733 1525 1761 1561 e
1777 1525 1879 1579 quo
1899 1506 1969 1560 Τ.
1996 1507 2017 1575 ΙΙ
2043 1510 2127 1559 28.
2144 1522 2269 1558 nam
2288 1506 2554 1558 alterum·
2574 1502 2757 1554 -deso

561 1590 730 1654 crate]
750 1585 1030 1641 socrateG.
1055 1588 1074 1655 ΙΙ
1101 1592 1150 1640 6.
1170 1583 1426 1640 dicante:
1450 1586 1661 1638 ducant
1676 1594 1801 1637 runt
1819 1582 1929 1638 del.
1948 1581 2165 1653 Unger.
2185 1612 2251 1621 -
2268 1580 2546 1648 inferenda
2562 1576 2759 1633 Manu-

1675 1660 1815 1713 tius.
1852 1661 1908 1713 in
1942 1658 2221 1725 &ferenda
2256 1656 2319 1711 C.
2347 1688 2417 1697 —
2442 1658 2501 1710 in
2536 1658 2759 1709 alterum

1676 1737 1911 1789 incidunt
1943 1734 2057 1787 AB
2070 1732 2250 1788 Hah.
2294 1734 2353 1787 in
2396 1736 2561 1792 altero
2596 1734 2759 1785 delin-

697 1141 774 1197 M.
803 1140 1077 1198 TULLII
1104 1138 1505 1197 CICERONIS

561 1678 689 1716 eum
721 1662 906 1717 Bakio
943 1662 1014 1716 T.
1047 1692 1122 1705 —-
1153 1679 1426 1733 sequemur
1463 1658 1641 1717 Grae-

560 1738 710 1791 vius.
753 1740 1018 1809 sequimur
1052 1738 1116 1793 0.
1160 1742 1180 1807 ΙΙ
1225 1746 1272 1791 7.
1309 1739 1516 1791 ratione
1551 1738 1641 1792 ed.

561 1812 720 1884 Lips.
749 1830 801 1867 a.
837 1820 996 1867 1513:
1025 1816 1282 1867 aratione
1300 1813 1363 1870 C.
1380 1843 1450 1853 —
1468 1815 1642 1883 dispu-
1676 1821 1871 1882 quate,
1898 1814 1954 1865 'in
1978 1813 2147 1864 altero
2164 1812 2467 1882 delinquunt
2487 1810 2557 1864 T.
2575 1838 2647 1849 -
2654 1824 2758 1878 pu

563 1899 761 1944 tetur-,n
737 1913 799 1943 ιιι
822 1890 1004 1945 Omnis
1031 1906 1157 1943 eum
1186 1888 1259 1945 Gr.
1286 1889 1382 1943 Fr.
1410 1889 1642 1962 Ungero
1660 1925 1662 1927 -
1678 1898 1791 1941 tant
1827 1886 1891 1943 O.
1931 1888 1950 1956 ΙΙ
1990 1892 2075 1941 30.
2108 1897 2185 1941 est
2218 1890 2402 1942 enim-
2424 1887 2763 1940 -iudicamus

564 1965 634 2019 T.
652 1996 724 2007 —
741 1968 1052 2037 confirmari
1065 1965 1128 2022 C.
1145 1997 1217 2007 -
1234 1968 1488 2033 eiusdem,·
1505 1984 1644 2037 quae
1676 1969 1806 2034 post
1831 1963 2006 2019 verba
2040 1964 2169 2017 nihil
2200 1964 2514 2032 facultaaam
2546 1962 2620 2034 (ἓ.
2652 1962 2761 2033 29.)

563 2052 735 2096 autem
753 2042 994 2097 Muther.
1013 2072 1086 2085 —-
1101 2044 1479 2113 explicandum.
1522 2044 1640 2111 [At-
1678 2040 1997 2111 transponit
2022 2040 2233 2112 Unger.
2272 2041 2292 2111 ΙΙ
2324 2046 2409 2095 31.
2432 2042 2648 2095 reddere
2675 2041 2759 2093 de-

563 2137 662 2190 que
695 2121 900 2173 etiam-
919 2122 1122 2173 -reddi
1147 2121 1354 2189 possit]
1429 2122 1644 2207 Triplex
1676 2120 1915 2208 positum.
1954 2120 2175 2172 etiamne
2189 2118 2411 2185 furioso.
2436 2117 2619 2185 facere
2628 2134 2759 2185 pro-

563 2212 692 2249 cum
709 2194 942 2267 Ungero
961 2195 1030 2266 Τ,
1063 2196 1160 2267 qui
1183 2195 1368 2251 locum
1393 2212 1545 2250 nune
1562 2194 1644 2251 sie
1678 2196 1889 2247 missum
1910 2192 1973 2250 C.
1996 2195 2017 2265 ΙΙ
2046 2200 2130 2248 33.
2148 2197 2241 2249 sed
2266 2195 2530 2249 malitiosa
2548 2209 2655 2264 ego
2675 2209 2759 2247 se-

563 2273 940 2328 exhibendum
989 2278 1209 2329 censet.
1261 2274 1641 2343 explicandum.
1680 2270 1837 2325 elusi.
1876 2272 1897 2343 [1
1926 2276 2009 2325 36.
2046 2272 2285 2343 Popilius
2317 2274 2643 2343 imperator·
2664 2270 2760 2323 -in

564 2354 748 2421 [atque
789 2352 944 2405 etiam
979 2351 1090 2404 alia
1126 2351 1303 2403 divisio
1339 2360 1414 2403 est
1449 2349 1644 2421 officii;
1682 2348 1811 2401 bello
1856 2350 2103 2401 movendo
2150 2348 2259 2403 del.
2307 2347 2559 2419 Madvig.
2602 2348 2621 2416 ΙΙ
2676 2353 2759 2401 37.

561 2436 761 2488 namet
787 2428 1006 2480 medium
1025 2428 1284 2498 quoddam
1313 2426 1546 2497 officium
1565 2427 1642 2479 di·
1678 2424 1841 2495 efficit
1860 2422 1922 2479 C.
1946 2426 1965 2492 ΙΙ
1996 2430 2081 2479 38.
2110 2440 2229 2479 cum
2256 2427 2359 2479 civi
2380 2426 2535 2479 aliter
2553 2432 2760 2477 conten-

561 2506 699 2557 citur
730 2514 780 2557 et
805 2504 1144 2573 perfectum]
1191 2503 1486 2573 perfectum
1521 2502 1642 2574 offi-
1678 2503 1862 2569 dimus,
1889 2503 1939 2555 si
1960 2501 2361 2557 Anemoeeius:
2400 2517 2517 2556 cum
2544 2502 2763 2555 ciuiliter

563 2582 698 2633 cium
721 2590 944 2649 rectum,
981 2584 1194 2651 opinor,
1221 2597 1462 2635 vocemus
1472 2620 1492 2649 ,.
1515 2598 1642 2651 quo·
1679 2580 2033 2633 contendimus
2058 2581 2212 2634 aliter
2234 2582 2286 2633 si
2301 2578 2364 2634 C.
2381 2608 2453 2618 -
2469 2580 2641 2633 Poeni
2651 2578 2761 2646 foe-

561 2658 706 2711 niam
737 2658 936 2711 Graeci
959 2658 1324 2727 κατόρθωμα,
1351 2658 1446 2711 hoc
1473 2666 1643 2711 autem
1679 2656 1892 2725 disraffl‘,
1924 2658 2184 2710 crudeles.-
2210 2656 2404 2727 reliqui
2418 2654 2630 2726 Unger,
2662 2657 2761 2708 im-

563 2751 830 2786 commune
883 2733 1116 2805 officium
1166 2743 1356 2787 vocant
1405 2734 1640 2787 medium.
1679 2748 1892 2786 memor
1916 2732 2028 2787 loci
2055 2734 2151 2803 qui
2178 2732 2387 2804 legitur
2412 2731 2573 2787 Lael.
2604 2732 2652 2801 ξ.
2675 2738 2759 2786 28.

564 2814 748 2878 [atque
763 2826 826 2861 ea
843 2810 918 2861 sie
935 2811 1200 2879 definiunt,
1218 2820 1290 2878 ut,
1301 2820 1497 2864 rectum
1507 2811 1646 2880 quod
1679 2837 1749 2876 -.
1764 2826 1872 2862 non
1890 2819 2249 2879 cauponantes
2264 2827 2304 2880 p
2324 2814 2382 2863 et
2397 2807 2647 2864 Vahlen:
2667 2827 2763 2862 nec

563 2885 648 2951 sit,
675 2885 731 2935 id
757 2882 990 2954 officium
1007 2884 1303 2953 perfectum
1327 2902 1436 2939 esse
1463 2887 1642 2957 defini·
1680 2895 2035 2955 cauponantes
2053 2884 2115 2942 C.
2135 2887 2453 2941 —libertati
2471 2904 2553 2939 me
2577 2884 2762 2940 Lach-

566 2964 706 3025 ant.]
749 2960 970 3013 medium
997 2969 1168 3013 autem
1194 2961 1428 3033 officium
1454 2964 1510 3014 id
1535 2978 1645 3015 asse
1680 2976 1878 3015 mann·
1912 2980 1993 3016 me
2028 2964 2256 3017 libertati
2278 2962 2339 3019 C.
2370 2964 2390 3034 ΙΙ
2421 2970 2507 3017 40.
2534 2966 2759 3017 secundo

566 3039 760 3105 dicunt,
778 3037 920 3106 quod
934 3054 1030 3088 cur
1045 3037 1247 3103 factum
1264 3040 1346 3106 sit,
1367 3041 1502 3091 ratio
1512 3054 1644 3107 pro·
1681 3046 1891 3091 autem·
1909 3040 2258 3108 -adprobavit
2292 3057 2399 3095 om.
2438 3038 2500 3097 O.
2530 3071 2600 3081 —
2636 3042 2761 3111 quia

567 3115 752 3168 babilis
785 3114 937 3167 reddi
960 3118 1146 3181 possit.
1215 3111 1341 3186 Ego
1377 3114 1645 3168 librorum
1675 3114 1994 3182 penei-assent
2018 3113 2075 3171 S.
2096 3117 2141 3170 Ι.
2161 3117 2386 3173 Heller:
2422 3119 2514 3189 qui
2527 3120 2763 3188 peieras-

565 3190 866 3246 leetionem
882 3188 1154 3243 intactam
1169 3190 1388 3260 reliqui,
1409 3206 1525 3244 non
1534 3207 1644 3261 quo
1678 3200 1791 3243 sent
1816 3191 2003 3263 volg0,
2034 3196 2175 3264 quod
2188 3196 2513 3263 peierassent
2530 3194 2760 3249 Lambi-

564 3268 752 3321 loeum
779 3282 978 3321 sanum
1003 3270 1214 3354 putem,
1245 3267 1346 3321 sed
1371 3267 1505 3337 quia
1529 3284 1644 3322 me·
1680 3284 1803 3321 nus.
1839 3269 1859 3337 ΙΙ
1892 3276 1977 3323 45.
2014 3278 2061 3322 et
2098 3273 2302 3323 animus
2337 3290 2465 3341 erqa
2491 3284 2589 3325 nos
2616 3280 2665 3323 et
2692 3272 2763 3324 ad

569 3343 701 3398 dela
735 3349 821 3399 est
852 3340 1238 3399 incertissima.
1279 3344 1300 3412 ΙΙ
1340 3349 1421 3399 10.
1457 3346 1514 3398 in
1545 3346 1646 3399 liae
1680 3354 1891 3399 nostras
1916 3347 2161 3399 utilitates
2188 3346 2370 3418 officia
2396 3356 2518 3401 ante
2546 3349 2761 3401 conlata

566 3436 697 3475 nos:
715 3422 814 3474 hac
832 3419 896 3476 O.
921 3423 942 3491 ΙΙ
970 3426 1052 3474 11.
1069 3421 1190 3475 item
1207 3418 1520 3475 Manutius.
1549 3438 1643 3475 au·
1680 3430 1729 3475 et
1747 3424 2088 3475 communitas
2098 3425 2535 3477 acsocietasvitae
2544 3422 2758 3494 Unger.

567 3508 666 3553 tem
687 3495 748 3552 0.
775 3500 794 3565 ss
824 3503 904 3551 12.
924 3499 1330 3568 inqeneratque-
1341 3500 1651 3568 -procreati
1688 3501 1706 3566 ΙΙ
1740 3504 1827 3552 46.
1860 3498 2085 3567 sapienti
2116 3498 2499 3571 Wesenberg.
2532 3502 2764 3569 sapiente

567 3584 690 3629 sunt
726 3574 836 3630 del.
864 3573 1242 3630 Faeeiolatus.
1274 3576 1294 3647 ΙΙ
1334 3581 1415 3629 13.
1435 3577 1645 3645 praeci·
1683 3573 1745 3629 C.
1786 3575 1807 3645 ΙΙ
1833 3580 1918 3628 49.
1946 3575 2001 3627 in
2030 3575 2199 3629 omnis
2225 3575 2335 3631 del.
2362 3576 2601 3647 Kayser.
2628 3580 2649 3646 ΙΙ
2675 3584 2761 3630 51.

564 3652 730 3723 pienti
750 3651 860 3707 del.
879 3650 1074 3707 Herm.
1095 3650 1340 3723 Sauppe.
1367 3655 1386 3721 li
1415 3658 1498 3706 14.
1525 3652 1650 3723 quid
1680 3661 1738 3704 ut
1770 3661 1846 3705 est
1869 3651 2114 3707 Pearee=
2148 3661 2207 3705 ut
2241 3654 2309 3706 sit
2334 3652 2452 3711 OT.
2469 3683 2539 3693 —
2568 3656 2763 3723 leqibus

569 3731 752 3781 modus
769 3728 992 3801 Unger:
1008 3730 1102 3801 qui
1113 3732 1298 3783 modus
1316 3728 1646 3785 CT.—con-
1684 3726 2044 3783 Gulielmius:
2080 3746 2109 3783 e
2142 3730 2325 3800 quibus
2361 3729 2425 3786 O.
2445 3760 2515 3769 —
2534 3733 2760 3785 omnium

570 3808 884 3859 seruandam
929 3804 991 3863 G.
1032 3806 1052 3877 ΙΙ
1100 3812 1182 3861 15.
1216 3807 1504 3877 sapientiae
1537 3806 1646 3861 del.
1684 3804 1914 3876 Zumpt:
1950 3808 2126 3861 omnia
2152 3805 2214 3862 C.
2233 3837 2303 3847 —
2320 3808 2427 3877 ipsi
2445 3810 2619 3862 luceat
2642 3806 2705 3862 C.
2732 3811 2751 3877 Ι]

575 3878 895 3951 Gemhard‚
932 3886 1019 3939 sui
1051 3884 1339 3939 substituit
1373 3883 1646 3939 Faernus.
1684 3889 1769 3938 54.
1796 3885 1977 3937 deinde
2003 3882 2112 3938 del.
2140 3882 2356 3954 Unger.
2372 3914 2445 3925 -·-
2468 3889 2519 3938 et
2543 3885 2763 3938 caritate

572 3958 656 4011 At
681 3958 833 4027 apud
850 3959 1144 4017 Platonem
1170 3963 1396 4033 quidem
1421 3966 1482 4017 et
1497 3963 1647 4032 apud
1682 3960 2031 4015 Perizonius:
2067 3961 2287 4015 caritate
2312 3958 2379 4019 Ο.
2418 3963 2438 4033 ΙΙ
2468 3966 2551 4015 55.
2589 3970 2761 4015 tamen

575 4033 900 4091 Ciceronem
935 4037 1006 4093 de
1039 4036 1200 4114 finib.
1226 4038 1312 4111 H,
1344 4046 1427 4095 52.
1465 4038 1647 4094 subie-
1684 4037 1791 4093 del.
1811 4037 2070 4112 Uagenfl
2097 4043 2180 4093 56.
2202 4040 2493 4111 copulatius
2512 4037 2582 4094 G:
2604 4054 2759 4109 copu-
