3292 4559
1199 300 1538 359 LAELIUS
1573 302 1849 357 97-101.
2238 312 2243 315 ·
2274 342 2281 347 .
2427 288 2557 356 291-

500 425 694 495 nendi
727 436 902 502 sunt,
937 436 1013 491 ut
1046 423 1558 493 animadvertant
1589 447 1673 490 ne
1708 425 1941 490 callida
1977 423 2417 494 adsentatione
2452 448 2559 491 ca-

499 523 779 609 piantur.
865 532 1082 607 aperte
1129 520 1300 587 enim
1344 520 1716 589 adulantem
1766 543 1959 587 nemo
2002 542 2133 587 ncn
2175 521 2384 600 videt,
2435 522 2559 587 nisi

499 618 611 702 qui
645 615 994 683 admodum
1038 626 1138 681 est
1171 636 1425 681 excorse
1481 614 1750 681 callidus
1794 616 1903 681 ille
1938 626 2003 683 et
2038 616 2327 682 occultus
2370 638 2453 681 ne
2488 637 2558 682 se

497 711 776 777 insinuet
811 710 1092 777 studiose
1121 710 1480 776 cavendum
1508 720 1625 775 est.
1678 732 1801 775 nec
1826 709 1996 776 enim
2030 708 2331 776 facillime
2358 732 2560 797 agno-

499 804 714 883 scitur,
750 803 992 892 quippe
1028 804 1142 889 qui
1176 804 1368 870 etiam
1413 803 1814 869 adversando
1852 826 2045 891 saepe
2091 804 2461 871 adsentetur
2494 815 2561 869 et

497 900 749 986 litigare
793 921 864 965 se
906 898 1220 963 simulans
1263 898 1630 963 blandiatur
1678 909 1870 983 atque
1915 899 1999 963 ad
2043 908 2399 963 extremum
2452 900 2561 963 det

497 1016 728 1059 manus
761 992 1059 1077 vincique
1095 1014 1165 1058 se
1209 992 1520 1079 patiatur,
1573 1002 1646 1057 ut
1681 993 1735 1057 is
1748 1040 1767 1070 ,
1821 994 1933 1077 qui
1966 992 2213 1057 inlusus
2250 992 2361 1070 sit,
2413 993 2562 1080 plus-

499 1088 738 1153 vidisse
773 1086 1087 1153 videatur.
1153 1086 1310 1171 quid
1343 1099 1562 1153 autem
1595 1086 1848 1173 turpius
1862 1132 1867 1137 -
1882 1108 2078 1171 quam
2111 1086 2353 1152 inludi?
2387 1087 2563 1172 quod

505 1192 576 1247 ut
609 1204 692 1247 ne
728 1180 980 1246 accidat
1013 1181 1222 1267 magis
1257 1180 1619 1247 cavendum
1656 1190 1783 1247 est:

707 1329 781 1383 ut
815 1341 918 1384 me
952 1318 1144 1384 hodie
1181 1328 1332 1384 ante
1367 1318 1572 1383 omnis
1609 1318 1887 1384 comicos
1924 1318 2151 1401 stultos
2187 1340 2371 1384 senes

705 1412 979 1478 versaris
1016 1426 1209 1497 atque
1244 1412 1569 1479 inlusseris
1603 1413 1977 1479 lautissime.

501 1560 660 1627 haec
695 1559 867 1625 enim
903 1558 1096 1625 etiam
1129 1557 1196 1623 in
1231 1558 1470 1625 fabulis
1496 1558 1873 1629 stultissima
1908 1578 2183 1645 persona
2218 1568 2315 1623 est
2348 1556 2563 1643 inpro-
2600 1576 2674 1617 100

502 1655 798 1723 vidoram
834 1664 899 1719 et
933 1652 1342 1718 credulorum
1377 1676 1624 1719 senum.
1698 1654 1813 1718 sed
1848 1652 2067 1718 nescio
2096 1672 2225 1735 quo
2260 1661 2451 1737 pacto
2480 1651 2563 1714 ab

501 1747 798 1813 amicit-iis
832 1746 1264 1832 perfectorum
1298 1747 1673 1823 hominum,
1705 1747 1774 1811 id
1807 1758 1906 1811 est
1941 1745 2327 1831 sapientium
2362 1778 2451 1793 --
2485 1744 2565 1809 de

504 1841 630 1905 hac
665 1840 810 1904 dico
835 1839 1170 1924 sapientia,
1201 1860 1368 1923 quae
1395 1840 1648 1903 videtur
1675 1838 1744 1903 in
1769 1838 2094 1903 hominem
2122 1838 2351 1903 cadere
2376 1859 2567 1924 posse

501 1971 611 2012 -,
647 1934 730 1999 ad
763 1933 922 1999 levis
970 1931 1280 1997 amicitias
1317 1932 1584 1999 defluxit
1629 1932 1853 1997 oratic.
1944 1954 2143 2016 quam
2177 1932 2262 1997 ob
2306 1954 2447 1997 rem
2484 1932 2569 1995 ad

501 2030 615 2095 illa
647 2027 858 2115 prima
891 2026 1230 2092 redeamus
1269 2048 1474 2111 eaque
1516 2027 1661 2111 ipsa
1696 2026 2153 2092 concludamus
2198 2026 2564 2110 aliquando,

633 2122 880 2200 Virtus,
915 2121 1140 2199 virtus,
1176 2120 1469 2205 inquam,
1507 2118 1586 2187 O.
1621 2121 1865 2199 Fanni,
1902 2133 1966 2187 et
2000 2132 2090 2198 tu,
2130 2120 2215 2203 Q.
2252 2121 2465 2197 Muci,
2504 2134 2567 2185 et
2602 2138 2669 2191 27

504 2216 799 2285 conciliat
837 2215 1148 2281 amicitias
1179 2226 1248 2281 et
1289 2226 1624 2282 conservat
1635 2240 1655 2293 ;
1699 2215 1768 2280 in
1803 2238 1881 2281 ea
1916 2225 2014 2281 est
2058 2216 2230 2281 enim
2266 2215 2567 2281 conveni-

503 2312 678 2378 entia
711 2333 948 2388 rerum,
983 2310 1052 2375 in
1088 2334 1166 2375 ea
1201 2311 1532 2387 stabilitas,
1565 2312 1636 2375 in
1674 2334 1753 2377 ea
1786 2310 2175 2377 constantia:
2214 2331 2381 2395 quae
2418 2332 2565 2375 cum

504 2430 576 2473 sc
609 2405 840 2471 extulit
872 2416 938 2471 et
972 2406 1249 2471 ostendit
1276 2428 1465 2471 suum
1496 2406 1715 2473 lumen
1746 2416 1811 2471 et
1843 2406 2015 2471 idem
2046 2404 2340 2492 adspexit
2369 2426 2568 2491 agno-

504 2500 722 2586 vitque
755 2501 826 2565 in
849 2500 996 2579 alic,
1033 2500 1117 2565 ad
1149 2500 1218 2565 id
1253 2523 1322 2566 se
1351 2500 1652 2567 admovet
1681 2500 2091 2584 vicissimque
2120 2498 2354 2585 accipit
2386 2499 2565 2575 illud,

503 2596 679 2680 quod
712 2596 780 2662 in
815 2597 1014 2662 altero
1045 2608 1162 2676 est,
1201 2620 1281 2663 ex
1309 2618 1438 2681 quo
1463 2597 1825 2663 exardescit
1860 2597 1995 2663 sive
2032 2618 2212 2661 amor
2248 2596 2383 2661 sive
2410 2594 2569 2659 ami-

503 2689 674 2755 citia.
761 2699 1108 2774 utrumque
1163 2690 1334 2755 enim
1387 2690 1657 2756 ductum
1710 2700 1809 2756 est
1860 2690 1943 2755 ab
1990 2690 2266 2755 amando
2278 2714 2313 2766 ;·
2353 2710 2567 2753 amare

504 2793 723 2849 autem
749 2783 910 2847 nihil
943 2795 1043 2849 est
1069 2784 1245 2849 aliud
1277 2784 1401 2849 nisi
1430 2808 1578 2851 eum
1613 2786 1829 2870 ipsum
1856 2784 2123 2871 diligere
2150 2803 2343 2868 quem
2371 2803 2567 2859 ames,

505 2876 686 2941 nulla
736 2876 1120 2961 indigentia,
1188 2878 1368 2942 nulla
1415 2877 1693 2943 utilitate
1746 2878 2041 2963 quaesita
2048 2902 2067 2955 ;
2137 2898 2303 2961 quae
2353 2886 2569 2941 tamen

506 2971 650 3057 ipsa
687 2968 1040 3035 ecflorescit
1075 2992 1157 3035 ex
1193 2971 1493 3050 amicitia,
1532 2973 1726 3038 etiam
1762 2972 1817 3037 si
1852 2984 1925 3039 tu
1960 2995 2103 3039 eam
2136 2973 2349 3037 minus
2386 2994 2571 3037 secu-

507 3076 614 3131 tus
649 3064 756 3129 sis.
820 3062 944 3129 hac
975 3084 1097 3128 nos
1133 3064 1574 3131 adulescentes
1612 3066 2063 3134 benevolentia
2098 3090 2281 3135 senes
2315 3067 2457 3131 illos
2485 3066 2568 3131 L.
2606 3084 2681 3125 101

507 3160 811 3235 Paulum,
846 3158 946 3223 M.
977 3156 1312 3237 Catonem,
1351 3158 1429 3225 C.
1461 3160 1726 3240 Galum,
1760 3162 1840 3227 P.
1868 3162 2194 3239 Nasicam,
2230 3161 2333 3227 Ti.
2362 3159 2571 3227 Grac-

509 3254 731 3332 chum,
777 3252 1098 3340 Scipionis
1143 3254 1345 3319 nostri
1387 3278 1714 3335 socerum,
1756 3258 2096 3323 dileximus
2105 3282 2124 3335 3
2171 3256 2332 3321 haec
2378 3254 2572 3319 etiam

509 3349 717 3435 magis
745 3350 954 3415 elucet
987 3350 1154 3415 inter
1179 3350 1486 3433 aequalis,
1523 3362 1598 3416 ut
1629 3352 1795 3418 inter
1826 3374 1933 3417 me
1968 3362 2033 3417 et
2061 3350 2448 3437 Scipionem,
2486 3345 2569 3411 L.

509 3444 813 3520 Furium,
865 3443 946 3509 P.
984 3442 1348 3530 Rupilium,
1403 3444 1520 3532 Sp.
1557 3445 1985 3512 Mummium:
2038 3444 2320 3511 vicissim
2355 3452 2571 3509 autem

507 3562 696 3606 senes
731 3538 800 3603 in
835 3538 1346 3606 adulescentium
1383 3542 1646 3607 caritate
1684 3542 2189 3626 adquiescimus,
2242 3547 2316 3604 ut
2357 3538 2427 3603 in
2460 3561 2572 3605 ve-

511 3648 662 3713 stra,
698 3644 772 3699 ut
804 3632 874 3698 in
910 3632 995 3716 Q.
1033 3634 1428 3713 Tuberonis3
1467 3636 1766 3720 equidem
1802 3637 1995 3702 etiam
2032 3633 2378 3700 admodum
2416 3632 2573 3699 adu-

511 3728 807 3794 lescentis
860 3728 940 3792 P.
986 3728 1245 3807 Rutilii,
1297 3730 1385 3794 A.
1431 3730 1731 3816 Verginii
1784 3730 2218 3795 familiaritate
2273 3726 2570 3793 delector.

513 3822 947 3905 quoniamque
1009 3823 1102 3889 ita
1157 3824 1320 3889 ratio
1377 3835 1749 3911 comparata
1800 3834 1897 3889 est
1958 3824 2127 3889 vitae
2178 3840 2571 3904 naturaeque

514 3925 796 3992 nostrae,
847 3926 922 3981 ιιι
973 3916 1100 3983 alia
1150 3940 1223 3982 ex
1265 3920 1395 3983 alia
1440 3930 1615 3983 aetas
1672 3918 1941 3997 oriatur,
1992 3916 2271 3983 maxime
2314 3915 2577 3999 quidem

515 4007 868 4095 optandum
903 4022 1000 4075 est
1034 4022 1107 4076 ut
1144 4034 1292 4078 cum
1328 4012 1705 4098 aequalibus
1740 4012 1967 4099 possis,
2004 4010 2387 4096 quibuscum
2415 4020 2577 4074 tam-

513 4126 712 4189 quam
747 4127 783 4172 e
821 4107 1180 4173 carceribus
1218 4107 1485 4174 emissus
1522 4108 1632 4186 sis,
1670 4130 1817 4174 cum
1851 4108 2056 4173 isdem
2086 4107 2169 4171 ad
2205 4105 2466 4182 calcem,
2500 4113 2575 4168 ut

2116 4206 2217 4261 19*
