3292 4559
877 268 984 324 DE
1017 268 1346 326 DEORUM
1379 270 1707 327 NATURA
1739 272 1787 325 Ι.
1826 273 2155 329 loe—113:
2478 264 2563 329 35

501 409 712 473 mant,
775 394 900 460 sint
964 412 1129 475 quae
1193 394 1608 459 conservent?
1698 395 1823 459 sint
1874 419 2057 475 sane,
2118 383 2232 463 sed
2284 420 2361 463 ea
2413 420 2565 466 con-

503 501 790 566 servent,
841 510 1010 573 quae
1054 498 1229 551 sunt:
1285 488 1437 555 deos
1473 487 1629 553 istos
1674 512 1815 557 esse
1860 512 1991 555 non
2034 490 2260 557 sentio·
2356 494 2561 559 omnis
2591 514 2667 555 uo

501 601 718 651 tamen
752 585 875 649 ista
911 606 1125 650 rerum
1161 583 1408 670 effigies
1445 608 1527 651 ex
1559 584 1905 650 individuis
1942 607 2073 669 quo
2108 586 2302 651 modo
2340 609 2563 673 corpo-

499 681 678 745 ribus
733 677 971 743 oritur?
1026 699 1192 760 quae
1245 676 1438 743 etiam
1491 678 1546 742 si
1590 690 1824 754 essent,
1884 676 2077 765 [quae
2121 680 2298 746 nulla
2361 682 2557 768 sunt,]

499 774 738 861 pellere
776 794 844 838 se
879 771 1020 858 ipsa
1055 782 1116 835 et
1161 770 1392 856 agitari
1433 772 1598 837 inter
1633 793 1703 836 se
1740 794 2051 837 concursu
2093 772 2293 839 fortas
2304 797 2372 839 se
2415 797 2565 862 pos-

498 881 671 948 sent,
720 870 1026 944 formare,
1070 868 1382 952 figurare,
1424 867 1737 944 colorare,
1784 867 2068 933 animare
2102 890 2232 933 non
2264 882 2527 956 possent
2544 896 2563 933 x

499 966 680 1030 nullo
715 964 911 1049 igitur
942 961 1134 1026 modo
1169 962 1569 1027 inmortalem
1605 962 1797 1026 deum
1834 962 2103 1027 efficitis.
2324 964 2563 1031 Videa-
2596 978 2667 1031 40

499 1080 646 1124 mus
685 1079 857 1122 nunc
892 1057 973 1123 de
1007 1055 1218 1124 beato.
1308 1054 1443 1120 sine
1478 1054 1714 1120 virtute
1752 1065 1922 1121 certe
1954 1055 2132 1120 nullo
2172 1056 2395 1122 modo:
2434 1056 2562 1121 vir-

499 1165 604 1218 tus
659 1162 874 1217 autem
928 1160 1235 1225 actuosa,
1274 1160 1340 1213 et
1393 1148 1550 1213 deus
1594 1158 1805 1214 vester
1846 1149 2003 1214 nihil
2048 1172 2246 1236 agens
2256 1178 2281 1227 ,·
2329 1173 2557 1236 expers

499 1248 752 1313 virtutis
806 1246 1002 1333 igitur
1012 1269 1033 1322 3
1085 1244 1175 1309 ita
1224 1265 1310 1309 ne
1353 1243 1580 1309 beatus
1627 1244 1907 1330 quidem.
1996 1264 2163 1329 quae
2198 1266 2351 1331 ergo
2393 1246 2571 1311 vita?=
2590 1262 2663 1300 111

500 1339 958 1427 ‘suppeditatio
971 1340 987 1367 ’
1049 1338 1265 1423 inquis
1334 1338 1680 1403 ‘bonorum
1750 1338 1925 1403 nullo
1988 1338 2303 1403 malorum
2369 1340 2563 1405 inter-

499 1435 736 1502 ventu?
828 1456 1101 1519 quorum
1151 1433 1412 1499 tandem
1459 1432 1813 1497 bonorum?
1864 1432 2295 1518 voluptatum,
2349 1434 2560 1512 eredo,

497 1551 728 1640 nempe
781 1530 863 1594 ad
915 1551 1144 1613 eorpus
1208 1528 1692 1613 pertinentium3
1754 1527 1997 1593 nullam
2058 1528 2229 1593 enim
2291 1527 2559 1594 novistis

497 1623 620 1690 nisi
654 1624 1008 1709 profectam
1043 1646 1084 1687 a
1120 1644 1383 1707 corpore
1429 1632 1496 1687 et
1536 1621 1913 1687 redeuntem
1950 1621 2034 1686 ad
2080 1642 2311 1707 corpus
2359 1622 2556 1686 animi

498 1718 916 1801 voluptatem.
1005 1738 1135 1782 non
1189 1716 1462 1781 arbitror
1496 1726 1589 1792 te,
1633 1712 1873 1791 Vellei,
1918 1714 2187 1779 similem
2231 1737 2369 1781 esse
2404 1715 2565 1800 Epi-

497 1830 832 1875 cureorum
883 1810 1301 1893 reliquorum,
1353 1830 1517 1890 quos
1570 1830 1695 1871 non
1741 1806 1981 1891 pudeat
2028 1830 2255 1872 earum
2297 1808 2565 1893 Epicuri

497 1924 748 1978 vocum,
785 1904 1019 1986 quibus
1035 1903 1145 1966 ille
1171 1910 1440 1965 testatur
1467 1922 1536 1965 se
1562 1922 1646 1965 ne
1674 1900 2043 1983 intellegere
2060 1900 2219 1981 quid
2232 1924 2335 1965 em
2359 1902 2564 1964 ullum

497 1998 768 2072 bonum,
817 1995 994 2077 quod
1028 1994 1109 2058 sit
1143 1993 1502 2057 seiunctum
1538 2014 1579 2056 a
1616 1990 1903 2056 delicatis
1940 2000 2005 2055 et
2040 1991 2155 2055 obs
2172 1992 2343 2056 cenis
2381 1992 2565 2057 volu-

498 2088 805 2177 ptatibus,
843 2109 1002 2171 quas
1039 2086 1299 2170 quidem
1332 2105 1461 2149 non
1497 2084 1880 2155 erubescens
1915 2084 2317 2169 persequitur
2352 2084 2557 2150 omnis

498 2181 892 2249 nominatim.
947 2202 1144 2263 quem
1159 2179 1376 2245 eibum
1401 2178 1600 2263 igitur
1617 2188 1729 2243 aut
1754 2200 1915 2262 quas
1940 2178 2229 2263 potiones
2258 2188 2369 2243 aut
2397 2200 2556 2261 quas
2586 2196 2661 2235 112

498 2300 730 2344 vocum
756 2287 869 2342 aut
902 2277 1133 2342 florum
1162 2274 1498 2340 varietates
1527 2285 1640 2339 aut
1673 2295 1834 2358 quos
1869 2284 2098 2350 tactus,
2134 2294 2295 2357 quos
2331 2274 2557 2340 odores

499 2372 830 2438 adhibebis
858 2372 941 2435 ad
968 2370 1142 2446 deos,
1171 2380 1247 2435 ut
1272 2390 1382 2435 eos
1409 2368 1759 2455 perfundas
1789 2367 2262 2453 voluptatibus?
2298 2390 2375 2433 ac
2407 2374 2561 2454 poe-

497 2478 602 2532 tae
636 2466 896 2550 quidem
935 2463 1210 2551 [nectar,
1247 2458 1662 2547 ambrosiam]
1704 2462 1925 2547 epulas
1962 2473 2315 2547 conparant
2347 2472 2415 2529 et
2448 2474 2559 2527 aut

496 2560 900 2627 Iuventatem
937 2569 1048 2623 aut
1073 2556 1527 2642 Ganymedem
1560 2558 1795 2643 pocula
1820 2556 2305 2633 ministrantem,
2342 2566 2413 2620 tu
2445 2579 2560 2621 au-

497 2666 648 2731 tem,
675 2652 976 2738 Epicure,
1013 2651 1169 2735 quid
1203 2652 1440 2716 facies?
1475 2672 1686 2734 neque
1723 2650 1921 2726 enim,
1956 2650 2128 2715 unde
2164 2649 2399 2715 habeat
2436 2650 2561 2715 ista

497 2748 656 2816 deus
691 2758 862 2823 tuus,
898 2746 1106 2825 vide0,
1143 2766 1283 2821 nec,
1318 2766 1447 2827 quo
1480 2744 1675 2810 modo
1712 2755 1947 2810 utatur.
2018 2742 2405 2827 locupletior
2435 2742 2560 2827 igi-

499 2854 604 2906 tur
645 2840 976 2905 hominum
1019 2850 1249 2905 natura
1283 2838 1369 2903 ad
1411 2838 1599 2904 beate
1642 2838 1990 2905 vivendum
2025 2846 2122 2903 est
2167 2857 2362 2919 quam
2406 2836 2559 2902 deo-

499 2958 672 3012 rum,
729 2934 902 3017 quod
954 2934 1242 3019 pluribus
1296 2932 1642 3017 generibus
1686 2932 1921 3005 fruitur
1963 2932 2385 3015 voluptatum.
2493 2942 2559 2995 at
2588 2953 2659 2992 113

500 3029 616 3093 has
659 3026 930 3093 leviores
977 3025 1156 3091 ducis
1201 3026 1560 3111 voluptates
1573 3072 1592 3097 .
1647 3027 1886 3112 quibus.
1934 3026 2119 3109 quasi
2165 3024 2439 3089 titillatio
2473 3060 2561 3073 --

502 3120 769 3208 Epicuri
805 3121 974 3186 enim
1009 3120 1132 3185 hoc
1166 3120 1436 3185 verbum
1471 3130 1568 3185 est
1581 3120 2027 3193 *adhibetur
2059 3119 2373 3185 sensibus.
2430 3142 2558 3204 quo

502 3236 706 3297 usque
741 3214 946 3280 ludis?
997 3236 1150 3279 nam
1196 3214 1389 3279 etiam
1429 3212 1622 3280 Philo
1657 3224 1874 3280 noster
1914 3214 2081 3279 ferre
2114 3235 2249 3279 non
2290 3224 2560 3299 poterat,

501 3308 826 3394 aspernari
845 3307 1202 3395 Epicureos
1231 3307 1438 3373 mollis
1469 3319 1534 3373 et
1553 3307 1854 3374 delicatas
1882 3307 2242 3393 voluptates
2252 3331 2272 3385 3
2310 3330 2561 3373 summa

501 3403 672 3469 enim
707 3404 1016 3470 memoria
1057 3403 1514 3488 pronuntiabat
1554 3402 1863 3488 plurimas
1898 3401 2168 3487 Epicuri
2213 3400 2559 3468 sententias

502 3496 578 3562 iis
621 3496 777 3583 ipsis
819 3498 1064 3575 verbis,
1118 3498 1354 3581 quibus
1397 3507 1580 3562 erant
1623 3498 1895 3582 scriptae
1907 3520 1925 3573 ;
1978 3495 2337 3563 Metrodori
2382 3514 2557 3571 vere,

500 3590 614 3675 qui
667 3602 766 3657 est
805 3590 1074 3676 Epicuri
1125 3592 1372 3676 collega
1423 3590 1803 3676 sapientiae,
1856 3591 2059 3655 multa
2109 3586 2561 3673 inpudentiora

503 3683 831 3749 recitabat.
886 3689 1142 3750 accusat
1179 3684 1350 3751 enim
1375 3684 1830 3762 Timocratem,
1863 3684 2128 3749 fratrem
2163 3704 2373 3758 suum,
2410 3678 2559 3747 Me·

505 3778 829 3854 trodorus,
882 3774 1056 3861 quod
1109 3778 1359 3844 dubitet
1409 3778 1656 3855 omnia,
1710 3800 1875 3861 quae
1928 3776 2014 3843 ad
2054 3777 2312 3843 beatam
2354 3774 2557 3840 vitam

505 3870 889 3955 pertineant,
933 3882 1155 3939 ventre
1189 3872 1428 3950 metiri,
1472 3893 1685 3957 neque
1720 3871 1787 3935 id
1823 3872 2019 3937 semel
2055 3869 2225 3946 dicit,
2262 3867 2378 3938 sed
2414 3892 2555 3935 sae·-
2613 3903 2617 3906 “

507 3964 669 4047 pius.
699 4016 704 4025 .
761 3965 1040 4031 adnuere
1075 3978 1139 4031 te
1175 3967 1394 4045 vide03
1437 3976 1591 4031 nota
1625 3964 1798 4031 enim
1831 3964 1949 4029 tibi
1983 3974 2159 4029 sunt:
2203 3962 2557 4050 proferrem

507 4054 734 4137 libros,
786 4059 844 4125 si
893 4082 1220 4147 negares,-
1279 4080 1489 4145 neque
1541 4080 1715 4126 nunc
1764 4058 2191 4214 reprehendcg,
2228 4056 2422 4145 quod
2474 4055 2565 4124 ad
