3292 4559
721 706 759 816 βω

808 208 940 277 204
1421 214 1498 268 Μ.
1536 212 1811 277 TULLII
1846 210 2253 268 CICERONIS

808 367 972 430 quae
1005 341 1212 429 prima
1247 339 1478 424 inpulit
1513 336 1709 403 etiam
1745 347 1817 402 ut
1852 337 2325 421 suspiceremus
2362 336 2439 400 in
2482 336 2771 401 caelum
2804 338 2916 401 nee?

807 442 1044 505 frustra
1087 434 1368 503 siderum
1411 442 1624 497 motus
1680 431 2074 497 intueremur
2128 429 2916 513 dinumerationibusque÷

807 532 1089 598 noctium
1126 549 1201 593 ac
1238 528 1480 593 dierum
1517 527 1553 562 ⁴⁸*
1589 527 1625 562 ⁴⁸*
1662 526 1697 561 *⁵

1268 620 1744 709 [Desiderantur
1778 632 1908 684 octo
1931 620 2069 705 fere
2093 616 2429 706 payinae]

808 747 872 809 p.
911 716 1088 805 207.]
1155 718 1189 753 ⁴*
1227 718 1262 753 *⁵
1300 716 1335 751 *⁵
1385 714 1396 801 Ι
1441 736 1717 798 quorum
1770 714 1967 779 animi
2020 714 2209 778 altius
2266 736 2337 778 se
2394 714 2807 779 extulerunt
2852 716 2916 777 eti

810 813 1050 900 aliquid
1097 812 1366 922 dignum
1413 810 1609 886 donc,
1655 818 1729 873 ut
1772 819 1921 873 ante
1957 808 2119 885 dixi,
2168 808 2445 873 deorum
2488 818 2625 872 aut
2666 800 2916 872 efficere

812 922 923 977 aut
958 907 1320 993 excogitare
1354 913 1720 989 potuerunt.
1806 924 1938 986 qua
1978 924 2049 965 re
2086 900 2211 965 sint
2246 902 2440 966 nobis
2480 902 2643 979 isti,
2696 902 2807 985 qui
2838 898 2916 1001 dQ

811 1005 1054 1070 ratione
1090 998 1348 1066 vivendi
1383 999 1732 1075 disserunt,
1764 996 1998 1107 magni
2042 995 2365 1073 hominen,
2410 1008 2501 1061 ut
2550 1007 2755 1073 sunt,
2802 996 2887 1059 sin:

813 1096 1071 1173 eruditi,
1118 1095 1245 1160 sint
1286 1092 1572 1158 veritatis
1619 1101 1685 1156 et
1717 1090 1969 1155 virtutis
2004 1089 2321 1176 magistri,
2374 1090 2553 1154 dum
2594 1091 2807 1155 modo
2836 1089 2883 1152 sit

810 1194 970 1260 haec
1015 1189 1330 1273 quaedam
1375 1187 1512 1251 sive
1559 1209 1600 1251 a
1643 1185 1796 1249 viris
1842 1184 1909 1247 in
1952 1206 2166 1249 rerum
2218 1184 2671 1269 publicarum
2721 1186 2884 1249 varie-

813 1298 943 1351 tate
991 1283 1254 1348 versatis
1289 1282 1578 1355 inventa,
1626 1278 1760 1343 sive
1798 1278 1989 1344 etiam
2025 1278 2089 1341 in
2124 1278 2396 1343 istorum
2434 1279 2592 1343 otio
2638 1302 2725 1344 ac
2760 1281 2885 1343 litte-

812 1404 874 1465 p.
912 1373 1089 1462 208]
1145 1376 1232 1441 ris
1279 1385 1550 1441 tractata
1581 1410 1670 1421 -—
1704 1396 1836 1450 rea,
1879 1374 2045 1437 sicut
2078 1383 2204 1449 est,
2260 1372 2553 1439 minime
2597 1372 2613 1459 Ι
2658 1364 2916 1467 quidem}

815 1469 1278 1539 contemnenda
1328 1506 1414 1517 —-
1465 1469 1627 1533 ratio
1690 1467 1893 1532 civilis
1946 1478 2011 1532 et
2072 1467 2414 1553 disciplina
2482 1470 2916 1555 populorum

815 1590 979 1651 quae
1031 1564 1280 1651 perficit
1327 1564 1396 1628 in
1441 1562 1624 1627 bonis
1680 1562 1984 1648 ingeniiS,
2037 1561 2103 1626 id
2158 1562 2330 1645 quod
2386 1562 2539 1627 iam
2600 1586 2916 1671 persaepQ

813 1661 1102 1749 perfecit,
1137 1670 1211 1725 ut
1245 1658 1635 1723 incredibilis
1674 1657 1990 1742 quaedam
2026 1667 2091 1721 et
2125 1656 2343 1721 divina
2380 1656 2617 1722 virtus
2652 1648 2916 1743 exsiste}

813 1770 929 1821 ret.
1019 1755 1189 1839 quod
1226 1754 1281 1818 si
1316 1753 1460 1836 quis
1495 1751 1580 1817 ad
1615 1774 1693 1816 ea
1725 1751 2146 1815 instrumenta
2180 1750 2411 1826 animi,
2454 1774 2653 1835 quae
2692 1768 2916 1825 natura

815 1870 1106 1933 quaeque
1167 1847 1461 1913 civilibus
1523 1846 1829 1911 institutis
1888 1844 2146 1921 habuit,
2212 1846 2741 1931 adiungendam
2800 1850 2916 1913 sit-'1

816 1944 1006 2007 etiam
1052 1942 1405 2007 doctrinam
1449 1951 1514 2005 et
1557 1940 1921 2004 uberiorem
1963 1961 2177 2003 rerum
2222 1940 2697 2025 cognitionem
2734 1957 2889 2029 puta-

815 2037 934 2114 vit,
981 2046 1053 2101 ut
1093 2036 1139 2099 ii
1181 2034 1334 2121 ipsi,
1381 2034 1492 2117 qui
1535 2034 1604 2097 in
1646 2033 1875 2097 horum
1918 2033 2227 2097 librorum
2264 2033 2743 2119 disputatione
2777 2062 2885 2103 ver-

815 2152 879 2215 p.
916 2085 1098 2217 '201.]
1153 2142 1402 2205 santur,
1447 2150 1636 2194 nemo
1684 2139 1782 2192 est
1826 2127 1982 2212 quin
2030 2150 2139 2191 eos
2178 2128 2189 2207 Ι
2228 2128 2571 2196 anteferre
2614 2134 2885 2198 omnibus

817 2226 1066 2291 debeat.
1155 2223 1308 2307 quid
1363 2222 1532 2287 enim
1585 2233 1797 2307 potest
1850 2244 1985 2287 esee
2038 2221 2431 2309 praeclarius
2492 2247 2720 2309 quam
2775 2251 2885 2293 cum

814 2342 1025 2383 rerum
1054 2338 1434 2425 magnarum
1462 2316 1754 2381 tractatio
1786 2328 1976 2401 atque
2005 2338 2161 2380 usus
2188 2338 2338 2381 cum
2365 2317 2659 2385 illarum
2688 2324 2881 2387 artium

815 2412 1042 2475 studiis
1079 2421 1141 2475 et
1177 2410 1536 2495 cognitione
1575 2410 2017 2497 coniungitur?
2090 2421 2201 2475 aut
2244 2410 2402 2495 quid
2440 2412 2529 2477 P.
2582 2415 2879 2503 Scipione.
2915 2460 2916 2489 ζ

815 2504 972 2588 quid
1009 2501 1365 2580 C.Lae1i0,
1403 2504 1558 2588 quid
1595 2504 1677 2569 L.
1715 2504 1905 2569 Philo
1942 2504 2286 2589 perfectius
2326 2507 2626 2591 cogitari
2666 2513 2877 2597 potest?

815 2598 944 2682 qui,
980 2620 1062 2663 ne
1099 2599 1254 2683 quid
1289 2600 1894 2684 praetermitterent,
1932 2599 2105 2681 quod
2140 2599 2223 2663 ad
2260 2622 2606 2667 summam
2648 2606 2877 2671 laudem

815 2694 1130 2758 clarorum
1157 2692 1437 2758 virorum
1466 2694 1831 2779 pertineret,
1870 2693 1954 2757 ad
1991 2693 2409 2758 domesticum
2437 2698 2875 2784 maiorumque
2915 2762 2916 2765 ,

813 2810 877 2873 p.
897 2785 1074 2874 202]
1115 2809 1356 2853 morem
1389 2789 1580 2854 etiam
1606 2788 1773 2853 hanc
1806 2812 1852 2852 a·
1876 2786 2141 2853 Socrate
2170 2788 2628 2857 adventiciam
2660 2795 2879 2879 docftri-
2915 2782 2916 2803 ζ

814 2906 966 2948 nam
1022 2884 1466 2948 adhibuerunt.
1555 2903 1686 2965 qua
1738 2906 1809 2947 re
1864 2882 1976 2967 qui
2023 2893 2366 2965 utrumque
2413 2888 2642 2952 voluit
2694 2902 2757 2954 et
2795 2912 2881 2975 po·

815 2978 964 3053 tuit,
1009 2977 1076 3040 id
1121 2988 1246 3053 est,
1292 2988 1364 3041 ut
1407 2998 1554 3041 cum
1597 2977 1913 3041 maiorum
1956 2977 2261 3051 institutis
2307 2988 2449 3041 tum
2490 2980 2803 3049 doctrina
2832 3007 2879 3047 se

813 3072 1171 3145 instrueret,
1210 3072 1292 3135 ad
1326 3072 1582 3135 laudem
1619 3072 1791 3136 hunc
1827 3072 2043 3135 omnia
2079 3084 2501 3137 consecutum
2538 3090 2738 3160 puto.
2808 3080 2881 3143 sin

817 3164 1074 3229 alterast
1116 3176 1261 3229 utra
1303 3166 1409 3229 via
1450 3164 1827 3251 prudentiae
1874 3165 2243 3251 deligenda,
2295 3177 2548 3245 tamen,
2604 3173 2807 3237 etiam
2844 3174 2881 3235 si
2914 3166 2916 3229 i

817 3259 920 3324 cui
982 3258 1302 3325 videbitur
1362 3261 1473 3325 illa
1533 3261 1601 3323 in
1654 3260 1909 3345 optimis
1966 3260 2189 3325 studiis
2245 3272 2309 3325 et
2363 3262 2627 3329 artibus
2689 3269 2879 3351 quieta

767 3402 772 3407 -
817 3352 986 3418 vitae
1031 3354 1192 3419 ratio
1236 3354 1508 3431 beatior,
1556 3354 1717 3419 haec
1760 3354 1961 3419 civilis
2008 3354 2389 3419 laudabilior
2444 3367 2543 3420 est
2604 3373 2787 3425 certe
2836 3384 2879 3423 et

731 3892 770 3946 4

741 3962 765 4003 ι

815 3448 1166 3526 inlustrior3
1223 3471 1302 3513 ex
1346 3470 1475 3531 qua
1522 3447 1655 3512 vita
1700 3448 1791 3513 sic
1836 3449 2069 3513 summi
2120 3450 2233 3513 viri
2276 3462 2625 3529 ornantur,
2681 3465 2759 3520 ut
2802 3455 2881 3518 vel

815 3542 933 3607 M’.
973 3541 1238 3620 CuriuS,

1057 3659 1248 3721 quem
1283 3658 1472 3703 nemo
1507 3636 1679 3703 ferro
1714 3637 1921 3723 potuit
1958 3660 2259 3723 superare
2294 3660 2416 3702 nec
2454 3662 2647 3719 aure,
2914 3644 2916 3721 ξ

817 3732 921 3798 vel
957 3733 992 3768 ι(
1029 3732 1064 3767 ιιι
1101 3734 1136 3768 ιι(
2915 3726 2916 3737 ’

1262 3826 1651 3913 [Desiderari
1681 3830 1960 3893 videntur
1995 3851 2099 3893 sem
2122 3826 2449 3915 pst-qima]

817 3942 882 4004 p.
907 3918 1051 4005 ·23.]
1093 3921 1127 3956 ⁴*
1165 3923 1200 3957 ³*
1236 3922 1272 3958 *⁸
1310 3920 1320 4007 Ι
1357 3922 1557 3987 fuisse
1612 3922 2018 4007 sapientiam,
2064 3934 2279 3988 tamen
2332 3922 2455 3987 hoc
2511 3924 2580 3989 in
2642 3928 2881 3992 ratione

818 4013 1146 4095 utriusque
1197 4016 1449 4099 generis
1505 4016 1817 4093 interfuit,
1881 4019 2055 4102 quod
2106 4019 2199 4083 illi
2250 4018 2463 4083 verbis
2520 4029 2586 4085 et
2642 4022 2916 4095 artibqu
