3292 4559
652 1667 708 1706 80

656 2331 705 2370 31.

653 3637 702 3676 32

743 192 828 257 58
1364 202 1441 255 M.
1479 199 1752 258 TULLII
1788 198 2189 256 CICERONIS
2244 236 2249 244 -

739 327 1102 415 propinquo
1140 347 1277 402 suo,
1315 325 1488 390 idem
1525 334 1706 388 sexto
1742 321 2103 390 tricensimo
2138 343 2307 389 anno
2341 335 2489 408 post
2524 346 2565 389 a
2603 326 2831 392 scele-

739 422 974 487 ratiore
1008 420 1194 484 hasta
1225 440 1356 483 non
1390 418 1684 494 recessit,
1720 417 1881 484 alter
1916 427 2161 493 autem,
2206 416 2319 500 qui
2350 417 2421 482 in
2453 417 2565 482 illa
2600 418 2827 484 dieta-

741 526 886 582 tura
920 513 1130 578 scriba
1163 511 1394 588 fuerat,
1427 512 1498 576 in
1531 511 1655 576 hac
1686 510 1813 574 fuit
1846 521 2147 593 quaestor
2180 510 2495 576 urbanusz
2553 534 2637 577 ex
2674 535 2822 596 quo

743 609 936 674 debet
976 606 1266 692 intellegi
1308 607 1546 671 talibus
1590 605 1891 690 praemiis
1924 605 2265 691 propositis
2300 627 2660 692 numquam
2694 609 2824 674 de-

741 703 962 768 futura
1005 701 1174 767 bella
1210 701 1438 766 civilia.
1525 700 1744 783 itaque
1777 699 2055 785 parietes
2090 699 2283 764 modo
2316 700 2497 766 urbis
2532 711 2709 766 stant
2750 714 2822 766 et

741 806 1030 871 manent,
1073 795 1246 879 iique
1291 795 1418 880 ipsi
1449 793 1590 858 -iam
1637 805 1923 858 extrema
1958 795 2199 858 scelera
2232 804 2621 871 metuentes,
2668 819 2819 862 rem

742 911 894 956 vero
947 889 1274 976 publicam
1323 889 1580 974 penitus
1633 888 1983 953 amisimus.
2073 899 2267 971 atque
2318 888 2387 952 in
2440 888 2558 956 has
2602 890 2815 955 cladis

741 984 1080 1050 incidimus
1130 1019 1218 1030 --
1267 982 1666 1048 redeundum
1728 992 1825 1048 est
1888 983 2059 1046 enim
2110 983 2195 1046 ad
2244 983 2647 1068 propositum
2697 1020 2813 1060 ——,

743 1078 897 1143 dum
941 1078 1140 1144 metui
1183 1097 1378 1162 quam
1424 1077 1554 1142 cari
1589 1099 1731 1142 esse
1766 1086 1829 1142 et
1864 1077 2045 1161 diligi
2079 1075 2420 1142 maluimus
2434 1101 2453 1153 3
2544 1099 2715 1161 quae
2754 1079 2811 1142 si

741 1172 982 1258 populo
1036 1171 1329 1236 Romano
1393 1171 1626 1236 iniuste
1692 1170 2031 1256 imperanti
2094 1170 2383 1236 accidere
2435 1182 2809 1256 potuerunt,

743 1265 900 1349 quid
944 1264 1178 1329 debent
1227 1275 1456 1349 putare
1505 1263 1781 1349 singuli?
1850 1265 2024 1347 quod
2069 1285 2217 1328 cum
2263 1264 2677 1349 perspicuum
2722 1267 2811 1330 sit

742 1358 1232 1426 benevolentiae
1275 1359 1408 1424 vim
1455 1381 1594 1426 esse
1639 1379 1972 1444 magnam,
2018 1369 2227 1424 metus
2262 1358 2657 1436 inbecillam,
2706 1383 2812 1424 se-

743 1453 962 1536 quitur
1009 1463 1086 1518 ut
1137 1453 1552 1529 disseramus,
1605 1453 1841 1537 quibus
1894 1452 2087 1517 rebus
2138 1452 2438 1520 facillime
2482 1454 2809 1539 possimus

743 1569 916 1624 eam,
949 1567 1148 1631 quam
1179 1547 1506 1621 volumus,
1557 1546 1826 1631 adipisci
1860 1567 2007 1611 cum
2042 1546 2281 1612 honore
2315 1557 2380 1612 et
2411 1547 2539 1612 fide
2572 1547 2811 1612 carita—

741 1654 890 1708 tem.
978 1639 1094 1707 sed
1127 1663 1206 1706 ea
1239 1662 1370 1706 non
1404 1640 1642 1727 pariter
1676 1663 1897 1706 omnes
1933 1663 2226 1726 egemus3
2272 1663 2425 1706 nam
2469 1641 2554 1706 ad
2588 1643 2812 1708 euius-

741 1757 866 1820 que
921 1735 1120 1800 vitam
1171 1735 1528 1800 institutam
1581 1734 2195 1800 accommodandum
2238 1745 2366 1811 est,
2418 1757 2459 1799 a
2503 1735 2810 1800 multisne

742 1851 904 1914 opus
951 1831 1033 1894 sit
1062 1875 1069 1882 ψ
1079 1852 1163 1894 an
1209 1829 1364 1894 satis
1410 1828 1492 1894 sit
1527 1852 1568 1894 a
1597 1829 1824 1914 paucis
1868 1828 2069 1914 diligi.
2158 1838 2403 1893 certum
2446 1827 2647 1914 igitur
2683 1829 2808 1894 hoe

743 1923 853 2000 sit,
905 1923 1100 2008 idque
1134 1938 1200 1988 et
1245 1923 1526 2008 primum
1571 1933 1636 1987 et
1678 1944 1979 1988 maxume
2021 1923 2483 1999 necessarium,
2528 1922 2809 1989 familia-

741 2016 960 2082 ritates
1013 2017 1249 2084 habere
1302 2016 1464 2081 fidas
1519 2016 1875 2082 amantium
1916 2037 2035 2080 nos
2078 2015 2428 2080 amicorum
2474 2027 2539 2081 et
2583 2029 2808 2082 nostra

740 2109 1137 2175 mirantium=
1193 2109 1354 2174 haec
1397 2109 1568 2174 enim
1609 2133 1743 2174 una
1783 2132 1885 2174 res
1918 2131 2212 2194 prorsus,
2258 2120 2333 2174 ut
2362 2131 2493 2174 non
2526 2111 2807 2176 multum

743 2203 998 2270 differat
1031 2205 1196 2268 inter
1232 2225 1516 2268 summos
1553 2214 1617 2268 et
1652 2203 1989 2268 mediocris
2024 2203 2195 2268 viros
2209 2249 2227 2279 ,
2274 2225 2477 2287 aeque
2512 2205 2805 2289 utrisque

741 2309 839 2363 est
871 2319 1072 2382 prope
1107 2297 1371 2361 modum
1407 2296 1833 2382 conparanda.
1897 2297 2137 2363 honore
2180 2308 2245 2362 et
2277 2298 2483 2384 gloria
2516 2310 2583 2364 et
2609 2300 2805 2365 bene-

740 2391 1020 2456 volentia
1073 2390 1310 2455 civium
1361 2391 1632 2456 fortasse
1684 2412 1815 2455 non
1869 2413 2071 2474 aeque
2124 2414 2345 2457 omnes
2398 2404 2624 2478 egent,
2689 2394 2805 2458 sed

739 2496 984 2559 tamen,
1023 2484 1078 2548 si
1113 2485 1217 2550 cui
1250 2485 1410 2550 haee
1449 2496 1826 2570 suppetunt,
1872 2486 2180 2551 adiuvant
2219 2487 2617 2570 aliquantum
2650 2510 2804 2552 cum

741 2578 826 2642 ad
861 2589 1091 2655 cetera,
1126 2590 1263 2644 tum
1299 2579 1382 2644 ad
1417 2579 1729 2644 amicitias
1764 2581 2226 2664 conparandas.

877 2670 1012 2739 Sed
1045 2671 1128 2738 de
1163 2673 1444 2738 amicitia
1480 2673 1605 2738 alio
1638 2673 1802 2738 libro
1839 2674 2083 2740 dictum
2116 2684 2213 2740 est
2258 2671 2401 2760 [qui
2436 2675 2807 2740 inscribitur

740 2765 1066 2853 Laelius]=
1123 2789 1296 2832 nunc
1341 2767 1630 2834 dicamus
1680 2769 1767 2833 de
1804 2768 2039 2854 gloria,
2080 2789 2475 2852 quamquam
2518 2791 2597 2834 ea
2640 2791 2804 2853 quo-

739 2883 865 2946 que
901 2862 982 2928 de
1017 2883 1087 2926 re
1124 2860 1252 2926 duo
1289 2872 1438 2926 sunt
1471 2862 1673 2927 nostri
1705 2862 1882 2938 libri,
1918 2861 2033 2927 sed
2074 2861 2493 2947 attingamus,
2538 2865 2800 2945 quando

739 2956 999 3038 quidem
1051 2978 1130 3020 ea
1179 2955 1248 3020 in
1298 2956 1490 3020 rebus
1554 2956 1901 3021 maioribus
1966 2955 2483 3020 administrandis
2536 2956 2799 3022 adiuvat

738 3049 1102 3134 plurimum.
1191 3071 1444 3116 summa
1495 3050 1693 3136 igitur
1738 3061 1804 3115 et
1846 3049 2127 3135 perfecta
2173 3049 2383 3135 gloria
2426 3060 2676 3114 constat
2720 3075 2799 3116 ex

739 3143 941 3208 tribus
985 3143 1112 3208 his:
1169 3143 1223 3208 si
1267 3144 1471 3230 diligit
1515 3144 1888 3221 multitudO,
1934 3144 1989 3209 si
2033 3143 2227 3210 fidem
2270 3143 2493 3220 habet,
2548 3145 2604 3210 si
2650 3169 2797 3210 cum

739 3236 1154 3303 admiratione
1199 3239 1477 3322 quadam
1523 3238 1763 3304 honore
1811 3237 2039 3324 dignos
2074 3247 2275 3322 putat.
2364 3237 2527 3302 haec
2560 3251 2795 3314 autem,

739 3331 792 3394 si
845 3342 944 3396 est
995 3331 1364 3418 simpliciter
1417 3332 1823 3416 breviterque
1882 3331 2251 3408 dicendum,
2314 3331 2553 3414 quibus
2602 3332 2796 3396 rebus

737 3424 1074 3508 pariuntur
1108 3449 1150 3490 a
1183 3426 1481 3512 singulis,
1527 3427 1769 3491 eisdem
1814 3425 1949 3492 fere
1984 3449 2023 3492 a
2056 3425 2494 3503 multitudine3
2548 3425 2658 3490 sed
2694 3438 2799 3489 est

739 3519 901 3583 alius
937 3539 1196 3602 quoque
1232 3521 1493 3603 quidam
1529 3521 1739 3586 aditus
1776 3521 1861 3585 ad
1894 3519 2365 3586 multitudinem
2378 3567 2396 3597 ,
2442 3530 2519 3585 ut
2548 3519 2615 3584 in
2648 3518 2800 3583 uni-

739 3633 1066 3677 versorum
1119 3614 1364 3677 animos
1417 3630 1744 3698 tamquam
1795 3615 2061 3681 influere
2116 3613 2456 3700 possimus.
2544 3634 2622 3678 ac
2666 3612 2800 3698 pri-

737 3728 917 3770 mum
951 3706 1032 3771 de
1065 3707 1190 3774 illis
1224 3707 1458 3784 tribus,
1495 3729 1661 3790 quae
1698 3719 1845 3774 ante
1882 3708 2045 3783 dixi,
2091 3707 2576 3773 benevolentiae
2611 3729 2799 3791 prae—

739 3808 924 3882 cepta
959 3799 1316 3866 videamus:
1353 3821 1520 3885 quae
1554 3802 1817 3884 quidem
1854 3793 2103 3887 capitur
2128 3801 2455 3866 beneficiis
2484 3801 2797 3878 maxime3

741 3893 1022 3958 seeundo
1085 3905 1298 3962 autem
1368 3897 1511 3961 loco
1579 3893 1939 3980 [voluntate
2000 3895 2288 3962 benefica
2346 3895 2801 3962 benevolentia

739 3988 1056 4072 movetur]
1071 4038 1089 4067 ‚
1147 3990 1338 4054 etiam
1392 3990 1446 4054 si
1496 4011 1598 4054 res
1643 3988 1811 4054 forte
1852 4011 1985 4054 non
2030 3990 2339 4075 suppetit,
2384 3989 2801 4057 vehementer
