3292 4559
1120 207 1226 261 DE
1265 204 1596 262 OFFIOIIS
1629 207 1706 260 11.
1743 207 1983 262 36-42.
2490 193 2571 259 61

650 333 756 398 Ac
807 353 952 398 mea
1001 329 1262 414 quidem
1316 329 1630 395 sententia
1682 329 1894 394 omnis·
1938 329 2098 393 ratio
2150 338 2345 414 atque
2396 330 2577 396 insti-
2610 353 2661 394 39

519 427 684 493 tutio
726 426 895 490 vitae
941 422 1308 488 adiumenta
1354 422 1687 488 hominum
1723 422 2067 498 desiderat,
2104 423 2172 486 in
2206 424 2575 508 primisque,

519 531 594 587 ut
626 516 861 584 habeat
895 517 1278 600 quibuscum
1313 517 1516 602 possit
1549 517 1881 582 familiaris
1908 516 2197 582 conferre
2224 539 2575 584 sermones:

521 614 696 698 quod
741 622 846 694 est,
879 609 1140 675 difficile
1152 655 1170 686 ,
1227 610 1350 674 nisi
1392 611 1676 696 speciem
1718 633 1873 697 prae
1916 621 1979 676 te
2025 611 2177 676 boni
2221 612 2343 677 viri
2364 611 2577 677 feras.

519 729 674 793 ergo
717 706 912 772 etiam
958 704 1240 768 solitario
1287 703 1529 769 homini
1573 715 1768 789 atque
1810 705 1881 769 in
1926 727 2083 790 agro
2128 705 2326 769 vitam
2362 705 2580 790 agenti

521 801 736 890 opinio
770 799 1049 865 iustitiae
1083 798 1444 863 necessaria
1479 809 1605 876 est,
1643 818 1848 881 eoque
1885 799 2078 863 etiam
2109 799 2347 884 magis,
2384 798 2579 882 quod,

521 918 668 962 eam
703 895 758 959 si
790 915 920 958 non
955 892 1307 968 habebunt,
1355 889 1604 978 [iniusti
1637 889 2079 976 habebuntur]
2112 892 2305 956 nullis
2340 893 2581 977 praesi-

525 990 646 1054 diis
700 987 903 1072 saepti
953 985 1169 1049 multis
1221 985 1596 1050 adficientur
1644 985 1911 1050 iniuriis.
2000 1000 2195 1070 atque
2243 985 2323 1049 iis
2367 985 2579 1060 etiam,
2614 1007 2667 1048 ιο

525 1083 638 1166 qui
681 1075 968 1146 vendunt
1011 1089 1258 1153 emunt,
1305 1078 1669 1144 conducunt
1711 1081 1951 1156 locant,
2006 1077 2580 1161 contrahendisque

523 1174 798 1260 negotiis
832 1173 1237 1258 inplicantur,
1269 1172 1517 1241 iustitia
1552 1173 1636 1236 ad
1670 1195 1808 1238 rem
1840 1172 2189 1258 gerendam
2222 1171 2585 1246 necessari-a

525 1279 650 1345 est,
696 1267 878 1334 cuius
915 1277 1094 1332 tanta
1125 1266 1224 1331 vis
1260 1277 1388 1343 est,
1433 1277 1507 1330 ut
1539 1286 1624 1332 ne
1657 1267 1752 1332 illi
1785 1267 2075 1351 quidem,
2119 1266 2234 1351 qui
2266 1266 2579 1330 maleficio

525 1376 590 1431 et
635 1363 872 1428 scelere
906 1369 1286 1446 pascuntur,
1331 1361 1580 1445 possint
1613 1361 1753 1426 sine
1787 1361 1920 1426 ulla
1954 1361 2269 1446 particula
2300 1360 2582 1426 iustitiae

524 1459 772 1524 viveret
817 1478 970 1522 nam
1013 1456 1124 1540 qui
1169 1477 1390 1521 eorum
1437 1456 1717 1542 cuipiam
1730 1503 1748 1535 ,
1796 1457 1908 1540 qui
1944 1478 2073 1520 una
2105 1455 2583 1532 latrocinantur,

524 1554 774 1619 furatur
809 1551 1051 1635 aliquid
1085 1561 1196 1615 aut
1232 1551 1447 1636 eripit,
1484 1551 1539 1616 is
1575 1551 1699 1617 sibi
1734 1573 1816 1616 ne
1852 1551 1920 1615 in
1953 1551 2287 1616 latrocinio
2320 1550 2585 1634 quidem

524 1647 824 1728 relinquit
855 1646 1099 1720 locum,
1143 1644 1250 1709 ille
1299 1656 1512 1710 autem
1527 1692 1545 1721 ,
1595 1645 1707 1728 qui
1741 1643 2125 1729 archipirata
2158 1643 2418 1720 dicitur,
2460 1643 2587 1708 nisi

527 1737 944 1822 aequabiliter
977 1737 1284 1822 praedam
1321 1737 1683 1821 dispertiat,
1728 1749 1841 1801 aut
1874 1737 2289 1802 interficiatur
2324 1760 2363 1800 a
2396 1735 2585 1800 sociis

525 1843 640 1900 aut
681 1831 1094 1912 relinquatur.
1181 1830 1342 1912 quin
1389 1831 1581 1896 etiam
1614 1831 1794 1916 leges
1829 1831 2149 1895 latronum
2183 1852 2326 1895 esse
2361 1829 2585 1895 dicun-

527 1937 659 2004 tur,
719 1923 954 2008 quibus
1018 1938 1318 2007 pareant,
1381 1944 1545 2006 quas
1608 1923 1978 2000 observent3
2048 1925 2263 2008 itaque
2325 1935 2587 2008 propter

529 2017 931 2102 aequabilem
999 2015 1278 2102 praedae
1345 2017 1753 2102 partitionem
1826 2026 1891 2084 et
1957 2017 2259 2084 Bardulis
2324 2018 2584 2103 Elyrius

529 2110 754 2201 [latro]
768 2159 786 2188 ,
841 2111 921 2176 de
973 2131 1102 2194 quo
1155 2120 1250 2175 est
1301 2111 1476 2196 apud
1534 2112 2054 2198 Theopompum,
2108 2135 2375 2198 magnas
2430 2133 2585 2198 opes

526 2206 754 2273 habuit
791 2215 861 2270 et
905 2205 1106 2268 multo
1151 2204 1424 2270 maiores
1469 2205 1805 2272 Viriathus
1851 2207 2205 2272 Lusitanus
2222 2252 2241 2283 ,
2298 2206 2403 2272 cui
2445 2206 2588 2288 qui·-

528 2303 676 2369 dem
739 2301 932 2366 etiam
993 2299 1309 2364 exercitus
1374 2301 1573 2364 nostri
1635 2301 2177 2386 imperatoresque
2242 2311 2586 2376 cesserunt,

525 2417 720 2479 quem
755 2390 834 2458 C.
871 2391 1136 2458 Laelius
1151 2439 1170 2469 ,
1205 2394 1262 2458 is
1295 2393 1408 2476 qui
1447 2392 1723 2480 Sapiens
1758 2406 2134 2482 usurpatur,
2169 2405 2437 2479 praetor.
2459 2393 2588 2458 fre·-

526 2489 622 2574 git
674 2498 740 2554 et
790 2487 1164 2552 comminuit
1215 2485 1744 2572 ferocitatemque
1798 2489 1936 2554 eius
1988 2489 2081 2553 ita
2130 2487 2459 2573 repressit,
2512 2498 2587 2551 ut

523 2580 714 2648 facile
773 2581 1014 2648 bellum
1075 2580 1336 2663 reliquis
1399 2581 1696 2648 traderet.
1804 2603 1953 2646 cum
2012 2582 2209 2668 igitur
2260 2591 2439 2646 tanta
2489 2579 2585 2644 vis

525 2675 805 2740 iustitiae
867 2676 978 2750 sit,
1039 2685 1115 2738 ut
1174 2697 1252 2740 ea
1303 2676 1498 2740 etiam
1549 2678 1874 2741 latronum
1925 2699 2081 2763 opes
2133 2677 2343 2742 firmet
2392 2687 2587 2758 atque

529 2778 792 2852 augeat,
845 2778 1153 2850 quantam
1203 2767 1340 2833 eius
1396 2769 1527 2833 vim
1581 2769 1747 2834 inter
1798 2771 1974 2854 leges
2024 2780 2089 2835 et
2131 2769 2369 2833 iudicia
2414 2779 2477 2832 et
2517 2769 2587 2832 in

527 2860 874 2926 constituta
925 2881 995 2924 re
1040 2859 1302 2945 publica
1341 2862 1481 2928 fore
1523 2863 1867 2947 putamus?
1954 2863 2111 2927 mihi
2152 2863 2415 2947 quidem
2456 2882 2585 2928 non
2620 2849 2691 2962 ff

531 2951 705 3039 apud
747 2952 982 3017 Medos
1029 2953 1264 3029 solum,
1314 2966 1387 3018 ut.
1429 2955 1522 3020 ait
1563 2956 1963 3034 Herodotus,
2020 2956 2133 3022 sed
2178 2956 2369 3021 etiam
2414 2955 2586 3042 apud

529 3047 802 3113 maiores
852 3057 1100 3112 nostros
1153 3047 1432 3114 iustiti-ae
1482 3050 1793 3118 fruendae
1846 3073 2042 3118 causa
2094 3052 2392 3117 videntur
2434 3052 2586 3116 olim

530 3143 694 3208 bene
727 3141 958 3205 morati
991 3162 1176 3226 reges
1213 3143 1568 3208 constituti:
1607 3168 1759 3210 nam
1794 3167 1939 3211 cum
1974 3157 2371 3232 premeretur
2398 3146 2583 3232 inops

526 3236 869 3302 multitudo
915 3236 997 3300 ab
1042 3235 1148 3312 iis,
1195 3236 1307 3319 qui
1353 3238 1626 3304 maiores
1671 3260 1828 3325 opes
1864 3240 2219 3318 habebant,
2268 3241 2352 3306 ad
2387 3263 2587 3305 unum

533 3330 810 3414 aliquem
842 3329 1302 3414 confugiebant
1335 3331 1570 3398 virtute
1603 3343 2033 3419 praestantem
2047 3381 2065 3410 ,
2112 3335 2227 3416 qui
2258 3355 2406 3398 cum
2439 3355 2587 3418 pro-

525 3423 778 3488 hiberet
810 3422 1042 3488 iniuria
1077 3423 1430 3503 tenuiores,
1465 3426 1787 3510 aequitate
1824 3426 2268 3492 constituenda
2304 3447 2585 3491 summos

532 3541 681 3584 cum
717 3517 956 3582 infimis
996 3518 1140 3602 pari
1183 3518 1322 3584 iure
1366 3520 1701 3586 retinebat.
1790 3513 2143 3604 eademque
2198 3521 2587 3585 constituen—

534 3613 758 3678 darum
803 3612 1022 3704 legum
1067 3611 1192 3678 fuit
1225 3633 1422 3680 causa
1453 3635 1622 3699 quae
1656 3632 1903 3702 regum.
1990 3616 2091 3680 ius
2127 3614 2297 3679 enim
2332 3629 2582 3696 semper
2614 3640 2667 3679 42

535 3716 630 3770 est
675 3706 1036 3790 quaesitum
1071 3708 1435 3792 aequabile3
1481 3730 1691 3793 neque
1728 3708 1899 3798 enim
1934 3709 2118 3776 aliter
2150 3716 2320 3774 esset
2352 3707 2479 3771 ius:
2516 3706 2584 3771 id

534 3799 590 3862 si
631 3797 714 3862 ab
757 3820 886 3863 uno
929 3800 1098 3865 iusto
1143 3811 1208 3866 et
1251 3801 1422 3868 bono
1470 3803 1605 3868 viro
1650 3803 2231 3887 consequebantur,
2285 3811 2464 3866 erant
2507 3821 2585 3864 eo

535 3893 840 3970 contenti3
877 3916 1042 3958 cum·
1059 3895 1128 3959 id
1161 3895 1373 3961 minus
1411 3897 1837 3984 contingeret,
1871 3898 2049 3984 leges
2084 3907 2235 3962 sunt
2266 3887 2583 3970 inventae,

533 4005 700 4069 quae
733 4008 883 4052 cum
915 3989 1214 4056 omnibus
1249 4013 1501 4078 semper
1534 4017 1671 4060 una
1700 4004 1891 4078 atque
1926 3993 2153 4060 eadem
2180 4012 2339 4056 voce
2364 3989 2585 4072 loque-
