3292 4559
670 947 720 986 14

668 1503 720 1547 15

665 2731 716 2773 16

662 3672 714 3713 17

758 216 845 289 82'
1363 232 1440 287 M.
1480 230 1754 288 ‘runnu
1789 228 2193 287 CICERONIS

754 380 885 424 non
936 367 1106 422 recte
1159 355 1591 421 introductam
1636 376 1756 420 nec
1803 354 2064 418 omnino
2110 353 2190 419 de
2238 375 2313 420 eo
2356 377 2594 440 genere
2638 356 2820 440 quic-

754 474 949 535 quam
993 448 1513 536 praecipiendum
1560 448 1781 514 fuisse.
1872 449 2051 533 atqui
2093 448 2254 514 illud
2308 449 2568 532 quidem
2620 449 2819 516 hone-

754 557 945 622 stum,
982 546 1156 629 quod
1191 543 1444 630 proprie
1481 564 1757 627 vereque
1794 542 2048 621 dicitur,
2083 541 2151 607 id
2185 544 2252 607 in
2288 543 2684 652 sapientibus
2719 558 2820 613 est

753 639 905 704 solis
940 660 1149 722 neque
1186 661 1225 702 a
1259 637 1491 703 virtute
1528 636 1746 703 divelli
1772 658 2080 721 umquam
2105 647 2343 746 potest3
2378 637 2447 700 in
2472 637 2551 701 iis
2578 649 2819 718 autem,

753 734 821 797 in
855 733 1091 816 quibus
1128 732 1441 818 sapientia
1473 731 1763 818 perfecta
1795 753 1926 796 non
1963 742 2078 809 est,
2114 733 2324 816 ipsum
2361 731 2522 796 illud
2555 733 2821 816 quidem

665 895 670 903 ,
753 827 1112 912 perfectum
1164 827 1504 893 honestum
1556 826 1732 891 nullo
1785 825 2006 902 mod0‚
2068 818 2512 891 similitudines
2563 825 2823 893 honesti

758 944 897 989 esse
948 932 1238 1008 possunt.
1326 921 1485 986 haec
1538 920 1710 986 enim
1763 920 2006 997 officia,
2060 918 2142 985 de
2195 919 2430 1003 quibus
2481 919 2582 984 his
2635 922 2820 988 libris

753 1015 1186 1102 disputamus,
1232 1015 1443 1082 media
1479 1011 1684 1081 Stoici
1731 1014 2085 1101 appellantt
2142 1036 2220 1080 ea
2265 1015 2632 1080 communia
2665 1028 2818 1081 sunt

756 1119 820 1174 et
863 1111 989 1174 late
1035 1120 1287 1196 patent,
1332 1130 1499 1193 quae
1535 1120 1600 1175 et
1634 1109 1878 1195 ingenii
1912 1109 2195 1174 bonitate
2231 1109 2415 1173 multi
2450 1110 2820 1194 adsequun-

755 1213 861 1267 tur
897 1215 963 1268 et
996 1204 1442 1289 progressione
1480 1203 1798 1281 discendi3
1850 1203 2012 1269 illud
2046 1213 2261 1268 autem
2298 1203 2602 1282 officium,
2640 1206 2820 1289 quod

754 1307 1001 1360 rectum
1043 1296 1214 1362 idem
1262 1297 1618 1383 appellant,
1664 1297 2021 1382 perfectum
2066 1307 2260 1381 atque
2305 1297 2673 1363 absolutum
2719 1310 2821 1364 est

754 1399 847 1465 et,
900 1399 977 1453 ut
1022 1388 1195 1461 idem
1248 1391 1499 1469 dicunt,
1553 1391 1762 1458 omnis
1807 1413 2108 1456 numeros
2153 1390 2349 1456 habet
2396 1413 2517 1458 nec
2561 1403 2821 1477 praeter

756 1483 1111 1568 sapientem
1146 1485 1373 1551 cadere
1408 1486 1476 1551 in
1511 1507 1901 1570 quemquam
1938 1495 2166 1571 potest.
2256 1507 2402 1550 cum
2448 1497 2667 1552 autem
2701 1488 2823 1552 ali·

754 1577 910 1661 quid
946 1589 1161 1644 actum
1196 1591 1321 1658 est,
1369 1581 1436 1646 in
1472 1602 1599 1664 quo
1636 1580 1852 1646 media
1887 1580 2103 1645 officia
2138 1591 2554 1665 conpareant,
2597 1580 2668 1646 id
2703 1604 2821 1647 cu·

752 1673 992 1739 mulate
1034 1673 1289 1740 videtur
1332 1697 1471 1740 esse
1515 1674 1875 1760 perfectum
1918 1684 2250 1760 propterea
2265 1719 2284 1750 ,
2339 1674 2514 1757 quod
2562 1676 2818 1761 volgus,

752 1766 907 1850 quid
942 1767 1109 1832 absit
1143 1792 1184 1834 a
1209 1769 1516 1854 perfecto,
1552 1791 1681 1834 non
1708 1769 1842 1834 fere
1873 1767 2214 1853 intellegit3
2251 1779 2567 1851 quatenus
2595 1780 2819 1836 autem

750 1860 1093 1946 intellegit,
1139 1863 1297 1928 nihil
1328 1875 1516 1949 putat
1550 1861 2096 1949 praetermissum:
2157 1862 2332 1946 quod
2366 1861 2523 1930 item
2556 1863 2625 1928 in
2659 1871 2819 1950 poe·-

752 1953 969 2031 matis,
1017 1956 1085 2020 in
1129 1957 1393 2042 picturis
1438 1980 1561 2022 usu
1607 1957 1783 2022 venit
1823 1956 1892 2022 in
1938 1956 2208 2041 aliisque
2253 1957 2696 2042 conpluribus,
2744 1970 2817 2024 ut

753 2049 1146 2115 delectentur
1188 2050 1442 2137 inperiti
1484 2050 1877 2136 laudentque
1931 2071 2037 2127 ea,
2086 2072 2253 2133 quae
2306 2051 2632 2119 laudanda
2683 2075 2816 2118 non

753 2144 911 2222 sint,
966 2144 1051 2210 ob
1095 2167 1267 2223 eam,
1322 2145 1541 2222 crede,
1596 2168 1886 2222 causam,
1933 2145 2110 2230 quod
2150 2145 2300 2209 insit
2343 2144 2411 2210 in
2453 2145 2531 2209 iis
2569 2145 2815 2230 aliquid

749 2237 955 2323 probi,
993 2239 1167 2322 quod
1201 2239 1412 2325 capiat
1444 2239 1723 2326 ignaros,
1759 2239 1872 2324 qui
1909 2236 2165 2326 [idem]‚
2200 2238 2357 2323 quid
2391 2238 2460 2304 in
2493 2261 2624 2304 una
2648 2260 2815 2323 qua·

750 2355 877 2416 que
913 2354 981 2398 re
1017 2333 1154 2398 vitii
1188 2334 1289 2410 sit,
1326 2345 1647 2417 nequeant
1681 2333 1995 2412 iudicare3
2030 2334 2248 2418 itaque
2282 2356 2430 2398 cum
2461 2345 2612 2400 sunt
2641 2335 2811 2400 docti

752 2449 789 2488 a
822 2424 1072 2509 peritis,
1117 2426 1432 2491 desistunt
1473 2426 1662 2493 facile
1709 2428 2038 2495 sententia.
2128 2427 2288 2493 haec
2331 2428 2530 2513 igitur
2573 2427 2810 2505 officia,

752 2516 832 2582 de
874 2517 1109 2600 quibus
1157 2519 1255 2584 his
1291 2520 1469 2587 libris
1506 2521 1906 2600 disserimus,
1951 2522 2139 2605 quasi
2173 2522 2454 2587 secunda
2489 2524 2812 2607 quaedam

750 2609 1018 2676 honesta
1064 2635 1203 2679 esse
1251 2614 1503 2692 dicunt,
1546 2636 1677 2680 non
1713 2615 2097 2700 sapientium
2131 2615 2323 2681 modo
2360 2617 2648 2726 propria,
2696 2617 2814 2682 sed

750 2727 900 2770 cum
934 2706 1109 2772 omni
1141 2707 1471 2774 hominum
1505 2732 1742 2797 genere
1778 2711 2175 2788 communia3
2210 2710 2427 2795 itaque
2455 2710 2533 2775 iis
2564 2732 2809 2788 omnes,

747 2800 816 2865 in
860 2801 1096 2886 quibus
1143 2816 1240 2869 est
1282 2804 1533 2870 virtutis
1579 2804 1856 2882 indoles,
1903 2816 2403 2873 commoventur.
2489 2828 2612 2872 nec
2654 2828 2811 2875 vero

749 2917 899 2962 cum
944 2894 1071 2962 duo
1107 2896 1299 2964 Decii
1344 2910 1455 2964 aut
1490 2899 1618 2964 duo
1659 2898 1994 2986 Scipiones
2030 2900 2226 2967 fortes
2262 2899 2383 2965 viri
2419 2921 2810 2968 commemo-

657 3050 662 3056 .
747 3001 970 3055 rantur
1004 3003 1117 3056 aut
1153 3014 1301 3057 cum
1334 2994 1672 3059 Fabricius
1715 2992 1854 3080 [aut
1890 2991 2240 3080 Aristides]
2275 2993 2480 3059 iustus
2513 2995 2808 3060 nomina-

748 3094 871 3161 tur,
907 3095 1019 3148 aut
1053 3086 1137 3150 ab
1172 3088 1296 3152 illis
1331 3088 1721 3154 fortitudinis
1757 3100 1869 3154 aut
1905 3089 1987 3153 ab
2021 3089 2145 3154 hoc
2171 3088 2447 3155 iustitiae
2475 3099 2808 3173 tamquam

748 3201 788 3241 a
840 3179 1127 3263 sapiente
1189 3182 1427 3267 petitur
1487 3183 1859 3269 exemplum
1865 3209 1885 3262 3
1957 3204 2145 3250 nemo
2209 3183 2378 3249 enim
2429 3182 2662 3248 horum
2716 3185 2807 3249 sic

748 3273 1031 3358 sapiens,
1077 3285 1150 3339 ut
1194 3276 1548 3362 sapientem
1584 3276 1881 3343 volumus
1916 3277 2229 3363 intellegi,
2273 3299 2396 3343 nec
2436 3277 2510 3355 ii,
2555 3277 2668 3361 qui
2704 3300 2806 3343 sa-

748 3367 994 3453 pientes
1040 3381 1183 3434 sunt
1225 3369 1427 3436 habiti
1473 3381 1537 3437 et
1571 3371 1913 3451 nominati,
1958 3372 2056 3441 M.
2097 3368 2262 3437 Cato
2299 3382 2363 3437 et
2400 3368 2477 3437 C.
2515 3368 2802 3447 Laelius,

746 3461 1070 3547 sapientes
1103 3462 1391 3541 fuerunt,
1436 3487 1518 3532 ne
1553 3465 1644 3530 illi
1679 3465 1937 3549 quidem
1973 3477 2250 3552 septem,
2296 3466 2411 3531 sed
2455 3488 2537 3530 ex
2581 3463 2804 3528 melio-

747 3579 893 3623 rum
935 3555 1290 3624 officiorum
1334 3558 1695 3643 frequentia
1740 3559 2220 3626 similitudinem
2259 3559 2577 3643 quandam
2608 3577 2803 3643 gere—

749 3649 907 3716 bant
968 3652 1373 3737 speciemque
1436 3647 1838 3739 sapientium.
1944 3653 2244 3738 quocirca
2296 3674 2419 3720 nec
2467 3651 2562 3729 id,
2619 3651 2805 3734 quod

747 3767 897 3811 vere
949 3745 1290 3813 honestum
1341 3767 1466 3827 est,
1533 3748 1633 3814 fas
1688 3758 1785 3815 est
1836 3770 1984 3814 cum
2037 3747 2324 3814 utilitatis
2375 3745 2808 3834 repugnantia

748 3840 1101 3926 comparari
1150 3865 1269 3907 nec
1322 3842 1417 3918 id,
1473 3844 1648 3927 quod
1700 3843 2119 3910 communiter
2162 3843 2557 3930 appellamus
2604 3839 2808 3905 hone-

747 3945 949 4010 stum,
995 3936 1168 4018 quod
1204 3936 1434 4001 colitur
1469 3937 1552 4002 ab
1587 3937 1694 4013 iis,
1738 3937 1852 4021 qui
1885 3935 2086 4002 bonos
2123 3960 2192 4003 se
2228 3937 2396 4003 viros
2429 3934 2655 4000 haberi
2690 3955 2809 3999 vo-

745 4024 910 4104 lunt,
943 4049 1090 4092 cum
1128 4030 1568 4098 emolumentis
1604 4052 1914 4116 umquam
1949 4042 2046 4098 est
2081 4029 2601 4118 comparandum,
2638 4038 2811 4113 tamss
