3292 4559
992 251 1101 309 DE
1131 252 1233 307 RE
1267 252 1611 310 PUBLICA
1644 253 1752 308 111.
1791 255 1962 308 1-3,
2381 239 2510 321 203

439 379 676 452 lectiae,
714 375 934 440 humili
966 379 1052 441 acl
1086 379 1354 451 timores,
1398 377 1572 441 molli
1605 379 1692 441 ad
1725 378 1989 452 labores,
2016 399 2222 463 prono
2259 381 2347 443 ad
2381 379 2519 443 libi-

438 473 653 546 dines,
697 472 767 534 in
802 491 921 579 quo
961 481 1159 535 tamen
1193 473 1409 535 inesset
1445 482 1758 555 tamquam
1793 471 2042 536 obrutus
2079 474 2330 557 quidam
2365 475 2520 538 divi·-

440 589 565 630 nus
583 548 768 651 iynis
802 565 1037 649 inqenii
1070 575 1127 629 et
1158 567 1393 630 mentis.
1482 560 1920 648 (Augustinus
1957 577 2168 630 contra
2201 566 2519 631 Iulianum

444 659 667 746 Pelay.
703 657 828 733 IV,
867 655 1000 741 12.)

588 749 938 832 Quemntur
970 751 1272 816 hominem
1304 754 1505 838 maqis
1541 752 1904 818 imbecillum
1939 764 1996 817 et
2013 752 2314 839 fraqilem
2347 755 2518 833 nasci

447 868 642 933 quam
701 855 896 909 cetera
948 847 1251 910 animalia
1311 857 1675 920 naseuntur3
1729 867 1882 931 quae
1934 856 2003 910 ut
2049 857 2193 910 sunt
2243 849 2405 911 edita
2446 869 2519 911 ex

446 952 651 1014 utero,
690 940 982 1024 protinus
1032 940 1101 1003 in
1143 941 1333 1024 pedes
1385 961 1525 1003 suos
1577 941 1734 1025 eriqi
1785 951 1843 1004 et
1878 941 2099 1025 yestire
2151 940 2518 1004 discursibus

447 1035 779 1117 statimque
822 1034 951 1096 aeri
996 1033 1311 1097 tolerando
1355 1034 1577 1098 idonea
1620 1055 1772 1107 esse,
1819 1036 1985 1118 quod
2013 1035 2084 1097 in
2120 1034 2307 1097 lucem
2339 1044 2520 1098 natu-

449 1127 690 1191 ralibus
739 1127 1111 1190 indumentis
1162 1129 1401 1190 munita
1440 1129 1883 1211 processerint.-
1953 1127 2256 1192 hominem
2309 1138 2520 1190 contra

449 1223 690 1286 nudum
741 1230 798 1283 et
846 1221 1139 1284 inermem
1185 1232 1497 1306 tamquam
1542 1243 1615 1285 ex
1657 1213 1991 1307 naufraqio
2035 1223 2103 1286 in
2144 1221 2320 1286 haim
2363 1223 2520 1284 vitae

450 1316 731 1378 miserias
772 1315 979 1398 proici
1030 1325 1087 1378 et
1137 1315 1385 1400 expelli,
1443 1316 1553 1399 qui
1594 1336 1784 1400 neque
1827 1337 2061 1381 movere
2105 1337 2167 1380 se
2213 1315 2368 1392 loco,
2413 1313 2522 1378 ubi

452 1410 679 1518 effusus
724 1419 836 1482 est,
872 1410 1076 1492 possit
1120 1429 1226 1472 nec
1270 1409 1625 1473 alimentum
1675 1409 1849 1473 lactis
1893 1411 2169 1495 adpetere
2211 1430 2320 1472 neo
2358 1409 2520 1499 iniu-

452 1505 619 1566 riam
680 1503 963 1586 temporis
1016 1500 1207 1587 ferre.
1304 1504 1509 1587 itaque
1568 1514 1859 1566 naturam
1918 1525 2042 1566 non
2092 1514 2347 1566 matrem
2398 1495 2521 1566 esse

454 1596 711 1680 humani
738 1596 1006 1680 generis,
1046 1597 1154 1658 sed
1184 1615 1519 1670 novercam,
1558 1618 1714 1681 quae
1750 1619 1886 1659 cum
1917 1598 2101 1660 mutis
2139 1606 2264 1659 tam
2300 1596 2520 1660 libera-

457 1691 597 1754 liter
635 1690 914 1774 qessem't,
962 1688 1267 1752 hominem
1298 1710 1438 1753 vero
1472 1692 1559 1753 sie
1595 1690 1899 1776 effuderit,
1943 1701 2013 1753 ut
2045 1691 2224 1775 inops
2259 1700 2316 1753 et
2345 1689 2521 1770 infir-

453 1806 592 1847 mus
637 1793 693 1847 et
735 1783 902 1844 omni
946 1783 1179 1846 auxilio
1224 1784 1507 1868 indiqens
1541 1783 1703 1848 nihil
1738 1785 1913 1848 aliud
1932 1784 2135 1868 possit
2170 1804 2354 1868 quam
2373 1781 2521 1868 sra-

450 1876 714 1958 9ilitatis
758 1895 903 1938 suae
946 1876 1357 1940 condicionem
1391 1878 1652 1961 ploratu.
1695 1900 1766 1941 ae
1784 1876 2036 1962 fletibus
2071 1877 2362 1950 ominari,
2406 1877 2521 1938 soi-

458 1969 613 2043 lioet,
654 1971 779 2032 ‘oui
814 1980 1052 2033 tantum
1085 1971 1154 2033 in
1188 1972 1318 2034 vita
1342 1981 1522 2035 restet
1550 1973 1810 2035 transire
1833 1971 2178 2034 malorum?
2225 1968 2517 2052 (Lucret.

452 2062 551 2138 V,
595 2061 777 2148 227.)
864 2086 999 2126 cum
1036 2062 1299 2149 fraqilis
1350 2065 1783 2149 imbecillisque
1833 2075 2148 2138 nascatur,
2213 2075 2412 2127 tamen
2465 2074 2521 2126 et

458 2181 499 2220 a
557 2160 743 2220 mutis
802 2158 1079 2222 omnibus
1145 2169 1304 2222 tutus
1370 2170 1457 2222 est
1508 2170 1564 2222 et
1615 2181 1686 2223 ea
1738 2161 1969 2233 omnia,
2035 2180 2187 2243 quae
2231 2159 2520 2244 fimiora

458 2263 808 2326 nascuntur,
845 2254 1025 2317 etiam
1058 2254 1116 2316 si
1148 2255 1271 2316 vim
1308 2254 1459 2318 caeli
1479 2252 1734 2338 fortiter
1758 2256 2116 2338 patiuntur,
2163 2253 2240 2324 ab
2285 2251 2521 2316 homine

459 2359 661 2411 tamen
706 2356 836 2408 tuta
878 2366 1000 2410 esse
1050 2368 1175 2410 non
1218 2358 1504 2432 possunt.
1592 2349 1684 2411 ita
1711 2348 1797 2434 fit
1838 2358 1909 2411 ut
1934 2348 2082 2434 plus
2116 2346 2350 2411 homini
2383 2369 2524 2410 oon-

444 2439 621 2526 ferat
652 2440 811 2503 ratio
849 2460 1033 2524 quam
1068 2452 1294 2504 natura
1328 2443 1532 2517 mutis,
1572 2444 1863 2526 quoniam
1895 2443 1964 2506 in
1995 2442 2123 2506 illis
2148 2462 2256 2505 neo
2282 2443 2525 2526 maqni-

460 2537 607 2598 mdo
678 2536 901 2598 virium
968 2557 1158 2620 neque
1202 2537 1483 2623 fimitas
1545 2540 1818 2624 emporis
1879 2537 2109 2626 efficere
2147 2547 2353 2624 potest
2403 2559 2523 2624 quo

459 2634 660 2694 minus
712 2642 821 2693 aut
872 2634 1299 2717 opprimantur
1348 2657 1389 2700 a
1430 2634 1605 2701 nobis
1651 2649 1758 2700 aut
1803 2647 2044 2700 nostrae
2083 2635 2350 2699 subiecta
2399 2637 2525 2698 sint

448 2727 744 2812 potestati
780 2771 796 2787 .
834 2772 850 2787 .
890 2771 906 2787 .
994 2726 1208 2804 Plato,
1255 2741 1326 2793 ut
1368 2729 1476 2794 hos
1524 2733 1698 2794 oredo
1743 2733 2020 2814 inyratos
2053 2727 2366 2811 refelleret,
2410 2749 2524 2788 na-

462 2831 633 2885 twrae
674 2821 911 2906 qratias
956 2824 1077 2907 eyit
1123 2825 1289 2907 quocl
1329 2823 1507 2887 homo
1552 2834 1734 2886 natus
1785 2834 1932 2886 esset
1984 2830 2102 2885 cet.
2190 2816 2519 2899 (Lactant.

462 2919 536 2981 cle
571 2916 809 3000 opificio
846 2917 942 2979 clei
977 2937 1031 2979 c.
1069 2915 1163 3001 3.)

687 3007 1160 3094 [Desiderantur
1194 3012 1291 3075 hie
1324 3012 1645 3076 minimum
1680 3003 1967 3095 quattuor
1989 3001 2311 3092 paqinae]

594 3102 630 3137 ⁴⁸*
665 3105 700 3138 ⁴¹*
736 3102 773 3136 ³*
812 3105 822 3183 Ι
870 3113 935 3168 et
985 3103 1293 3170 vehiculis
1350 3103 1664 3181 tarditati;
1719 3102 2072 3185 eademque
2125 3121 2272 3165 cum
2328 3097 2421 3186 [p.
2459 3098 2519 3163 3.

466 3197 816 3284 accepisset
867 3197 1158 3262 homines
1214 3197 1553 3263 inconditis
1609 3197 1874 3262 vocibus
1926 3195 2295 3260 inchoatum
2339 3194 2526 3277 quid-

466 3292 616 3356 dam
650 3302 713 3355 et
749 3291 1088 3356 confusum
1124 3294 1427 3370 sonantis,
1462 3292 1686 3358 incidit
1720 3293 1836 3356 has
1871 3301 1934 3356 et
1970 3290 2258 3355 distinxit
2283 3290 2350 3352 in
2379 3311 2525 3374 par-

464 3387 566 3462 tis,
605 3395 670 3451 et
702 3395 774 3450 ut
809 3385 995 3471 signa
1031 3387 1372 3469 quaedam,
1409 3387 1502 3452 sic
1537 3387 1739 3452 verba
1771 3385 1965 3451 rebus
2000 3383 2297 3470 inpressit
2322 3381 2526 3445 homi-

462 3501 706 3563 nesque
750 3491 938 3545 antea
982 3480 1358 3547 dissociatos
1401 3480 1863 3546 iucundissimo
1907 3478 2075 3543 inter
2117 3499 2184 3541 se
2219 3475 2526 3540 sermonis

465 3575 677 3638 vinclo
724 3575 1088 3659 conligavit.
1181 3598 1222 3640 a
1265 3575 1456 3639 simili
1500 3574 1692 3640 etiam
1737 3583 1949 3639 mente
1992 3571 2169 3636 vocis
2203 3569 2316 3652 qui
2350 3568 2528 3634 vide-

468 3668 703 3732 bantur
753 3668 983 3732 infiniti
1035 3668 1176 3733 soni
1228 3668 1452 3754 paucis
1503 3668 1670 3733 notis
1722 3666 1997 3732 inventis
2059 3665 2067 3748 Ι
2124 3674 2271 3729 sunt
2327 3660 2417 3748 [p.
2461 3662 2524 3724 4.

469 3785 691 3827 omnes
737 3762 972 3849 signati
1018 3773 1081 3827 et
1125 3763 1440 3849 expressi,
1486 3763 1719 3846 quibus
1757 3772 1821 3827 et
1856 3759 2193 3844 conloquia
2228 3779 2377 3822 cum
2414 3755 2527 3820 ab-

472 3857 757 3923 sentibus
820 3868 885 3923 et
944 3858 1183 3924 indicia
1244 3859 1646 3922 voluntatum
1709 3866 1775 3920 et
1842 3863 2255 3919 monumenta
2314 3871 2527 3914 rerum

472 3954 956 4039 praeteritarum
991 3963 1378 4020 tenerentur.
1467 3950 1737 4016 accessit
1772 3971 1847 4014 eo
1883 3970 2205 4025 numerus,
2240 3967 2343 4010 res
2380 3966 2536 4008 cum.

473 4049 553 4112 ad
605 4048 804 4118 vitam
857 4047 1243 4126 necessaria,
1306 4057 1444 4111 tum
1497 4067 1628 4110 una
1679 4042 2072 4108 inmutabilis
2126 4052 2190 4108 et
2241 4050 2524 4112 aeterna3

2572 3077 2608 3189 ΦΚ.)
