<?xml version="1.0" encoding="UTF-8"?>
<!DOCTYPE html PUBLIC "-//W3C//DTD XHTML 1.0 Transitional//EN"
    "http://www.w3.org/TR/xhtml1/DTD/xhtml1-transitional.dtd">
<html xmlns="http://www.w3.org/1999/xhtml" xml:lang="en" lang="en">
 <head>
  <title>
</title>
<meta http-equiv="Content-Type" content="text/html;charset=utf-8" />
  <meta name='ocr-system' content='tesseract 3.04.00' />
  <meta name='ocr-capabilities' content='ocr_page ocr_carea ocr_par ocr_line ocrx_word'/>
</head>
<body>
  <div class='ocr_page' id='page_1' title='image "./mtulliiciceroni03unkngoog_0411.png"; bbox 0 0 3292 4559; ppageno 0'>
   <div class='ocr_carea' id='block_1_1' title="bbox 1093 237 2555 337">
    <p class='ocr_par' dir='ltr' id='par_1_1' title="bbox 1093 237 2555 337">
     <span class='ocr_line' id='line_1_1' title="bbox 1093 237 2555 337; baseline -0.001 -31"><span class='ocrx_word' id='word_1_1' title='bbox 1093 251 1569 337; x_wconf 56' lang='lat' dir='ltr'><strong>oE-orfmcns</strong></span> <span class='ocrx_word' id='word_1_2' title='bbox 1599 251 1677 308; x_wconf 93' lang='lat'><strong>11.</strong></span> <span class='ocrx_word' id='word_1_3' title='bbox 1716 253 1955 308; x_wconf 81' lang='lat'>10—16.</span> <span class='ocrx_word' id='word_1_4' title='bbox 2463 237 2555 306; x_wconf 77' lang='lat'><strong>53</strong></span> 
     </span>
    </p>
   </div>
   <div class='ocr_carea' id='block_1_2' title="bbox 482 373 2578 4123">
    <p class='ocr_par' dir='ltr' id='par_1_2' title="bbox 482 373 2555 3745">
     <span class='ocr_line' id='line_1_2' title="bbox 482 373 2547 458; baseline -0.001 -18"><span class='ocrx_word' id='word_1_5' title='bbox 482 389 557 442; x_wconf 88' lang='lat' dir='ltr'><strong>et</strong></span> <span class='ocrx_word' id='word_1_6' title='bbox 603 393 852 453; x_wconf 83' lang='lat' dir='ltr'><strong>earum,</strong></span> <span class='ocrx_word' id='word_1_7' title='bbox 898 373 1132 458; x_wconf 86' lang='lat' dir='ltr'><strong>quibus</strong></span> <span class='ocrx_word' id='word_1_8' title='bbox 1177 391 1542 458; x_wconf 73' lang='lat' dir='ltr'><strong>egeremus,</strong></span> <span class='ocrx_word' id='word_1_9' title='bbox 1597 375 1874 440; x_wconf 88' lang='lat' dir='ltr'><strong>invectio</strong></span> <span class='ocrx_word' id='word_1_10' title='bbox 1921 385 2091 442; x_wconf 87' lang='lat' dir='ltr'><strong>certe</strong></span> <span class='ocrx_word' id='word_1_11' title='bbox 2133 375 2313 452; x_wconf 82' lang='lat' dir='ltr'><strong>nulla</strong></span> <span class='ocrx_word' id='word_1_12' title='bbox 2336 386 2547 456; x_wconf 82' lang='lat' dir='ltr'><strong>-esset,</strong></span> 
     </span>
     <span class='ocr_line' id='line_1_3' title="bbox 487 467 2547 554; baseline -0.001 -20"><span class='ocrx_word' id='word_1_13' title='bbox 487 470 619 534; x_wconf 91' lang='lat' dir='ltr'><strong>nisi</strong></span> <span class='ocrx_word' id='word_1_14' title='bbox 661 469 760 536; x_wconf 89' lang='lat' dir='ltr'><strong>his</strong></span> <span class='ocrx_word' id='word_1_15' title='bbox 807 467 1178 536; x_wconf 84' lang='lat' dir='ltr'><strong>muneribus</strong></span> <span class='ocrx_word' id='word_1_16' title='bbox 1223 467 1512 534; x_wconf 91' lang='lat' dir='ltr'><strong>homines</strong></span> <span class='ocrx_word' id='word_1_17' title='bbox 1548 469 1999 554; x_wconf 84' lang='lat' dir='ltr'><strong>fungerentur3</strong></span> <span class='ocrx_word' id='word_1_18' title='bbox 2056 468 2414 552; x_wconf 87' lang='lat' dir='ltr'><strong>eademque</strong></span> <span class='ocrx_word' id='word_1_19' title='bbox 2445 489 2547 534; x_wconf 86' lang='lat' dir='ltr'><strong>ra-</strong></span> 
     </span>
     <span class='ocr_line' id='line_1_4' title="bbox 487 561 2547 648; baseline -0 -19"><span class='ocrx_word' id='word_1_20' title='bbox 487 566 667 630; x_wconf 83' lang='lat' dir='ltr'><strong>tione</strong></span> <span class='ocrx_word' id='word_1_21' title='bbox 698 585 818 629; x_wconf 89' lang='lat' dir='ltr'><strong>nec</strong></span> <span class='ocrx_word' id='word_1_22' title='bbox 850 561 1100 648; x_wconf 86' lang='lat' dir='ltr'><strong>lapides</strong></span> <span class='ocrx_word' id='word_1_23' title='bbox 1131 584 1216 627; x_wconf 85' lang='lat' dir='ltr'><strong>ex</strong></span> <span class='ocrx_word' id='word_1_24' title='bbox 1251 573 1421 628; x_wconf 84' lang='lat' dir='ltr'><strong>terra</strong></span> <span class='ocrx_word' id='word_1_25' title='bbox 1454 563 1899 632; x_wconf 74' lang='lat' dir='ltr'>exciderentur</span> <span class='ocrx_word' id='word_1_26' title='bbox 1925 563 2011 627; x_wconf 88' lang='lat' dir='ltr'><strong>ad</strong></span> <span class='ocrx_word' id='word_1_27' title='bbox 2037 585 2229 628; x_wconf 86' lang='lat' dir='ltr'><strong>usum</strong></span> <span class='ocrx_word' id='word_1_28' title='bbox 2256 573 2547 643; x_wconf 84' lang='lat' dir='ltr'><strong>nostrum</strong></span> 
     </span>
     <span class='ocr_line' id='line_1_5' title="bbox 487 655 2548 743; baseline 0 -21"><span class='ocrx_word' id='word_1_29' title='bbox 487 658 853 734; x_wconf 85' lang='lat' dir='ltr'><strong>necessarii,</strong></span> <span class='ocrx_word' id='word_1_30' title='bbox 887 679 1010 722; x_wconf 91' lang='lat' dir='ltr'><strong>nec</strong></span> <span class='ocrx_word' id='word_1_31' title='bbox 1044 656 1334 734; x_wconf 60' lang='lat' dir='ltr'><strong>‘ferruQ</strong></span> <span class='ocrx_word' id='word_1_32' title='bbox 1373 671 1505 734; x_wconf 82' lang='lat' dir='ltr'><strong>aes,</strong></span> <span class='ocrx_word' id='word_1_33' title='bbox 1539 679 1799 736; x_wconf 87' lang='lat' dir='ltr'><strong>aurum,</strong></span> <span class='ocrx_word' id='word_1_34' title='bbox 1834 657 2199 743; x_wconf 88' lang='lat' dir='ltr'><strong>argentum’</strong></span> <span class='ocrx_word' id='word_1_35' title='bbox 2237 655 2548 726; x_wconf 86' lang='lat' dir='ltr'><strong>effodere-</strong></span> 
     </span>
     <span class='ocr_line' id='line_1_6' title="bbox 485 749 2548 836; baseline 0 -22"><span class='ocrx_word' id='word_1_36' title='bbox 485 764 597 816; x_wconf 82' lang='lat' dir='ltr'><strong>tur</strong></span> <span class='ocrx_word' id='word_1_37' title='bbox 651 750 932 836; x_wconf 88' lang='lat' dir='ltr'><strong>‘penitus</strong></span> <span class='ocrx_word' id='word_1_38' title='bbox 985 749 1277 814; x_wconf 83' lang='lat' dir='ltr'><strong>abditum</strong></span> <span class='ocrx_word' id='word_1_39' title='bbox 1291 749 1315 776; x_wconf 57' lang='lat'><strong>’⁴</strong></span> <span class='ocrx_word' id='word_1_40' title='bbox 1365 749 1502 816; x_wconf 90' lang='lat' dir='ltr'><strong>sine</strong></span> <span class='ocrx_word' id='word_1_41' title='bbox 1561 751 1895 816; x_wconf 82' lang='lat' dir='ltr'><strong>hominum</strong></span> <span class='ocrx_word' id='word_1_42' title='bbox 1944 751 2163 816; x_wconf 85' lang='lat' dir='ltr'><strong>labore</strong></span> <span class='ocrx_word' id='word_1_43' title='bbox 2216 753 2281 815; x_wconf 79' lang='lat' dir='ltr'><strong>e&#39;t</strong></span> <span class='ocrx_word' id='word_1_44' title='bbox 2331 773 2548 815; x_wconf 84' lang='lat' dir='ltr'><strong>manu.</strong></span> 
     </span>
     <span class='ocr_line' id='line_1_7' title="bbox 485 842 2551 930; baseline 0 -22"><span class='ocrx_word' id='word_1_45' title='bbox 485 854 662 909; x_wconf 82' lang='lat' dir='ltr'><strong>tecta</strong></span> <span class='ocrx_word' id='word_1_46' title='bbox 706 865 888 920; x_wconf 85' lang='lat' dir='ltr'><strong>vere,</strong></span> <span class='ocrx_word' id='word_1_47' title='bbox 933 842 1167 926; x_wconf 89' lang='lat' dir='ltr'><strong>quibus</strong></span> <span class='ocrx_word' id='word_1_48' title='bbox 1212 853 1276 908; x_wconf 91' lang='lat' dir='ltr'><strong>et</strong></span> <span class='ocrx_word' id='word_1_49' title='bbox 1309 842 1624 928; x_wconf 82' lang='lat' dir='ltr'>frigorum</span> <span class='ocrx_word' id='word_1_50' title='bbox 1658 844 1758 909; x_wconf 85' lang='lat' dir='ltr'><strong>vis</strong></span> <span class='ocrx_word' id='word_1_51' title='bbox 1791 844 2133 930; x_wconf 85' lang='lat' dir='ltr'><strong>pelleretur</strong></span> <span class='ocrx_word' id='word_1_52' title='bbox 2167 854 2233 908; x_wconf 89' lang='lat' dir='ltr'><strong>et</strong></span> <span class='ocrx_word' id='word_1_53' title='bbox 2267 844 2551 909; x_wconf 88' lang='lat' dir='ltr'><strong>calorum</strong></span> 
     </span>
     <span class='ocr_line' id='line_1_8' title="bbox 487 934 2555 1022; baseline 0.001 -22"><span class='ocrx_word' id='word_1_54' title='bbox 487 937 820 1004; x_wconf 82' lang='lat' dir='ltr'><strong>molestiae</strong></span> <span class='ocrx_word' id='word_1_55' title='bbox 852 936 1252 1012; x_wconf 85' lang='lat' dir='ltr'><strong>sedarentur,</strong></span> <span class='ocrx_word' id='word_1_56' title='bbox 1285 937 1458 1002; x_wconf 88' lang='lat' dir='ltr'><strong>unde</strong></span> <span class='ocrx_word' id='word_1_57' title='bbox 1495 947 1607 1000; x_wconf 88' lang='lat' dir='ltr'><strong>aut</strong></span> <span class='ocrx_word' id='word_1_58' title='bbox 1639 936 1821 1001; x_wconf 88' lang='lat' dir='ltr'><strong>initio</strong></span> <span class='ocrx_word' id='word_1_59' title='bbox 1854 937 2079 1022; x_wconf 83' lang='lat' dir='ltr'><strong>generi</strong></span> <span class='ocrx_word' id='word_1_60' title='bbox 2103 934 2384 1002; x_wconf 86' lang='lat' dir='ltr'><strong>humano</strong></span> <span class='ocrx_word' id='word_1_61' title='bbox 2414 935 2555 1002; x_wconf 80' lang='lat' dir='ltr'><strong>dari</strong></span> 
     </span>
     <span class='ocr_line' id='line_1_9' title="bbox 488 1028 2555 1115; baseline -0 -21"><span class='ocrx_word' id='word_1_62' title='bbox 488 1031 851 1115; x_wconf 87' lang='lat' dir='ltr'><strong>potuissent</strong></span> <span class='ocrx_word' id='word_1_63' title='bbox 883 1039 996 1094; x_wconf 91' lang='lat' dir='ltr'><strong>aut</strong></span> <span class='ocrx_word' id='word_1_64' title='bbox 1029 1039 1254 1113; x_wconf 87' lang='lat' dir='ltr'><strong>postea</strong></span> <span class='ocrx_word' id='word_1_65' title='bbox 1289 1029 1651 1106; x_wconf 85' lang='lat' dir='ltr'><strong>subvenire,</strong></span> <span class='ocrx_word' id='word_1_66' title='bbox 1670 1032 1672 1034; x_wconf 71' lang='grc'><strong>’</strong></span> <span class='ocrx_word' id='word_1_67' title='bbox 1690 1031 1745 1093; x_wconf 89' lang='lat' dir='ltr'><strong>si</strong></span> <span class='ocrx_word' id='word_1_68' title='bbox 1780 1040 1892 1094; x_wconf 89' lang='lat' dir='ltr'><strong>aut</strong></span> <span class='ocrx_word' id='word_1_69' title='bbox 1922 1031 1988 1094; x_wconf 89' lang='lat' dir='ltr'><strong>vi</strong></span> <span class='ocrx_word' id='word_1_70' title='bbox 2016 1028 2409 1115; x_wconf 73' lang='lat' dir='ltr'><strong>tempestatis</strong></span> <span class='ocrx_word' id='word_1_71' title='bbox 2438 1041 2555 1093; x_wconf 89' lang='lat' dir='ltr'><strong>aut</strong></span> 
     </span>
     <span class='ocr_line' id='line_1_10' title="bbox 487 1123 2552 1199; baseline -0 -12"><span class='ocrx_word' id='word_1_72' title='bbox 487 1136 700 1188; x_wconf 89' lang='lat' dir='ltr'><strong>terrae</strong></span> <span class='ocrx_word' id='word_1_73' title='bbox 760 1134 942 1188; x_wconf 89' lang='lat' dir='ltr'><strong>motu</strong></span> <span class='ocrx_word' id='word_1_74' title='bbox 1005 1134 1116 1190; x_wconf 78' lang='lat' dir='ltr'><strong>aut</strong></span> <span class='ocrx_word' id='word_1_75' title='bbox 1171 1133 1490 1189; x_wconf 83' lang='lat' dir='ltr'><strong>vetustate</strong></span> <span class='ocrx_word' id='word_1_76' title='bbox 1543 1124 1949 1199; x_wconf 72' lang='lat' dir='ltr'><strong>cecidissent,</strong></span> <span class='ocrx_word' id='word_1_77' title='bbox 2018 1123 2142 1187; x_wconf 87' lang='lat' dir='ltr'><strong>nisi</strong></span> <span class='ocrx_word' id='word_1_78' title='bbox 2194 1123 2552 1188; x_wconf 87' lang='lat' dir='ltr'><strong>communis.</strong></span> 
     </span>
     <span class='ocr_line' id='line_1_11' title="bbox 487 1215 2551 1302; baseline 0 -22"><span class='ocrx_word' id='word_1_79' title='bbox 487 1217 626 1286; x_wconf 73' lang='lat' dir='ltr'><strong>vita</strong></span> <span class='ocrx_word' id='word_1_80' title='bbox 670 1217 756 1280; x_wconf 88' lang='lat' dir='ltr'><strong>ab</strong></span> <span class='ocrx_word' id='word_1_81' title='bbox 797 1215 1164 1282; x_wconf 87' lang='lat' dir='ltr'><strong>hominibus</strong></span> <span class='ocrx_word' id='word_1_82' title='bbox 1206 1216 1435 1282; x_wconf 89' lang='lat' dir='ltr'><strong>harum</strong></span> <span class='ocrx_word' id='word_1_83' title='bbox 1478 1239 1694 1282; x_wconf 88' lang='lat' dir='ltr'><strong>rerum</strong></span> <span class='ocrx_word' id='word_1_84' title='bbox 1745 1216 1987 1282; x_wconf 80' lang='lat' dir='ltr'><strong>auxilia</strong></span> <span class='ocrx_word' id='word_1_85' title='bbox 2029 1227 2249 1302; x_wconf 89' lang='lat' dir='ltr'><strong>petere</strong></span> <span class='ocrx_word' id='word_1_86' title='bbox 2294 1216 2551 1292; x_wconf 81' lang='lat' dir='ltr'><strong>didicis-</strong></span> 
     </span>
     <span class='ocr_line' id='line_1_12' title="bbox 485 1311 2550 1398; baseline 0.001 -24"><span class='ocrx_word' id='word_1_87' title='bbox 485 1311 626 1375; x_wconf 80' lang='lat' dir='ltr'><strong>set?</strong></span> <span class='ocrx_word' id='word_1_88' title='bbox 663 1311 826 1376; x_wconf 88' lang='lat' dir='ltr'><strong>adde</strong></span> <span class='ocrx_word' id='word_1_89' title='bbox 865 1311 1092 1376; x_wconf 88' lang='lat' dir='ltr'><strong>ductus</strong></span> <span class='ocrx_word' id='word_1_90' title='bbox 1129 1332 1463 1395; x_wconf 86' lang='lat' dir='ltr'><strong>aquarum,</strong></span> <span class='ocrx_word' id='word_1_91' title='bbox 1501 1312 1925 1378; x_wconf 83' lang='lat' dir='ltr'><strong>derivationes</strong></span> <span class='ocrx_word' id='word_1_92' title='bbox 1960 1311 2327 1390; x_wconf 89' lang='lat' dir='ltr'><strong>fluminum,</strong></span> <span class='ocrx_word' id='word_1_93' title='bbox 2362 1333 2550 1398; x_wconf 89' lang='lat' dir='ltr'><strong>agro-</strong></span> 
     </span>
     <span class='ocr_line' id='line_1_13' title="bbox 487 1403 2555 1491; baseline 0 -24"><span class='ocrx_word' id='word_1_94' title='bbox 487 1427 634 1468; x_wconf 86' lang='lat' dir='ltr'><strong>rum</strong></span> <span class='ocrx_word' id='word_1_95' title='bbox 667 1403 1114 1490; x_wconf 86' lang='lat' dir='ltr'><strong>inrigationes,</strong></span> <span class='ocrx_word' id='word_1_96' title='bbox 1147 1405 1334 1470; x_wconf 89' lang='lat' dir='ltr'><strong>molis</strong></span> <span class='ocrx_word' id='word_1_97' title='bbox 1369 1405 1693 1491; x_wconf 86' lang='lat' dir='ltr'><strong>oppositas</strong></span> <span class='ocrx_word' id='word_1_98' title='bbox 1728 1406 2030 1472; x_wconf 83' lang='lat' dir='ltr'><strong>fluctibus</strong></span> <span class='ocrx_word' id='word_1_99' title='bbox 2040 1452 2059 1484; x_wconf 92' lang='lat'>‚</span> <span class='ocrx_word' id='word_1_100' title='bbox 2095 1416 2317 1491; x_wconf 87' lang='lat' dir='ltr'><strong>portus</strong></span> <span class='ocrx_word' id='word_1_101' title='bbox 2352 1428 2555 1470; x_wconf 83' lang='lat' dir='ltr'><strong>manu</strong></span> 
     </span>
     <span class='ocr_line' id='line_1_14' title="bbox 485 1498 2550 1586; baseline 0 -24"><span class='ocrx_word' id='word_1_102' title='bbox 485 1498 724 1570; x_wconf 81' lang='lat' dir='ltr'><strong>factos:</strong></span> <span class='ocrx_word' id='word_1_103' title='bbox 761 1519 927 1581; x_wconf 92' lang='lat' dir='ltr'><strong>quae</strong></span> <span class='ocrx_word' id='word_1_104' title='bbox 962 1498 1135 1565; x_wconf 88' lang='lat' dir='ltr'><strong>unde</strong></span> <span class='ocrx_word' id='word_1_105' title='bbox 1169 1499 1306 1564; x_wconf 87' lang='lat' dir='ltr'><strong>sine</strong></span> <span class='ocrx_word' id='word_1_106' title='bbox 1332 1499 1661 1564; x_wconf 88' lang='lat' dir='ltr'><strong>hominum</strong></span> <span class='ocrx_word' id='word_1_107' title='bbox 1689 1521 1885 1586; x_wconf 87' lang='lat' dir='ltr'><strong>opera</strong></span> <span class='ocrx_word' id='word_1_108' title='bbox 1912 1500 2151 1568; x_wconf 87' lang='lat' dir='ltr'><strong>habere</strong></span> <span class='ocrx_word' id='word_1_109' title='bbox 2180 1499 2550 1585; x_wconf 80' lang='lat' dir='ltr'><strong>possemus?</strong></span> 
     </span>
     <span class='ocr_line' id='line_1_15' title="bbox 484 1591 2549 1680; baseline 0 -24"><span class='ocrx_word' id='word_1_110' title='bbox 484 1615 570 1656; x_wconf 83' lang='lat' dir='ltr'><strong>ex</strong></span> <span class='ocrx_word' id='word_1_111' title='bbox 623 1591 856 1676; x_wconf 87' lang='lat' dir='ltr'><strong>quibus</strong></span> <span class='ocrx_word' id='word_1_112' title='bbox 912 1594 1254 1678; x_wconf 88' lang='lat' dir='ltr'><strong>multisque</strong></span> <span class='ocrx_word' id='word_1_113' title='bbox 1307 1594 1444 1658; x_wconf 87' lang='lat' dir='ltr'><strong>aliis</strong></span> <span class='ocrx_word' id='word_1_114' title='bbox 1497 1595 1911 1680; x_wconf 89' lang='lat' dir='ltr'><strong>perspicuum</strong></span> <span class='ocrx_word' id='word_1_115' title='bbox 1965 1605 2090 1671; x_wconf 90' lang='lat' dir='ltr'><strong>est,</strong></span> <span class='ocrx_word' id='word_1_116' title='bbox 2146 1593 2261 1677; x_wconf 91' lang='lat' dir='ltr'><strong>qui</strong></span> <span class='ocrx_word' id='word_1_117' title='bbox 2302 1593 2549 1658; x_wconf 87' lang='lat' dir='ltr'><strong>fructus</strong></span> 
     </span>
     <span class='ocr_line' id='line_1_16' title="bbox 489 1686 2551 1772; baseline 0 -22"><span class='ocrx_word' id='word_1_118' title='bbox 489 1709 782 1770; x_wconf 89' lang='lat' dir='ltr'><strong>quaeque</strong></span> <span class='ocrx_word' id='word_1_119' title='bbox 818 1688 1120 1753; x_wconf 82' lang='lat' dir='ltr'><strong>utilitates</strong></span> <span class='ocrx_word' id='word_1_120' title='bbox 1157 1711 1240 1754; x_wconf 86' lang='lat' dir='ltr'><strong>ex</strong></span> <span class='ocrx_word' id='word_1_121' title='bbox 1273 1688 1467 1754; x_wconf 88' lang='lat' dir='ltr'><strong>rebus</strong></span> <span class='ocrx_word' id='word_1_122' title='bbox 1501 1688 1602 1766; x_wconf 88' lang='lat' dir='ltr'><strong>iis,</strong></span> <span class='ocrx_word' id='word_1_123' title='bbox 1639 1710 1809 1772; x_wconf 87' lang='lat' dir='ltr'><strong>quae</strong></span> <span class='ocrx_word' id='word_1_124' title='bbox 1846 1699 1995 1752; x_wconf 89' lang='lat' dir='ltr'><strong>sunt</strong></span> <span class='ocrx_word' id='word_1_125' title='bbox 2028 1686 2369 1762; x_wconf 82' lang='lat' dir='ltr'><strong>inanimae,</strong></span> <span class='ocrx_word' id='word_1_126' title='bbox 2406 1707 2551 1771; x_wconf 86' lang='lat' dir='ltr'><strong>per-</strong></span> 
     </span>
     <span class='ocr_line' id='line_1_17' title="bbox 488 1781 2551 1864; baseline 0 -20"><span class='ocrx_word' id='word_1_127' title='bbox 488 1781 836 1864; x_wconf 81' lang='lat' dir='ltr'><strong>cipiantur,</strong></span> <span class='ocrx_word' id='word_1_128' title='bbox 887 1803 994 1846; x_wconf 87' lang='lat' dir='ltr'><strong>eas</strong></span> <span class='ocrx_word' id='word_1_129' title='bbox 1036 1803 1154 1846; x_wconf 90' lang='lat' dir='ltr'><strong>nos</strong></span> <span class='ocrx_word' id='word_1_130' title='bbox 1198 1783 1374 1846; x_wconf 91' lang='lat' dir='ltr'><strong>nullo</strong></span> <span class='ocrx_word' id='word_1_131' title='bbox 1420 1782 1612 1846; x_wconf 89' lang='lat' dir='ltr'><strong>modo</strong></span> <span class='ocrx_word' id='word_1_132' title='bbox 1660 1781 1799 1846; x_wconf 91' lang='lat' dir='ltr'><strong>sine</strong></span> <span class='ocrx_word' id='word_1_133' title='bbox 1842 1781 2177 1846; x_wconf 89' lang='lat' dir='ltr'><strong>hominum</strong></span> <span class='ocrx_word' id='word_1_134' title='bbox 2220 1803 2419 1844; x_wconf 88' lang='lat' dir='ltr'><strong>manu</strong></span> <span class='ocrx_word' id='word_1_135' title='bbox 2454 1791 2551 1862; x_wconf 81' lang='lat' dir='ltr'><strong>at-</strong></span> 
     </span>
     <span class='ocr_line' id='line_1_18' title="bbox 487 1873 2552 1959; baseline 0.001 -22"><span class='ocrx_word' id='word_1_136' title='bbox 487 1895 614 1956; x_wconf 91' lang='lat' dir='ltr'><strong>que</strong></span> <span class='ocrx_word' id='word_1_137' title='bbox 660 1896 856 1958; x_wconf 89' lang='lat' dir='ltr'><strong>opera</strong></span> <span class='ocrx_word' id='word_1_138' title='bbox 899 1896 1128 1958; x_wconf 81' lang='lat' dir='ltr'><strong>capere</strong></span> <span class='ocrx_word' id='word_1_139' title='bbox 1173 1875 1474 1959; x_wconf 89' lang='lat' dir='ltr'><strong>potuisse.</strong></span> <span class='ocrx_word' id='word_1_140' title='bbox 1565 1875 1677 1958; x_wconf 87' lang='lat' dir='ltr'><strong>qui</strong></span> <span class='ocrx_word' id='word_1_141' title='bbox 1722 1875 1997 1958; x_wconf 89' lang='lat' dir='ltr'><strong>denique</strong></span> <span class='ocrx_word' id='word_1_142' title='bbox 2043 1895 2125 1940; x_wconf 80' lang='lat' dir='ltr'><strong>ex</strong></span> <span class='ocrx_word' id='word_1_143' title='bbox 2160 1874 2381 1938; x_wconf 88' lang='lat' dir='ltr'><strong>bestiis</strong></span> <span class='ocrx_word' id='word_1_144' title='bbox 2416 1873 2552 1940; x_wconf 69' lang='lat' dir='ltr'><strong>fru-</strong></span> 
     </span>
     <span class='ocr_line' id='line_1_19' title="bbox 489 1967 2551 2053; baseline -0 -21"><span class='ocrx_word' id='word_1_145' title='bbox 489 1978 630 2032; x_wconf 86' lang='lat' dir='ltr'><strong>ctus</strong></span> <span class='ocrx_word' id='word_1_146' title='bbox 668 1977 781 2032; x_wconf 90' lang='lat' dir='ltr'><strong>aut</strong></span> <span class='ocrx_word' id='word_1_147' title='bbox 813 1989 982 2050; x_wconf 86' lang='lat' dir='ltr'><strong>quae</strong></span> <span class='ocrx_word' id='word_1_148' title='bbox 1019 1967 1458 2044; x_wconf 83' lang='lat' dir='ltr'><strong>commoditas,</strong></span> <span class='ocrx_word' id='word_1_149' title='bbox 1493 1968 1619 2032; x_wconf 88' lang='lat' dir='ltr'><strong>nisi</strong></span> <span class='ocrx_word' id='word_1_150' title='bbox 1655 1969 1943 2033; x_wconf 89' lang='lat' dir='ltr'><strong>homines</strong></span> <span class='ocrx_word' id='word_1_151' title='bbox 1974 1968 2371 2045; x_wconf 80' lang='lat' dir='ltr'><strong>adiuvarent,</strong></span> <span class='ocrx_word' id='word_1_152' title='bbox 2406 1989 2551 2053; x_wconf 87' lang='lat' dir='ltr'><strong>per-</strong></span> 
     </span>
     <span class='ocr_line' id='line_1_20' title="bbox 489 2061 2553 2146; baseline 0.001 -20"><span class='ocrx_word' id='word_1_153' title='bbox 489 2061 616 2146; x_wconf 87' lang='lat' dir='ltr'><strong>cipi</strong></span> <span class='ocrx_word' id='word_1_154' title='bbox 666 2061 921 2146; x_wconf 79' lang='lat' dir='ltr'><strong>posset?</strong></span> <span class='ocrx_word' id='word_1_155' title='bbox 991 2084 1143 2126; x_wconf 87' lang='lat' dir='ltr'><strong>nam</strong></span> <span class='ocrx_word' id='word_1_156' title='bbox 1197 2072 1262 2126; x_wconf 90' lang='lat' dir='ltr'><strong>et</strong></span> <span class='ocrx_word' id='word_1_157' title='bbox 1313 2061 1426 2145; x_wconf 87' lang='lat' dir='ltr'><strong>qui</strong></span> <span class='ocrx_word' id='word_1_158' title='bbox 1475 2061 1795 2146; x_wconf 85' lang='lat' dir='ltr'><strong>principes</strong></span> <span class='ocrx_word' id='word_1_159' title='bbox 1850 2061 2219 2128; x_wconf 81' lang='lat' dir='ltr'><strong>inveniendi</strong></span> <span class='ocrx_word' id='word_1_160' title='bbox 2270 2062 2553 2138; x_wconf 80' lang='lat' dir='ltr'><strong>fuerunt,</strong></span> 
     </span>
     <span class='ocr_line' id='line_1_21' title="bbox 485 2155 2551 2242; baseline 0.001 -22"><span class='ocrx_word' id='word_1_161' title='bbox 485 2177 681 2239; x_wconf 89' lang='lat' dir='ltr'><strong>quem</strong></span> <span class='ocrx_word' id='word_1_162' title='bbox 717 2178 798 2221; x_wconf 82' lang='lat' dir='ltr'><strong>ex</strong></span> <span class='ocrx_word' id='word_1_163' title='bbox 830 2177 1092 2242; x_wconf 65' lang='lat' dir='ltr'><strong>&gt;quaque</strong></span> <span class='ocrx_word' id='word_1_164' title='bbox 1127 2155 1317 2220; x_wconf 85' lang='lat' dir='ltr'><strong>belua</strong></span> <span class='ocrx_word' id='word_1_165' title='bbox 1352 2178 1543 2220; x_wconf 91' lang='lat' dir='ltr'><strong>usum</strong></span> <span class='ocrx_word' id='word_1_166' title='bbox 1577 2156 1831 2222; x_wconf 87' lang='lat' dir='ltr'><strong>habere.</strong></span> <span class='ocrx_word' id='word_1_167' title='bbox 1852 2177 2215 2241; x_wconf 83' lang='lat' dir='ltr'><strong>possemus,</strong></span> <span class='ocrx_word' id='word_1_168' title='bbox 2258 2155 2551 2222; x_wconf 85' lang='lat' dir='ltr'><strong>homines</strong></span> 
     </span>
     <span class='ocr_line' id='line_1_22' title="bbox 485 2249 2551 2335; baseline 0 -21"><span class='ocrx_word' id='word_1_169' title='bbox 485 2261 658 2315; x_wconf 88' lang='lat' dir='ltr'><strong>certe</strong></span> <span class='ocrx_word' id='word_1_170' title='bbox 692 2249 982 2327; x_wconf 84' lang='lat' dir='ltr'><strong>fuerunt,</strong></span> <span class='ocrx_word' id='word_1_171' title='bbox 1026 2271 1146 2316; x_wconf 85' lang='lat' dir='ltr'><strong>nec</strong></span> <span class='ocrx_word' id='word_1_172' title='bbox 1181 2249 1302 2314; x_wconf 91' lang='lat' dir='ltr'><strong>hoc</strong></span> <span class='ocrx_word' id='word_1_173' title='bbox 1338 2260 1624 2334; x_wconf 84' lang='lat' dir='ltr'><strong>tempore</strong></span> <span class='ocrx_word' id='word_1_174' title='bbox 1662 2250 1799 2316; x_wconf 86' lang='lat' dir='ltr'><strong>sine</strong></span> <span class='ocrx_word' id='word_1_175' title='bbox 1835 2250 2167 2316; x_wconf 86' lang='lat' dir='ltr'><strong>hominum</strong></span> <span class='ocrx_word' id='word_1_176' title='bbox 2206 2271 2405 2335; x_wconf 89' lang='lat' dir='ltr'><strong>opera</strong></span> <span class='ocrx_word' id='word_1_177' title='bbox 2437 2260 2551 2314; x_wconf 83' lang='lat' dir='ltr'><strong>aut</strong></span> 
     </span>
     <span class='ocr_line' id='line_1_23' title="bbox 484 2344 2551 2430; baseline 0 -23"><span class='ocrx_word' id='word_1_178' title='bbox 484 2365 748 2428; x_wconf 86' lang='lat' dir='ltr'><strong>pascere</strong></span> <span class='ocrx_word' id='word_1_179' title='bbox 793 2366 900 2409; x_wconf 88' lang='lat' dir='ltr'><strong>eas</strong></span> <span class='ocrx_word' id='word_1_180' title='bbox 946 2353 1060 2409; x_wconf 88' lang='lat' dir='ltr'><strong>aut</strong></span> <span class='ocrx_word' id='word_1_181' title='bbox 1103 2344 1362 2408; x_wconf 86' lang='lat' dir='ltr'><strong>domare</strong></span> <span class='ocrx_word' id='word_1_182' title='bbox 1405 2355 1519 2408; x_wconf 91' lang='lat' dir='ltr'><strong>aut</strong></span> <span class='ocrx_word' id='word_1_183' title='bbox 1572 2344 1739 2410; x_wconf 90' lang='lat' dir='ltr'><strong>tueri</strong></span> <span class='ocrx_word' id='word_1_184' title='bbox 1792 2355 1905 2409; x_wconf 87' lang='lat' dir='ltr'><strong>aut</strong></span> <span class='ocrx_word' id='word_1_185' title='bbox 1958 2344 2371 2430; x_wconf 87' lang='lat' dir='ltr'><strong>tempestivos</strong></span> <span class='ocrx_word' id='word_1_186' title='bbox 2413 2344 2551 2408; x_wconf 89' lang='lat' dir='ltr'><strong>fru-</strong></span> 
     </span>
     <span class='ocr_line' id='line_1_24' title="bbox 487 2437 2549 2524; baseline 0 -22"><span class='ocrx_word' id='word_1_187' title='bbox 487 2448 628 2502; x_wconf 90' lang='lat' dir='ltr'><strong>ctus</strong></span> <span class='ocrx_word' id='word_1_188' title='bbox 655 2460 736 2503; x_wconf 84' lang='lat' dir='ltr'><strong>ex</strong></span> <span class='ocrx_word' id='word_1_189' title='bbox 759 2437 841 2501; x_wconf 86' lang='lat' dir='ltr'><strong>iis</strong></span> <span class='ocrx_word' id='word_1_190' title='bbox 865 2459 1094 2524; x_wconf 85' lang='lat' dir='ltr'><strong>capere</strong></span> <span class='ocrx_word' id='word_1_191' title='bbox 1119 2457 1476 2523; x_wconf 87' lang='lat' dir='ltr'><strong>possemus,</strong></span> <span class='ocrx_word' id='word_1_192' title='bbox 1513 2439 1596 2504; x_wconf 88' lang='lat' dir='ltr'><strong>ab</strong></span> <span class='ocrx_word' id='word_1_193' title='bbox 1639 2438 2007 2523; x_wconf 86' lang='lat' dir='ltr'><strong>eisdemque</strong></span> <span class='ocrx_word' id='word_1_194' title='bbox 2034 2448 2099 2503; x_wconf 91' lang='lat' dir='ltr'><strong>et</strong></span> <span class='ocrx_word' id='word_1_195' title='bbox 2125 2459 2291 2522; x_wconf 85' lang='lat' dir='ltr'><strong>quae</strong></span> <span class='ocrx_word' id='word_1_196' title='bbox 2317 2448 2549 2506; x_wconf 85' lang='lat' dir='ltr'><strong>nocent</strong></span> 
     </span>
     <span class='ocr_line' id='line_1_25' title="bbox 483 2530 2549 2618; baseline 0.001 -24"><span class='ocrx_word' id='word_1_197' title='bbox 483 2530 948 2596; x_wconf 83' lang='lat' dir='ltr'><strong>interficiuntur</strong></span> <span class='ocrx_word' id='word_1_198' title='bbox 983 2543 1046 2598; x_wconf 91' lang='lat' dir='ltr'><strong>et</strong></span> <span class='ocrx_word' id='word_1_199' title='bbox 1081 2553 1248 2615; x_wconf 84' lang='lat' dir='ltr'><strong>quae</strong></span> <span class='ocrx_word' id='word_1_200' title='bbox 1285 2533 1433 2598; x_wconf 87' lang='lat' dir='ltr'><strong>usui</strong></span> <span class='ocrx_word' id='word_1_201' title='bbox 1466 2543 1738 2618; x_wconf 85' lang='lat' dir='ltr'><strong>possunt</strong></span> <span class='ocrx_word' id='word_1_202' title='bbox 1774 2555 1913 2598; x_wconf 86' lang='lat' dir='ltr'><strong>esse</strong></span> <span class='ocrx_word' id='word_1_203' title='bbox 1950 2532 2312 2618; x_wconf 85' lang='lat' dir='ltr'><strong>capiuntur.</strong></span> <span class='ocrx_word' id='word_1_204' title='bbox 2390 2533 2549 2616; x_wconf 91' lang='lat' dir='ltr'><strong>quid</strong></span> 
     </span>
     <span class='ocr_line' id='line_1_26' title="bbox 483 2625 2546 2710; baseline 0.001 -22"><span class='ocrx_word' id='word_1_205' title='bbox 483 2647 856 2690; x_wconf 84' lang='lat' dir='ltr'><strong>enumerem</strong></span> <span class='ocrx_word' id='word_1_206' title='bbox 890 2626 1124 2690; x_wconf 85' lang='lat' dir='ltr'><strong>artium</strong></span> <span class='ocrx_word' id='word_1_207' title='bbox 1161 2626 1656 2705; x_wconf 79' lang='lat' dir='ltr'><strong>multitudinem,</strong></span> <span class='ocrx_word' id='word_1_208' title='bbox 1694 2627 1831 2692; x_wconf 85' lang='lat' dir='ltr'><strong>sine</strong></span> <span class='ocrx_word' id='word_1_209' title='bbox 1864 2626 2100 2710; x_wconf 85' lang='lat' dir='ltr'><strong>quibus</strong></span> <span class='ocrx_word' id='word_1_210' title='bbox 2130 2627 2263 2692; x_wconf 84' lang='lat' dir='ltr'><strong>vita</strong></span> <span class='ocrx_word' id='word_1_211' title='bbox 2288 2625 2546 2692; x_wconf 89' lang='lat' dir='ltr'><strong>omnino</strong></span> 
     </span>
     <span class='ocr_line' id='line_1_27' title="bbox 485 2719 2547 2805; baseline 0.001 -23"><span class='ocrx_word' id='word_1_212' title='bbox 485 2719 662 2782; x_wconf 83' lang='lat' dir='ltr'><strong>nulla</strong></span> <span class='ocrx_word' id='word_1_213' title='bbox 697 2741 836 2783; x_wconf 88' lang='lat' dir='ltr'><strong>esse</strong></span> <span class='ocrx_word' id='word_1_214' title='bbox 871 2720 1244 2803; x_wconf 84' lang='lat' dir='ltr'><strong>potuisset?</strong></span> <span class='ocrx_word' id='word_1_215' title='bbox 1269 2720 1383 2804; x_wconf 91' lang='lat' dir='ltr'><strong>qui</strong></span> <span class='ocrx_word' id='word_1_216' title='bbox 1417 2721 1590 2784; x_wconf 88' lang='lat' dir='ltr'><strong>enim</strong></span> <span class='ocrx_word' id='word_1_217' title='bbox 1625 2720 1837 2805; x_wconf 83' lang='lat' dir='ltr'><strong>aegris</strong></span> <span class='ocrx_word' id='word_1_218' title='bbox 1874 2720 2342 2794; x_wconf 82' lang='lat' dir='ltr'><strong>subveniretur,</strong></span> <span class='ocrx_word' id='word_1_219' title='bbox 2380 2741 2547 2802; x_wconf 89' lang='lat' dir='ltr'><strong>quae</strong></span> 
     </span>
     <span class='ocr_line' id='line_1_28' title="bbox 486 2808 2549 2896; baseline 0 -20"><span class='ocrx_word' id='word_1_220' title='bbox 486 2822 655 2876; x_wconf 88' lang='lat' dir='ltr'><strong>esset</strong></span> <span class='ocrx_word' id='word_1_221' title='bbox 689 2808 1027 2876; x_wconf 81' lang='lat' dir='ltr'><strong>oblectatio</strong></span> <span class='ocrx_word' id='word_1_222' title='bbox 1063 2814 1438 2890; x_wconf 83' lang='lat' dir='ltr'><strong>valentium,</strong></span> <span class='ocrx_word' id='word_1_223' title='bbox 1473 2815 1588 2896; x_wconf 89' lang='lat' dir='ltr'><strong>qui</strong></span> <span class='ocrx_word' id='word_1_224' title='bbox 1621 2814 1829 2878; x_wconf 85' lang='lat' dir='ltr'><strong>victus</strong></span> <span class='ocrx_word' id='word_1_225' title='bbox 1865 2824 1976 2876; x_wconf 86' lang='lat' dir='ltr'><strong>aut</strong></span> <span class='ocrx_word' id='word_1_226' title='bbox 2003 2813 2232 2888; x_wconf 90' lang='lat' dir='ltr'><strong>cultus,</strong></span> <span class='ocrx_word' id='word_1_227' title='bbox 2268 2811 2390 2876; x_wconf 89' lang='lat' dir='ltr'><strong>nisi</strong></span> <span class='ocrx_word' id='word_1_228' title='bbox 2416 2823 2549 2876; x_wconf 88' lang='lat' dir='ltr'><strong>tam</strong></span> 
     </span>
     <span class='ocr_line' id='line_1_29' title="bbox 486 2903 2549 2990; baseline 0 -22"><span class='ocrx_word' id='word_1_229' title='bbox 486 2905 726 2968; x_wconf 88' lang='lat' dir='ltr'><strong>multae</strong></span> <span class='ocrx_word' id='word_1_230' title='bbox 777 2903 966 2968; x_wconf 87' lang='lat' dir='ltr'><strong>nobis</strong></span> <span class='ocrx_word' id='word_1_231' title='bbox 1016 2917 1184 2970; x_wconf 87' lang='lat' dir='ltr'><strong>artes</strong></span> <span class='ocrx_word' id='word_1_232' title='bbox 1239 2906 1703 2983; x_wconf 82' lang='lat' dir='ltr'><strong>ministrarent,</strong></span> <span class='ocrx_word' id='word_1_233' title='bbox 1756 2907 1991 2990; x_wconf 86' lang='lat' dir='ltr'><strong>quibus</strong></span> <span class='ocrx_word' id='word_1_234' title='bbox 2046 2907 2239 2972; x_wconf 89' lang='lat' dir='ltr'><strong>rebus</strong></span> <span class='ocrx_word' id='word_1_235' title='bbox 2294 2906 2549 2970; x_wconf 85' lang='lat' dir='ltr'><strong>exculta</strong></span> 
     </span>
     <span class='ocr_line' id='line_1_30' title="bbox 485 2995 2548 3066; baseline 0 -4"><span class='ocrx_word' id='word_1_236' title='bbox 485 2995 818 3062; x_wconf 90' lang='lat' dir='ltr'><strong>hominum</strong></span> <span class='ocrx_word' id='word_1_237' title='bbox 851 2998 984 3062; x_wconf 85' lang='lat' dir='ltr'><strong>vita</strong></span> <span class='ocrx_word' id='word_1_238' title='bbox 1019 3009 1267 3064; x_wconf 88' lang='lat' dir='ltr'><strong>tantum</strong></span> <span class='ocrx_word' id='word_1_239' title='bbox 1303 2999 1543 3066; x_wconf 86' lang='lat' dir='ltr'><strong>destitit</strong></span> <span class='ocrx_word' id='word_1_240' title='bbox 1578 3021 1620 3064; x_wconf 89' lang='lat' dir='ltr'><strong>a</strong></span> <span class='ocrx_word' id='word_1_241' title='bbox 1654 3000 1830 3065; x_wconf 86' lang='lat' dir='ltr'><strong>victu</strong></span> <span class='ocrx_word' id='word_1_242' title='bbox 1865 3011 1929 3065; x_wconf 92' lang='lat' dir='ltr'><strong>et</strong></span> <span class='ocrx_word' id='word_1_243' title='bbox 1956 3000 2133 3064; x_wconf 85' lang='lat' dir='ltr'><strong>cultu</strong></span> <span class='ocrx_word' id='word_1_244' title='bbox 2159 2999 2548 3065; x_wconf 77' lang='lat' dir='ltr'><strong>bestiarum?</strong></span> 
     </span>
     <span class='ocr_line' id='line_1_31' title="bbox 487 3091 2548 3180; baseline 0.001 -24"><span class='ocrx_word' id='word_1_245' title='bbox 487 3091 678 3156; x_wconf 87' lang='lat' dir='ltr'><strong>urbes</strong></span> <span class='ocrx_word' id='word_1_246' title='bbox 711 3113 864 3156; x_wconf 85' lang='lat' dir='ltr'><strong>vero</strong></span> <span class='ocrx_word' id='word_1_247' title='bbox 901 3093 1038 3158; x_wconf 88' lang='lat' dir='ltr'><strong>sine</strong></span> <span class='ocrx_word' id='word_1_248' title='bbox 1073 3091 1408 3160; x_wconf 88' lang='lat' dir='ltr'><strong>hominum</strong></span> <span class='ocrx_word' id='word_1_249' title='bbox 1443 3105 1630 3159; x_wconf 89' lang='lat' dir='ltr'><strong>coetu</strong></span> <span class='ocrx_word' id='word_1_250' title='bbox 1664 3115 1794 3160; x_wconf 89' lang='lat' dir='ltr'><strong>non</strong></span> <span class='ocrx_word' id='word_1_251' title='bbox 1827 3093 2185 3180; x_wconf 86' lang='lat' dir='ltr'><strong>potuissent</strong></span> <span class='ocrx_word' id='word_1_252' title='bbox 2216 3116 2339 3160; x_wconf 92' lang='lat' dir='ltr'><strong>nec</strong></span> <span class='ocrx_word' id='word_1_253' title='bbox 2372 3094 2548 3160; x_wconf 85' lang='lat' dir='ltr'><strong>aedi-</strong></span> 
     </span>
     <span class='ocr_line' id='line_1_32' title="bbox 487 3185 2551 3274; baseline 0.001 -24"><span class='ocrx_word' id='word_1_254' title='bbox 487 3185 664 3250; x_wconf 85' lang='lat' dir='ltr'><strong>ficari</strong></span> <span class='ocrx_word' id='word_1_255' title='bbox 706 3204 827 3252; x_wconf 90' lang='lat' dir='ltr'><strong>nec</strong></span> <span class='ocrx_word' id='word_1_256' title='bbox 869 3185 1291 3270; x_wconf 86' lang='lat' dir='ltr'><strong>frequentari,</strong></span> <span class='ocrx_word' id='word_1_257' title='bbox 1336 3211 1418 3253; x_wconf 82' lang='lat' dir='ltr'><strong>ex</strong></span> <span class='ocrx_word' id='word_1_258' title='bbox 1453 3209 1580 3274; x_wconf 93' lang='lat' dir='ltr'><strong>quo</strong></span> <span class='ocrx_word' id='word_1_259' title='bbox 1615 3189 1794 3274; x_wconf 88' lang='lat' dir='ltr'><strong>leges</strong></span> <span class='ocrx_word' id='word_1_260' title='bbox 1830 3210 2168 3272; x_wconf 81' lang='lat' dir='ltr'><strong>moresque·</strong></span> <span class='ocrx_word' id='word_1_261' title='bbox 2202 3187 2551 3266; x_wconf 85' lang='lat' dir='ltr'><strong>constituti,</strong></span> 
     </span>
     <span class='ocr_line' id='line_1_33' title="bbox 488 3281 2547 3368; baseline 0.001 -24"><span class='ocrx_word' id='word_1_262' title='bbox 488 3293 626 3345; x_wconf 90' lang='lat' dir='ltr'><strong>tum</strong></span> <span class='ocrx_word' id='word_1_263' title='bbox 677 3281 834 3346; x_wconf 86' lang='lat' dir='ltr'><strong>iuris</strong></span> <span class='ocrx_word' id='word_1_264' title='bbox 889 3303 1096 3364; x_wconf 86' lang='lat' dir='ltr'><strong>aequa</strong></span> <span class='ocrx_word' id='word_1_265' title='bbox 1149 3282 1474 3368; x_wconf 87' lang='lat' dir='ltr'><strong>discriptio</strong></span> <span class='ocrx_word' id='word_1_266' title='bbox 1527 3295 1829 3368; x_wconf 85' lang='lat' dir='ltr'><strong>certaque</strong></span> <span class='ocrx_word' id='word_1_267' title='bbox 1874 3283 2135 3348; x_wconf 90' lang='lat' dir='ltr'><strong>vivendi</strong></span> <span class='ocrx_word' id='word_1_268' title='bbox 2180 3283 2547 3368; x_wconf 76' lang='lat' dir='ltr'><strong>disciplina:</strong></span> 
     </span>
     <span class='ocr_line' id='line_1_34' title="bbox 489 3377 2547 3458; baseline 0.001 -20"><span class='ocrx_word' id='word_1_269' title='bbox 489 3397 650 3458; x_wconf 87' lang='lat' dir='ltr'><strong>quas</strong></span> <span class='ocrx_word' id='word_1_270' title='bbox 703 3393 808 3440; x_wconf 87' lang='lat' dir='ltr'><strong>res</strong></span> <span class='ocrx_word' id='word_1_271' title='bbox 859 3387 922 3441; x_wconf 88' lang='lat' dir='ltr'><strong>et</strong></span> <span class='ocrx_word' id='word_1_272' title='bbox 972 3378 1398 3443; x_wconf 85' lang='lat' dir='ltr'><strong>mansuetudo</strong></span> <span class='ocrx_word' id='word_1_273' title='bbox 1453 3377 1812 3443; x_wconf 84' lang='lat' dir='ltr'><strong>animorum</strong></span> <span class='ocrx_word' id='word_1_274' title='bbox 1864 3387 2206 3442; x_wconf 87' lang='lat' dir='ltr'><strong>consecuta</strong></span> <span class='ocrx_word' id='word_1_275' title='bbox 2259 3386 2323 3440; x_wconf 87' lang='lat' dir='ltr'><strong>et</strong></span> <span class='ocrx_word' id='word_1_276' title='bbox 2364 3398 2547 3440; x_wconf 81' lang='lat' dir='ltr'><strong>vere-</strong></span> 
     </span>
     <span class='ocr_line' id='line_1_35' title="bbox 491 3468 2551 3554; baseline 0 -22"><span class='ocrx_word' id='word_1_277' title='bbox 491 3468 722 3534; x_wconf 88' lang='lat' dir='ltr'><strong>cundia</strong></span> <span class='ocrx_word' id='word_1_278' title='bbox 766 3479 862 3534; x_wconf 89' lang='lat' dir='ltr'><strong>est</strong></span> <span class='ocrx_word' id='word_1_279' title='bbox 906 3469 1334 3554; x_wconf 86' lang='lat' dir='ltr'><strong>effectumque</strong></span> <span class='ocrx_word' id='word_1_280' title='bbox 1379 3479 1452 3534; x_wconf 89' lang='lat' dir='ltr'><strong>ut</strong></span> <span class='ocrx_word' id='word_1_281' title='bbox 1496 3482 1667 3536; x_wconf 83' lang='lat' dir='ltr'><strong>esset</strong></span> <span class='ocrx_word' id='word_1_282' title='bbox 1714 3471 1849 3536; x_wconf 85' lang='lat' dir='ltr'><strong>vita</strong></span> <span class='ocrx_word' id='word_1_283' title='bbox 1888 3469 2191 3535; x_wconf 86' lang='lat' dir='ltr'><strong>munitior</strong></span> <span class='ocrx_word' id='word_1_284' title='bbox 2235 3479 2429 3552; x_wconf 87' lang='lat' dir='ltr'><strong>atque</strong></span> <span class='ocrx_word' id='word_1_285' title='bbox 2472 3478 2551 3532; x_wconf 85' lang='lat' dir='ltr'><strong>ut</strong></span> 
     </span>
     <span class='ocr_line' id='line_1_36' title="bbox 491 3561 2545 3650; baseline 0 -24"><span class='ocrx_word' id='word_1_286' title='bbox 491 3561 700 3626; x_wconf 83' lang='lat' dir='ltr'><strong>dando</strong></span> <span class='ocrx_word' id='word_1_287' title='bbox 745 3573 810 3628; x_wconf 90' lang='lat' dir='ltr'><strong>et</strong></span> <span class='ocrx_word' id='word_1_288' title='bbox 853 3564 1227 3650; x_wconf 88' lang='lat' dir='ltr'><strong>accipiendo</strong></span> <span class='ocrx_word' id='word_1_289' title='bbox 1270 3565 1768 3650; x_wconf 85' lang='lat' dir='ltr'><strong>mutuandisque</strong></span> <span class='ocrx_word' id='word_1_290' title='bbox 1813 3561 2225 3630; x_wconf 88' lang='lat' dir='ltr'><strong>facultatibus</strong></span> <span class='ocrx_word' id='word_1_291' title='bbox 2271 3573 2337 3628; x_wconf 90' lang='lat' dir='ltr'><strong>et</strong></span> <span class='ocrx_word' id='word_1_292' title='bbox 2373 3583 2545 3628; x_wconf 86' lang='lat' dir='ltr'><strong>com-</strong></span> 
     </span>
     <span class='ocr_line' id='line_1_37' title="bbox 491 3657 1678 3745; baseline 0.003 -25"><span class='ocrx_word' id='word_1_293' title='bbox 491 3657 821 3722; x_wconf 85' lang='lat' dir='ltr'><strong>modandis</strong></span> <span class='ocrx_word' id='word_1_294' title='bbox 856 3657 1036 3724; x_wconf 88' lang='lat' dir='ltr'><strong>nulla</strong></span> <span class='ocrx_word' id='word_1_295' title='bbox 1067 3681 1136 3724; x_wconf 90' lang='lat' dir='ltr'><strong>re</strong></span> <span class='ocrx_word' id='word_1_296' title='bbox 1172 3681 1527 3745; x_wconf 86' lang='lat' dir='ltr'><strong>egeremus.</strong></span> <span class='ocrx_word' id='word_1_297' title='bbox 1668 3671 1678 3680; x_wconf 86' lang='lat'><em>&#39;</em></span> 
     </span>
    </p>

    <p class='ocr_par' dir='ltr' id='par_1_3' title="bbox 492 3749 2549 4123">
     <span class='ocr_line' id='line_1_38' title="bbox 617 3749 2549 3862; baseline -0.001 -48"><span class='ocrx_word' id='word_1_298' title='bbox 617 3751 978 3862; x_wconf 85' lang='lat' dir='ltr'><strong>Longiores</strong></span> <span class='ocrx_word' id='word_1_299' title='bbox 1030 3754 1154 3818; x_wconf 88' lang='lat' dir='ltr'><strong>hoc</strong></span> <span class='ocrx_word' id='word_1_300' title='bbox 1193 3754 1338 3818; x_wconf 91' lang='lat' dir='ltr'><strong>loco</strong></span> <span class='ocrx_word' id='word_1_301' title='bbox 1383 3775 1608 3819; x_wconf 83' lang='lat' dir='ltr'><strong>sumus</strong></span> <span class='ocrx_word' id='word_1_302' title='bbox 1651 3773 1848 3836; x_wconf 88' lang='lat' dir='ltr'><strong>quam</strong></span> <span class='ocrx_word' id='word_1_303' title='bbox 1889 3774 2149 3818; x_wconf 88' lang='lat' dir='ltr'><strong>necesse</strong></span> <span class='ocrx_word' id='word_1_304' title='bbox 2194 3767 2313 3816; x_wconf 89' lang='lat' dir='ltr'><strong>est.</strong></span> <span class='ocrx_word' id='word_1_305' title='bbox 2400 3749 2549 3837; x_wconf 89' lang='lat' dir='ltr'><strong>quis</strong></span> 
     </span>
     <span class='ocr_line' id='line_1_39' title="bbox 492 3844 2545 3934; baseline 0 -28"><span class='ocrx_word' id='word_1_306' title='bbox 492 3853 589 3906; x_wconf 85' lang='lat' dir='ltr'><strong>est</strong></span> <span class='ocrx_word' id='word_1_307' title='bbox 631 3844 800 3908; x_wconf 91' lang='lat' dir='ltr'><strong>enim</strong></span> <span class='ocrx_word' id='word_1_308' title='bbox 843 3847 948 3912; x_wconf 86' lang='lat' dir='ltr'><strong>cui</strong></span> <span class='ocrx_word' id='word_1_309' title='bbox 993 3870 1124 3915; x_wconf 85' lang='lat' dir='ltr'><strong>non</strong></span> <span class='ocrx_word' id='word_1_310' title='bbox 1159 3848 1498 3934; x_wconf 87' lang='lat' dir='ltr'><strong>perspicua</strong></span> <span class='ocrx_word' id='word_1_311' title='bbox 1532 3847 1661 3912; x_wconf 89' lang='lat' dir='ltr'><strong>sint</strong></span> <span class='ocrx_word' id='word_1_312' title='bbox 1694 3847 1830 3925; x_wconf 90' lang='lat' dir='ltr'><strong>illa,</strong></span> <span class='ocrx_word' id='word_1_313' title='bbox 1875 3869 2041 3930; x_wconf 88' lang='lat' dir='ltr'><strong>quae</strong></span> <span class='ocrx_word' id='word_1_314' title='bbox 2074 3844 2370 3932; x_wconf 86' lang='lat' dir='ltr'><strong>pluribus</strong></span> <span class='ocrx_word' id='word_1_315' title='bbox 2400 3865 2545 3908; x_wconf 83' lang='lat' dir='ltr'><strong>ver-</strong></span> 
     </span>
     <span class='ocr_line' id='line_1_40' title="bbox 495 3937 2543 4024; baseline 0 -25"><span class='ocrx_word' id='word_1_316' title='bbox 495 3937 591 4000; x_wconf 84' lang='lat' dir='ltr'><strong>bis</strong></span> <span class='ocrx_word' id='word_1_317' title='bbox 625 3959 666 4000; x_wconf 91' lang='lat' dir='ltr'><strong>a</strong></span> <span class='ocrx_word' id='word_1_318' title='bbox 697 3937 1007 4006; x_wconf 83' lang='lat' dir='ltr'><strong>Panaetio</strong></span> <span class='ocrx_word' id='word_1_319' title='bbox 1044 3953 1657 4019; x_wconf 85' lang='lat' dir='ltr'><strong>commemorantur,</strong></span> <span class='ocrx_word' id='word_1_320' title='bbox 1702 3941 2022 4008; x_wconf 88' lang='lat' dir='ltr'><strong>neminem</strong></span> <span class='ocrx_word' id='word_1_321' title='bbox 2066 3961 2275 4024; x_wconf 89' lang='lat' dir='ltr'><strong>neque</strong></span> <span class='ocrx_word' id='word_1_322' title='bbox 2312 3939 2543 4004; x_wconf 87' lang='lat' dir='ltr'><strong>ducem</strong></span> 
     </span>
     <span class='ocr_line' id='line_1_41' title="bbox 497 4029 2578 4123; baseline 0 -28"><span class='ocrx_word' id='word_1_323' title='bbox 497 4029 642 4095; x_wconf 86' lang='lat' dir='ltr'><strong>belli</strong></span> <span class='ocrx_word' id='word_1_324' title='bbox 693 4053 812 4096; x_wconf 89' lang='lat' dir='ltr'><strong>nec</strong></span> <span class='ocrx_word' id='word_1_325' title='bbox 860 4035 1213 4121; x_wconf 88' lang='lat' dir='ltr'><strong>principem</strong></span> <span class='ocrx_word' id='word_1_326' title='bbox 1263 4037 1440 4102; x_wconf 89' lang='lat' dir='ltr'><strong>domi</strong></span> <span class='ocrx_word' id='word_1_327' title='bbox 1489 4060 1757 4123; x_wconf 82' lang='lat' dir='ltr'><strong>magnas</strong></span> <span class='ocrx_word' id='word_1_328' title='bbox 1801 4061 1902 4102; x_wconf 88' lang='lat' dir='ltr'><strong>res</strong></span> <span class='ocrx_word' id='word_1_329' title='bbox 1958 4047 2017 4101; x_wconf 87' lang='lat' dir='ltr'><strong>et</strong></span> <span class='ocrx_word' id='word_1_330' title='bbox 2068 4033 2361 4100; x_wconf 81' lang='lat' dir='ltr'><strong>salutaris</strong></span> <span class='ocrx_word' id='word_1_331' title='bbox 2406 4032 2578 4096; x_wconf 87' lang='lat' dir='ltr'><strong>sine</strong></span> 
     </span>
    </p>
   </div>
   <div class='ocr_carea' id='block_1_3' title="bbox 2600 851 2638 906">
    <p class='ocr_par' dir='ltr' id='par_1_4' title="bbox 2600 851 2638 906">
     <span class='ocr_line' id='line_1_42' title="bbox 2600 851 2638 906; baseline 0 0"><span class='ocrx_word' id='word_1_332' title='bbox 2600 851 2638 906; x_wconf 87' lang='lat'>4</span> 
     </span>
    </p>
   </div>
   <div class='ocr_carea' id='block_1_4' title="bbox 2587 1333 2637 1372">
    <p class='ocr_par' dir='ltr' id='par_1_5' title="bbox 2587 1333 2637 1372">
     <span class='ocr_line' id='line_1_43' title="bbox 2587 1333 2637 1372; baseline 0.04 -2"><span class='ocrx_word' id='word_1_333' title='bbox 2587 1333 2637 1372; x_wconf 77' lang='lat'><strong>14</strong></span> 
     </span>
    </p>
   </div>
   <div class='ocr_carea' id='block_1_5' title="bbox 2581 2559 2632 2601">
    <p class='ocr_par' dir='ltr' id='par_1_6' title="bbox 2581 2559 2632 2601">
     <span class='ocr_line' id='line_1_44' title="bbox 2581 2559 2632 2601; baseline 0.039 -2"><span class='ocrx_word' id='word_1_334' title='bbox 2581 2559 2632 2601; x_wconf 79' lang='grc'><strong>15</strong></span> 
     </span>
    </p>
   </div>
   <div class='ocr_carea' id='block_1_6' title="bbox 2581 3731 2630 3841">
    <p class='ocr_par' dir='ltr' id='par_1_7' title="bbox 2581 3731 2630 3841">
     <span class='ocr_line' id='line_1_45' title="bbox 2595 3731 2630 3784; baseline 0 0"><span class='ocrx_word' id='word_1_335' title='bbox 2595 3731 2630 3784; x_wconf 86' lang='grc'><strong>5</strong></span> 
     </span>
     <span class='ocr_line' id='line_1_46' title="bbox 2581 3801 2630 3841; baseline 0.02 -1"><span class='ocrx_word' id='word_1_336' title='bbox 2581 3801 2630 3841; x_wconf 79' lang='grc'><strong>16</strong></span> 
     </span>
    </p>
   </div>
  </div>
 </body>
</html>
