3292 4559
820 219 959 287 ’178
1446 227 1523 285 Μ.
1560 228 1836 286 TULLII
1867 228 2274 288 CICERONIS
2378 285 2387 291 .

1350 874 1448 938 Μ.
1485 871 1815 937 TULLII
1851 870 2355 939 CICERONIS

1480 981 1611 1047 DE
1657 981 1779 1047 RE
1822 979 2244 1047 PUBLICA

1400 1099 1703 1155 LIBER
1758 1098 2311 1156 SECUNDUS.

1569 1337 2148 1395 ARGUMENTUM.

930 1442 1057 1497 Hoc
1075 1441 1220 1496 libro
1238 1440 1543 1495 Africanus
1559 1439 1794 1496 Catonis
1812 1439 2106 1496 confirmat
2124 1442 2482 1510 seutentiam,
2509 1441 2826 1495 Romanorum
2910 1473 2911 1483 ι

830 1534 945 1574 rem
970 1518 1259 1589 publicam
1284 1518 1489 1573 ceteris
1514 1510 1804 1589 piaestare
1829 1517 2181 1588 civitatibus,
2218 1520 2375 1589 quod
2391 1536 2506 1574 non
2522 1519 2690 1573 subito
2703 1515 2826 1570 unius

830 1596 1065 1653 hominis
1094 1596 1342 1664 arbihio,
1380 1595 1483 1652 sed
1510 1595 1877 1667 complurium
1904 1596 2170 1668 deinceps
2196 1599 2443 1655 virorum
2477 1596 2711 1664 consilio,
2739 1593 2825 1665 pie·

830 1680 970 1744 tate,
1007 1674 1211 1729 virtute
1240 1672 1313 1728 sit
1339 1672 1657 1728 constituta.
1727 1671 1859 1738 Qua
1882 1679 2069 1730 mente
2098 1681 2327 1730 enarrat
2355 1675 2555 1746 quibus
2570 1673 2662 1728 illa
2676 1671 2826 1727 civitas

830 1751 1092 1823 auspiciis
1120 1768 1155 1805 a
1170 1750 1412 1805 Romulo
1440 1751 1667 1805 condita
1693 1749 1767 1804 sit
1793 1755 1850 1806 et
1868 1750 2069 1822 quibus
2086 1750 2410 1822 beneficiis,
2450 1752 2649 1806 artibus
2661 1747 2826 1821 praesi-

830 1828 1043 1898 liisque
1080 1828 1153 1883 ab
1190 1829 1388 1884 eodem
1424 1828 1734 1898 ceterisque
1767 1828 1998 1901 regibus
2035 1835 2201 1884 aucta
2229 1835 2287 1886 et
2312 1829 2537 1884 firmata
2568 1829 2633 1900 (c.
2652 1825 2824 1894 1—22)‚

830 1906 1139 1976 tyrannidis
1174 1905 1501 1977 impatiens,
1538 1906 1769 1961 tandem
1805 1922 2035 1961 excusso
2062 1906 2406 1977 Tarquinii‘
2389 1923 2520 1979 iugo
2546 1922 2603 1960 se
2627 1905 2678 1958 in
2698 1903 2825 1956 liber-

826 1988 1002 2037 tatem
1034 1983 1403 2038 vindicaverit
1435 1982 1507 2054 (e.
1546 1983 1812 2054 23—27).
1891 1982 2016 2039 Iam
2050 1984 2306 2054 exposita
2338 1983 2640 2055 tyrannidis
2667 1984 2826 2035 natura

830 2060 898 2124 [Ἃρ.
915 2059 1002 2113 28.
1020 2059 1112 2131 29)
1149 2057 1338 2130 Scipio
1363 2075 1478 2113 non
1503 2059 1795 2128 minimae,
1835 2060 2057 2130 qualem
2074 2059 2243 2116 Plato
2271 2061 2611 2151 cogitatione
2633 2054 2826 2115 finxerit,

830 2137 929 2190 aed
963 2136 1263 2206 maximae,
1302 2153 1447 2208 quae
1481 2154 1611 2192 vere
1646 2137 1845 2206 fuerit,
1892 2137 2272 2191 Romanorum
2307 2136 2549 2192 civitatis
2581 2133 2826 2206 imaginem

830 2216 898 2268 :id
906 2214 1214 2269 umbrando
1246 2231 1451 2270 novam
1485 2231 1545 2269 se
1583 2214 1908 2284 disputandi
1942 2213 2090 2271 viam
2116 2215 2339 2287 ingredi
2364 2213 2646 2287 profitetur
2667 2215 2725 2282 (c.
2739 2208 2824 2277 30)

829 2292 975 2347 Hinc
1009 2291 1295 2362 proposito
1330 2292 1397 2346 P.
1426 2291 1643 2347 Valerii
1670 2290 2002 2348 Publicolae
2037 2293 2317 2362 exemplo,
2351 2294 2527 2364 paulo
2558 2296 2673 2363 post
2697 2303 2820 2358 reges

830 2373 1050 2424 exactos
1076 2373 1275 2438 quater
1302 2368 1569 2435 consulis,
1607 2374 1822 2439 quanta
1836 2369 2016 2440 primo
2033 2375 2283 2441 tempore
2301 2377 2638 2438 senatorum,
2670 2380 2816 2422 consu·
2910 2382 2911 2420 ι

826 2444 965 2512 Ψιιιιι,
1005 2444 1340 2498 dictatorum
1379 2444 1681 2500 auctoritas
1710 2451 1769 2500 et
1796 2463 1965 2517 quam
1990 2447 2212 2502 modica
2236 2448 2437 2518 populi
2459 2447 2673 2502 libertas
2693 2440 2818 2496 fuerit

826 2519 1018 2588 paucis
1046 2519 1331 2592 significat
1368 2521 1439 2594 (c.
1460 2521 1545 2576 31.
1568 2522 1678 2594 32).
1748 2521 1880 2578 Mox
1905 2524 2129 2595 plebem
2151 2541 2283 2580 aere
2299 2525 2489 2581 alieno
2503 2537 2722 2595 pressam
2737 2523 2817 2572 eta

826 2597 1071 2664 patriciis
1088 2602 1345 2652 vexatam
1362 2600 1544 2668 prima
1562 2599 1621 2653 in
1636 2605 1885 2655 montem
1902 2617 2120 2654 sacrum
2130 2601 2444 2657 secessione
2454 2601 2601 2656 facta
2608 2599 2817 2653 Postumo

826 2672 1078 2730 fluminio
1098 2673 1193 2744 Sp.
1215 2673 1410 2731 Cassio
1440 2692 1579 2731 coss.
1608 2677 1686 2750 (a.
1709 2695 1764 2732 ιι.
1783 2695 1834 2732 c.
1851 2678 1980 2750 261)
2012 2678 2141 2749 plus
2168 2679 2302 2734 iuris
2325 2681 2585 2750 adeptam
2602 2691 2706 2732 esse
2721 2687 2818 2726 con-

826 2756 1021 2808 etituta
1045 2757 1327 2822 potestate
1353 2753 1658 2810 tribunicia
1686 2756 1757 2825 (c.
1776 2755 1846 2808 33
1863 2755 1990 2827 sq)
2026 2755 2296 2826 populum
2323 2761 2511 2812 autem
2534 2758 2674 2809 tanto
2696 2755 2816 2804 tuen-

826 2828 930 2884 dae
958 2828 1235 2884 libertatis
1264 2829 1449 2884 studio
1466 2830 1760 2903 flagrasse,
1796 2835 1860 2884 ut
1879 2829 1974 2900 Sp.
1996 2830 2250 2886 Cassium
2268 2848 2505 2904 regnum
2523 2830 2816 2910 appetentem

826 2908 942 2976 ipse
967 2912 1131 2977 pater
1157 2906 1426 2963 occiderit
1460 2914 1536 2980 (a.
1556 2927 1610 2963 u.
1632 2926 1680 2962 c.
1700 2908 1826 2980 300)
1862 2913 1920 2963 et
1944 2908 2141 2978 plebes
2168 2911 2470 2979 potestatis
2497 2900 2815 2964 decemviralis

826 2983 1056 3038 libidine
1073 2985 1407 3040 exacerbata
1424 2985 1624 3040 iterum
1661 2987 1736 3057 (a.
1755 3003 1809 3039 u.
1831 3001 1880 3040 c.
1899 2985 2024 3056 304)
2060 2985 2120 3038 in
2135 2991 2383 3042 montem
2402 3003 2610 3042 sacrum
2627 2993 2813 3037 secesse-

825 3064 894 3112 rit
930 3062 1001 3131 (c.
1030 3062 1176 3116 35——
1108 3063 1296 3133 -.37)
1365 3062 1487 3118 Iam
1516 3068 1779 3119 enarrata
1803 3065 1987 3118 rerum
2013 3063 2395 3119 Romanarum
2431 3063 2648 3120 historia
2670 3055 2814 3125 Scipio

826 3139 1111 3193 [uberoni
1136 3141 1398 3212 urguenti
1427 3159 1486 3198 se
1513 3143 1583 3197 de
1612 3142 2023 3197 conservandae
2046 3141 2133 3198 rei
2156 3143 2423 3213 publicae
2440 3139 2718 3198 rationibus
2733 3132 2812 3187 dis·

826 3221 1145 3284 putaturum
1160 3219 1459 3288 pollicetur
1494 3221 1566 3289 (c.
1586 3219 1655 3274 38
1676 3220 1840 3290 sqq..)

739 3464 758 3512 ]
826 3484 886 3544 1]
920 3456 1101 3545 275]
1154 3459 1305 3526 Cum
1358 3481 1559 3524 omnes
1594 3462 1946 3548 stays-arent
1999 3460 2351 3547 cupidiltate
2398 3455 2697 3530 audiendi,
2738 3449 2807 3512 in·

822 3574 1079 3636 gressus
1143 3564 1241 3618 est
1302 3553 1395 3618 sic
1446 3553 1624 3665 loqui
1681 3554 1928 3642 Scipio.
2004 3553 2304 3621 ‘Catonis
2355 3556 2479 3621 hoc
2530 3550 2678 3619 senis
2718 3552 2804 3614 est,

822 3670 1034 3732 quem,
1067 3657 1141 3711 ut
1176 3647 1377 3725 scitiS,
1425 3649 1613 3715 unice
1651 3650 1845 3716 dilexi
1879 3651 2284 3736 maximeque
2321 3675 2463 3716 sum
2499 3645 2807 3715 admiratus

822 3741 1049 3826 cuique
1095 3742 1197 3808 vel
1240 3743 1439 3828 patris
1475 3744 1808 3829 utriusque
1844 3745 2079 3810 iudicio
2115 3747 2218 3811 vel
2254 3747 2446 3812 etiam
2478 3763 2612 3808 meo
2644 3730 2805 3802 studio

822 3860 920 3900 me
973 3845 1177 3900 totum
1229 3835 1312 3900 ab
1367 3837 1800 3904 adulescentia
1843 3838 2087 3918 dedidi,
2145 3841 2327 3906 cuius
2371 3863 2472 3905 me
2515 3844 2809 3930 numquan}
2910 3884 2911 3898 ,

822 3928 1047 3994 :at-,iare
1108 3931 1317 4015 potuit
1376 3933 1623 3998 oratio·
1679 3944 1892 3999 tantus
1957 3946 2092 4000 erat
2144 3935 2211 4000 in
2263 3935 2512 4000 homine
2562 3947 2696 3994 usus
2739 3939 2806 3983 rel

818 4020 1141 4104 publicae,
1204 4045 1399 4110 quam
1461 4037 1524 4092 et
1577 4027 1751 4094 domi
1805 4038 1869 4094 et
1920 4028 2182 4096 militiae
2236 4053 2380 4096 cum
2436 4026 2658 4114 optime
2701 4027 2806 4081 tum
2910 4028 2911 4074 Τ
