3292 4559
276 3720 279 3729 ,
276 3618 278 3645 ..
274 3446 291 3549 Ν,
276 3364 279 3383 .-

1179 250 1384 334 οΑΤο
1419 277 1670 334 Minoa
1703 278 1946 333 ιιι-52.
1981 249 1986 252 ’
2023 265 2032 280 “
2458 263 2588 358 251

536 405 858 472 docuisset
877 400 1168 468 Centone.
1196 401 1647 484 Tuditanoque
1677 401 2064 477 consulibus,
2092 421 2295 483 usque
2323 401 2406 464 ad
2433 399 2593 465 adu-

536 499 906 567 lescentiam
949 519 1159 562 meam
1202 496 1509 581 processit
1562 506 1791 560 aetate.
1895 494 2051 579 quid
2105 495 2184 560 de
2228 495 2308 560 P.
2355 496 2593 562 Licinii

542 594 761 662 Crassi
802 606 867 659 et
918 591 1224 679 pontificii
1268 603 1333 656 et
1377 590 1579 656 civilis
1621 591 1777 655 iuris
1825 589 2034 654 studio
2086 591 2312 674 loquar
2354 602 2466 656 aut
2510 591 2592 658 de

536 807 677 850 mus
713 782 922 848 factus
958 781 1093 846 est?
1127 779 1307 863 atqui
1342 800 1451 844 eos
1479 779 1706 856 omnis,
1745 799 1908 862 quos
1944 781 2456 858 commemoravi,
2491 781 2594 846 his

537 877 761 942 studiis
822 874 1157 961 flagrantis
1220 895 1402 938 senes
1464 873 1742 937 vidimus
1753 897 1772 949 3
1833 873 1933 937 M.
1996 895 2148 937 vero
2203 871 2588 960 Cethegum,

537 994 729 1055 quem
764 980 935 1034 recte
973 967 1232 1034 Suadae
1267 966 1615 1032 medullam
1651 965 1810 1030 dixit
1844 965 2125 1041 Ennius,
2173 979 2412 1050 quanto
2458 980 2620 1033 stu-.

537 1066 643 1130 dio
690 1063 971 1131 exerceri
1014 1063 1081 1126 in
1126 1061 1397 1126 dicendo
1442 1061 1822 1127 videbamus
1877 1061 2068 1126 etiam
2120 1061 2368 1127 senem!
2421 1083 2590 1145 quae

537 1171 687 1226 sunt
730 1159 926 1246 igitur
970 1158 1304 1244 epularum
1351 1167 1464 1220 aut
1505 1153 1804 1220 ludorum
1851 1165 1964 1220 aut
2016 1165 2366 1220 scortorum
2410 1157 2594 1222 volu·-

534 1264 743 1341 ptates
790 1275 938 1317 cum
984 1251 1083 1316 his
1128 1251 1565 1336 voluptatibus
1618 1249 2124 1335 comparandae?
2185 1260 2378 1333 atque
2431 1250 2592 1316 haec

537 1348 797 1431 quidem
850 1346 1061 1412 studia
1112 1345 1465 1422 doctrinae,
1522 1365 1688 1428 quae
1741 1344 2001 1428 quidem
2054 1345 2474 1430 prudentibus
2526 1357 2593 1411 et

536 1442 699 1508 bene
731 1441 1035 1507 institutis
1070 1441 1307 1526 pariter
1352 1463 1499 1505 cum
1535 1450 1742 1505 aetate
1780 1451 2102 1517 crescunt,
2149 1450 2220 1503 ut
2253 1439 2592 1506 honestum

534 1535 694 1601 illud
721 1534 973 1603 Solonis
1002 1535 1102 1613 sit,
1140 1535 1313 1619 quod
1340 1535 1429 1599 ait
1456 1533 1770 1600 versiculo
1807 1533 2107 1618 quodam,
2145 1545 2217 1598 ut
2253 1545 2401 1601 ante
2437 1534 2589 1612 dixi,

536 1653 864 1696 senescere
917 1652 985 1695 se
1036 1631 1241 1695 multa
1280 1630 1350 1693 in
1395 1628 1529 1694 dies
1575 1628 2038 1705 addiscentem,
2093 1649 2224 1710 qua
2265 1629 2592 1713 voluptate

536 1724 732 1788 animi
765 1723 943 1788 nulla
978 1733 1149 1789 certe
1185 1732 1394 1807 potest
1428 1744 1569 1788 esse
1602 1722 1826 1786 maior.

663 1816 874 1881 Venio
918 1837 1093 1880 nunc
1138 1817 1221 1880 ad
1265 1815 1625 1900 voluptates
1682 1814 2136 1899 agricolarum,
2191 1814 2422 1896 quibus
2469 1836 2658 1918 ego⁵
2625 1807 2698 1860 15

533 1909 985 1975 incredibiliter
1032 1909 1338 1983 delector3
1396 1929 1563 1990 quae
1611 1929 1732 1972 nec
1783 1908 1914 1972 ulla
1947 1907 2364 1992 inpediuntur
2409 1931 2592 1972 sene-

536 2015 707 2070 ctute
744 2015 806 2068 et
840 2000 997 2066 mihi
1034 2002 1118 2066 ad
1153 2001 1457 2086 sapientis
1500 2001 1700 2066 vitam
1745 2001 2034 2087 proxime
2081 2000 2377 2066 videntur
2412 2022 2593 2067 acce-

537 2100 707 2164 dere.
795 2095 1035 2160 habent
1070 2095 1240 2160 enim
1273 2095 1585 2160 rationem
1622 2117 1770 2160 cum
1805 2106 2003 2170 terra,
2039 2115 2206 2178 quae
2239 2117 2594 2180 numquam

532 2201 787 2256 recusat
837 2189 1175 2275 imperium
1220 2211 1341 2255 nec
1386 2189 1690 2274 cuiquam
1735 2189 1872 2254 sine
1915 2211 2114 2254 usura
2155 2189 2364 2254 reddit
2417 2190 2594 2274 quod

535 2285 799 2372 accepit,
830 2285 945 2350 sed
971 2285 1127 2350 alias
1154 2285 1419 2362 minore,
1446 2284 1825 2370 plerumque
1851 2284 2092 2350 maiore
2123 2306 2270 2349 cum
2298 2285 2590 2352 faenorez

534 2402 923 2465 quamquam
956 2402 1059 2444 me
1076 2379 1337 2464 quidem
1356 2401 1485 2444 non
1512 2379 1760 2444 fructus
1779 2379 1990 2454 mod0‚
2029 2379 2144 2444 sed
2171 2379 2364 2444 etiam
2390 2379 2592 2465 ipsius

532 2489 737 2541 terrae
773 2475 871 2540 vis
907 2496 983 2539 ac
1024 2486 1254 2543 natura
1300 2473 1571 2539 delectat
1583 2497 1602 2549 3
1657 2493 1823 2556 quae
1868 2493 2015 2537 cum
2059 2472 2305 2558 gremio
2347 2473 2590 2538 mollito

534 2592 611 2634 ac
654 2569 919 2636 subacto
954 2591 1249 2656 sparsum
1284 2591 1503 2635 semen
1536 2567 1818 2653 excepit,
1863 2567 2144 2653 primum
2186 2566 2256 2631 id
2291 2589 2592 2634 occaeca-

531 2678 670 2730 tum
704 2665 993 2741 cohibet,
1032 2688 1115 2730 ex
1151 2686 1280 2748 quo
1316 2663 1593 2740 occatio,
1628 2685 1796 2745 quae
1832 2663 1954 2727 hoc
1991 2662 2218 2738 efficit,
2263 2663 2594 2728 nominata

534 2771 659 2836 est3
696 2759 927 2823 deinde
961 2759 1354 2844 tepefactum
1380 2779 1619 2844 vapore
1651 2768 1714 2823 et
1750 2778 2098 2842 conpressu
2135 2777 2252 2822 suo
2291 2757 2592 2822 diffundit
2666 2782 2669 2790 ·

534 2863 598 2916 et
634 2851 803 2914 elicit
834 2851 1317 2916 herbescentem
1352 2875 1433 2916 ex
1469 2873 1545 2917 eo
1581 2850 1990 2928 viriditatem,
2026 2873 2193 2935 quae
2225 2851 2378 2916 nixa
2411 2850 2590 2917 fibris

535 2943 826 3028 stirpium
876 2945 1110 3008 sensim
1174 2945 1487 3010 adulescit
1554 2944 1896 3028 culmoque
1951 2959 2164 3012 erecta
2223 2948 2589 3034 geniculato

534 3036 785 3122 vaginis
828 3037 959 3100 iam
1004 3039 1188 3120 quasi
1231 3039 1586 3123 pubescens
1638 3038 2016 3118 includitur3
2070 3064 2106 3106 e
2153 3043 2388 3125 quibus
2443 3065 2592 3108 cum

536 3131 819 3207 emersit,
872 3130 1085 3195 fundit
1128 3132 1383 3218 frugem
1424 3134 1586 3219 spici
1632 3134 1852 3200 ordine
1899 3147 2206 3202 structam
2252 3149 2317 3203 et
2369 3149 2592 3204 contra

534 3228 751 3293 avium
785 3226 1103 3292 minorum
1148 3249 1396 3292 morsus
1442 3230 1727 3294 munitur
1771 3231 1940 3295 vallo
1987 3232 2344 3296 aristarum.
2432 3232 2590 3316 quid
2632 3243 2688 3284 ⁵2

534 3345 656 3408 ego
683 3322 909 3387 vitium
938 3333 1135 3400 ortus,
1164 3335 1359 3400 satus,
1387 3324 1780 3390 incrementa
1807 3327 2339 3392 commemorem?
2375 3327 2586 3390 satiari

536 3417 953 3483 delectatione
994 3439 1125 3482 non
1169 3439 1461 3504 possum,
1514 3432 1588 3484 ut
1633 3443 1814 3486 meae
1851 3421 2194 3488 senectutis
2237 3421 2589 3504 requietem

534 3513 1197 3596 oblectamentumque
1258 3514 1555 3580 noscatis.
1673 3516 1895 3579 omitto
1957 3515 2128 3580 enim
2190 3515 2323 3578 vim
2382 3515 2589 3600 ipsam

534 3608 848 3685 omnium,
890 3628 1061 3691 quae
1102 3619 1493 3694 generantur
1526 3632 1563 3674 e
1604 3620 1804 3687 terra,
1858 3631 2024 3694 quae
2068 3632 2150 3673 ex
2192 3609 2298 3672 fici
2344 3609 2589 3673 tantulo

536 3723 733 3788 grano
770 3713 882 3768 aut
917 3724 998 3767 ex
1034 3702 1198 3768 acini
1226 3702 1492 3768 vinaceo
1530 3715 1640 3768 aut
1677 3703 1758 3769 ex
1787 3715 2142 3769 ceterarum
2175 3703 2441 3788 frugum
2477 3714 2592 3767 aut

536 3795 824 3880 stirpium
858 3797 1297 3862 minutissimis
1334 3797 1684 3863 seminibus
1719 3808 1929 3862 tantos
1965 3808 2224 3862 truncos
2249 3817 2589 3879 ramosque

534 3900 849 3973 procreet:
884 3891 1180 3966 malleoli,
1218 3893 1495 3978 plantae,
1532 3903 1874 3968 sarmenta,
1911 3891 2320 3967 viviradiceS,
2356 3911 2588 3975 propa-

534 3981 715 4066 gines
751 4005 963 4049 nonne
998 3986 1287 4052 efficiunt
1302 4035 1322 4064 ,
1369 3999 1443 4052 ut
1478 3986 1771 4071 quemvis
1819 4009 1966 4052 cum
2014 3985 2431 4051 admiratione
2477 3985 2590 4050 de-

535 4075 805 4140 lectent?
855 4077 1003 4142 vitis
1048 4081 1307 4164 quidem
1320 4129 1339 4160 ,
1395 4102 1561 4168 quae
1611 4091 1842 4148 natura
1884 4081 2128 4149 caduca
2171 4091 2268 4148 est
2320 4092 2411 4157 et,
2464 4079 2587 4144 nisi
