<?xml version="1.0" encoding="UTF-8"?>
<!DOCTYPE html PUBLIC "-//W3C//DTD XHTML 1.0 Transitional//EN"
    "http://www.w3.org/TR/xhtml1/DTD/xhtml1-transitional.dtd">
<html xmlns="http://www.w3.org/1999/xhtml" xml:lang="en" lang="en">
 <head>
  <title>
</title>
<meta http-equiv="Content-Type" content="text/html;charset=utf-8" />
  <meta name='ocr-system' content='tesseract 3.04.00' />
  <meta name='ocr-capabilities' content='ocr_page ocr_carea ocr_par ocr_line ocrx_word'/>
</head>
<body>
  <div class='ocr_page' id='page_1' title='image "./mtulliiciceroni03unkngoog_0418.png"; bbox 0 0 3292 4559; ppageno 0'>
   <div class='ocr_carea' id='block_1_1' title="bbox 719 215 2236 282">
    <p class='ocr_par' dir='ltr' id='par_1_1' title="bbox 719 215 2236 282">
     <span class='ocr_line' id='line_1_1' title="bbox 719 215 2236 282; baseline -0.006 0"><span class='ocrx_word' id='word_1_1' title='bbox 719 216 817 282; x_wconf 5' lang='lat'><strong>60,</strong></span> <span class='ocrx_word' id='word_1_2' title='bbox 1325 223 1403 279; x_wconf 78' lang='lat' dir='ltr'><strong>M.</strong></span> <span class='ocrx_word' id='word_1_3' title='bbox 1440 219 1715 282; x_wconf 80' lang='lat' dir='ltr'>TULLII</span> <span class='ocrx_word' id='word_1_4' title='bbox 1749 215 2150 276; x_wconf 81' lang='lat' dir='ltr'>CICERONIS</span> <span class='ocrx_word' id='word_1_5' title='bbox 2232 254 2236 257; x_wconf 94' lang='lat'><em>-</em></span> 
     </span>
    </p>
   </div>
   <div class='ocr_carea' id='block_1_2' title="bbox 611 337 2783 4092">
    <p class='ocr_par' dir='ltr' id='par_1_2' title="bbox 628 337 2783 1835">
     <span class='ocr_line' id='line_1_2' title="bbox 628 337 2772 431; baseline -0.005 -19"><span class='ocrx_word' id='word_1_6' title='bbox 628 371 681 412; x_wconf 75' lang='lat' dir='ltr'><strong>so</strong></span> <span class='ocrx_word' id='word_1_7' title='bbox 713 362 1126 423; x_wconf 85' lang='lat' dir='ltr'><strong>revertamur.</strong></span> <span class='ocrx_word' id='word_1_8' title='bbox 1214 357 1349 412; x_wconf 89' lang='lat' dir='ltr'><strong>erat</strong></span> <span class='ocrx_word' id='word_1_9' title='bbox 1392 344 1588 431; x_wconf 86' lang='lat' dir='ltr'><strong>igitur</strong></span> <span class='ocrx_word' id='word_1_10' title='bbox 1634 367 1716 409; x_wconf 92' lang='lat' dir='ltr'><strong>ex</strong></span> <span class='ocrx_word' id='word_1_11' title='bbox 1758 343 1837 407; x_wconf 90' lang='lat' dir='ltr'><strong>iis</strong></span> <span class='ocrx_word' id='word_1_12' title='bbox 1878 343 2109 422; x_wconf 81' lang='lat' dir='ltr'><strong>tribus,</strong></span> <span class='ocrx_word' id='word_1_13' title='bbox 2153 361 2322 424; x_wconf 87' lang='lat' dir='ltr'><strong>quae</strong></span> <span class='ocrx_word' id='word_1_14' title='bbox 2367 339 2450 403; x_wconf 85' lang='lat' dir='ltr'><strong>ad</strong></span> <span class='ocrx_word' id='word_1_15' title='bbox 2495 337 2772 424; x_wconf 84' lang='lat' dir='ltr'>gloriam</span> 
     </span>
     <span class='ocr_line' id='line_1_3' title="bbox 713 432 2774 533; baseline -0.008 -21"><span class='ocrx_word' id='word_1_16' title='bbox 713 445 1126 533; x_wconf 70' lang='lat' dir='ltr'><strong>pertinerent,</strong></span> <span class='ocrx_word' id='word_1_17' title='bbox 1171 441 1293 504; x_wconf 83' lang='lat' dir='ltr'><strong>hoe</strong></span> <span class='ocrx_word' id='word_1_18' title='bbox 1338 439 1625 514; x_wconf 87' lang='lat' dir='ltr'><strong>tertium,</strong></span> <span class='ocrx_word' id='word_1_19' title='bbox 1672 447 1744 501; x_wconf 89' lang='lat' dir='ltr'><strong>ut</strong></span> <span class='ocrx_word' id='word_1_20' title='bbox 1787 458 1935 503; x_wconf 88' lang='lat' dir='ltr'><strong>eum</strong></span> <span class='ocrx_word' id='word_1_21' title='bbox 1983 433 2398 500; x_wconf 79' lang='lat' dir='ltr'><strong>admiratione</strong></span> <span class='ocrx_word' id='word_1_22' title='bbox 2435 432 2774 496; x_wconf 90' lang='lat' dir='ltr'><strong>hominum</strong></span> 
     </span>
     <span class='ocr_line' id='line_1_4' title="bbox 712 525 2775 617; baseline -0.007 -14"><span class='ocrx_word' id='word_1_23' title='bbox 712 541 952 603; x_wconf 89' lang='lat' dir='ltr'><strong>honore</strong></span> <span class='ocrx_word' id='word_1_24' title='bbox 1021 535 1108 599; x_wconf 88' lang='lat' dir='ltr'><strong>ab</strong></span> <span class='ocrx_word' id='word_1_25' title='bbox 1172 534 1250 598; x_wconf 94' lang='lat' dir='ltr'><strong>iis</strong></span> <span class='ocrx_word' id='word_1_26' title='bbox 1322 532 1501 617; x_wconf 82' lang='lat' dir='ltr'><strong>digni</strong></span> <span class='ocrx_word' id='word_1_27' title='bbox 1568 530 2017 596; x_wconf 82' lang='lat' dir='ltr'><strong>iudicaremur.</strong></span> <span class='ocrx_word' id='word_1_28' title='bbox 2111 527 2503 593; x_wconf 88' lang='lat' dir='ltr'><strong>admirantur</strong></span> <span class='ocrx_word' id='word_1_29' title='bbox 2571 525 2775 611; x_wconf 83' lang='lat' dir='ltr'><strong>igitur</strong></span> 
     </span>
     <span class='ocr_line' id='line_1_5' title="bbox 714 623 2776 710; baseline -0.007 -12"><span class='ocrx_word' id='word_1_30' title='bbox 714 628 1132 698; x_wconf 80' lang='lat' dir='ltr'><strong>communiter</strong></span> <span class='ocrx_word' id='word_1_31' title='bbox 1174 627 1266 691; x_wconf 90' lang='lat' dir='ltr'><strong>illi</strong></span> <span class='ocrx_word' id='word_1_32' title='bbox 1310 626 1571 710; x_wconf 89' lang='lat' dir='ltr'><strong>quidem</strong></span> <span class='ocrx_word' id='word_1_33' title='bbox 1622 623 1866 700; x_wconf 80' lang='lat' dir='ltr'><strong>omnia,</strong></span> <span class='ocrx_word' id='word_1_34' title='bbox 1915 644 2080 708; x_wconf 88' lang='lat' dir='ltr'><strong>quae</strong></span> <span class='ocrx_word' id='word_1_35' title='bbox 2125 644 2364 706; x_wconf 91' lang='lat' dir='ltr'><strong>magna</strong></span> <span class='ocrx_word' id='word_1_36' title='bbox 2407 630 2472 686; x_wconf 89' lang='lat' dir='ltr'><strong>et</strong></span> <span class='ocrx_word' id='word_1_37' title='bbox 2512 631 2776 705; x_wconf 85' lang='lat' dir='ltr'><strong>praeter</strong></span> 
     </span>
     <span class='ocr_line' id='line_1_6' title="bbox 715 710 2781 812; baseline -0.006 -23"><span class='ocrx_word' id='word_1_38' title='bbox 715 725 1080 812; x_wconf 75' lang='lat' dir='ltr'>opinionem</span> <span class='ocrx_word' id='word_1_39' title='bbox 1132 743 1315 786; x_wconf 86' lang='lat' dir='ltr'><strong>suam</strong></span> <span class='ocrx_word' id='word_1_40' title='bbox 1370 719 1985 794; x_wconf 81' lang='lat' dir='ltr'><strong>animadverterunt,</strong></span> <span class='ocrx_word' id='word_1_41' title='bbox 2039 717 2380 802; x_wconf 87' lang='lat' dir='ltr'><strong>separatim</strong></span> <span class='ocrx_word' id='word_1_42' title='bbox 2433 725 2653 779; x_wconf 86' lang='lat' dir='ltr'><strong>autem</strong></span> <span class='ocrx_word' id='word_1_43' title='bbox 2702 710 2781 778; x_wconf 83' lang='lat' dir='ltr'><strong>in</strong></span> 
     </span>
     <span class='ocr_line' id='line_1_7' title="bbox 718 809 2777 900; baseline -0.004 -20"><span class='ocrx_word' id='word_1_44' title='bbox 718 809 1012 900; x_wconf 68' lang='lat' dir='ltr'><strong>singulis,</strong></span> <span class='ocrx_word' id='word_1_45' title='bbox 1058 816 1113 881; x_wconf 89' lang='lat' dir='ltr'><strong>si</strong></span> <span class='ocrx_word' id='word_1_46' title='bbox 1156 813 1548 900; x_wconf 74' lang='lat' dir='ltr'><strong>perspiciunt</strong></span> <span class='ocrx_word' id='word_1_47' title='bbox 1581 833 1702 877; x_wconf 86' lang='lat' dir='ltr'><strong>nee</strong></span> <span class='ocrx_word' id='word_1_48' title='bbox 1737 813 1996 896; x_wconf 89' lang='lat' dir='ltr'><strong>opinata</strong></span> <span class='ocrx_word' id='word_1_49' title='bbox 2029 809 2344 894; x_wconf 83' lang='lat' dir='ltr'><strong>quaedam</strong></span> <span class='ocrx_word' id='word_1_50' title='bbox 2379 809 2570 874; x_wconf 90' lang='lat' dir='ltr'><strong>bona.</strong></span> <span class='ocrx_word' id='word_1_51' title='bbox 2651 809 2777 871; x_wconf 85' lang='lat' dir='ltr'><strong>ita-</strong></span> 
     </span>
     <span class='ocr_line' id='line_1_8' title="bbox 720 900 2777 992; baseline -0.004 -20"><span class='ocrx_word' id='word_1_52' title='bbox 720 900 841 992; x_wconf 50' lang='lat' dir='ltr'><strong>qua</strong></span> <span class='ocrx_word' id='word_1_53' title='bbox 892 932 997 976; x_wconf 83' lang='lat' dir='ltr'><strong>eos</strong></span> <span class='ocrx_word' id='word_1_54' title='bbox 1042 910 1213 975; x_wconf 86' lang='lat' dir='ltr'><strong>viros</strong></span> <span class='ocrx_word' id='word_1_55' title='bbox 1257 906 1612 992; x_wconf 83' lang='lat' dir='ltr'><strong>suspiciunt</strong></span> <span class='ocrx_word' id='word_1_56' title='bbox 1644 905 2088 988; x_wconf 77' lang='lat' dir='ltr'><strong>maxumisque</strong></span> <span class='ocrx_word' id='word_1_57' title='bbox 2125 903 2412 968; x_wconf 83' lang='lat' dir='ltr'><strong>ecferunt</strong></span> <span class='ocrx_word' id='word_1_58' title='bbox 2445 901 2777 976; x_wconf 82' lang='lat' dir='ltr'><strong>laudibus,</strong></span> 
     </span>
     <span class='ocr_line' id='line_1_9' title="bbox 719 997 2773 1088; baseline -0.004 -20"><span class='ocrx_word' id='word_1_59' title='bbox 719 1008 780 1068; x_wconf 82' lang='lat' dir='ltr'><strong>in</strong></span> <span class='ocrx_word' id='word_1_60' title='bbox 820 1004 1051 1088; x_wconf 74' lang='lat' dir='ltr'><strong>quibus</strong></span> <span class='ocrx_word' id='word_1_61' title='bbox 1097 1003 1484 1068; x_wconf 81' lang='lat' dir='ltr'><strong>existumant</strong></span> <span class='ocrx_word' id='word_1_62' title='bbox 1528 1023 1597 1066; x_wconf 87' lang='lat' dir='ltr'><strong>se</strong></span> <span class='ocrx_word' id='word_1_63' title='bbox 1633 998 2000 1065; x_wconf 76' lang='lat' dir='ltr'><strong>excellentis</strong></span> <span class='ocrx_word' id='word_1_64' title='bbox 2036 997 2350 1082; x_wconf 86' lang='lat' dir='ltr'><strong>quasdam</strong></span> <span class='ocrx_word' id='word_1_65' title='bbox 2383 1007 2449 1062; x_wconf 93' lang='lat' dir='ltr'><strong>et</strong></span> <span class='ocrx_word' id='word_1_66' title='bbox 2483 997 2773 1082; x_wconf 82' lang='lat' dir='ltr'><strong>singula-</strong></span> 
     </span>
     <span class='ocr_line' id='line_1_10' title="bbox 716 1093 2783 1182; baseline -0.003 -22"><span class='ocrx_word' id='word_1_67' title='bbox 716 1100 800 1160; x_wconf 72' lang='lat' dir='ltr'><strong>ris</strong></span> <span class='ocrx_word' id='word_1_68' title='bbox 848 1096 1203 1182; x_wconf 75' lang='lat' dir='ltr'><strong>perspicere</strong></span> <span class='ocrx_word' id='word_1_69' title='bbox 1250 1096 1545 1170; x_wconf 88' lang='lat' dir='ltr'><strong>virtutes,</strong></span> <span class='ocrx_word' id='word_1_70' title='bbox 1590 1093 1947 1178; x_wconf 84' lang='lat' dir='ltr'><strong>despiciunt</strong></span> <span class='ocrx_word' id='word_1_71' title='bbox 1990 1103 2206 1157; x_wconf 85' lang='lat' dir='ltr'><strong>autem</strong></span> <span class='ocrx_word' id='word_1_72' title='bbox 2241 1113 2350 1156; x_wconf 88' lang='lat' dir='ltr'><strong>eos</strong></span> <span class='ocrx_word' id='word_1_73' title='bbox 2387 1102 2452 1156; x_wconf 90' lang='lat' dir='ltr'><strong>et</strong></span> <span class='ocrx_word' id='word_1_74' title='bbox 2485 1101 2783 1156; x_wconf 81' lang='lat' dir='ltr'><strong>contem--</strong></span> 
     </span>
     <span class='ocr_line' id='line_1_11' title="bbox 719 1183 2779 1272; baseline -0.002 -20"><span class='ocrx_word' id='word_1_75' title='bbox 719 1183 896 1264; x_wconf 65' lang='lat' dir='ltr'><strong>nunt,</strong></span> <span class='ocrx_word' id='word_1_76' title='bbox 930 1191 1000 1253; x_wconf 89' lang='lat' dir='ltr'><strong>in</strong></span> <span class='ocrx_word' id='word_1_77' title='bbox 1038 1189 1270 1272; x_wconf 89' lang='lat' dir='ltr'><strong>quibus</strong></span> <span class='ocrx_word' id='word_1_78' title='bbox 1308 1188 1464 1251; x_wconf 92' lang='lat' dir='ltr'><strong>nihil</strong></span> <span class='ocrx_word' id='word_1_79' title='bbox 1492 1188 1766 1263; x_wconf 71' lang='lat' dir='ltr'><strong>virtutiS,</strong></span> <span class='ocrx_word' id='word_1_80' title='bbox 1800 1186 1958 1251; x_wconf 81' lang='lat' dir='ltr'><strong>nihil</strong></span> <span class='ocrx_word' id='word_1_81' title='bbox 1987 1185 2201 1262; x_wconf 90' lang='lat' dir='ltr'><strong>animi,</strong></span> <span class='ocrx_word' id='word_1_82' title='bbox 2237 1185 2395 1250; x_wconf 86' lang='lat' dir='ltr'><strong>nihil</strong></span> <span class='ocrx_word' id='word_1_83' title='bbox 2421 1206 2779 1250; x_wconf 85' lang='lat' dir='ltr'><strong>nervorum</strong></span> 
     </span>
     <span class='ocr_line' id='line_1_12' title="bbox 719 1278 2772 1368; baseline -0.001 -24"><span class='ocrx_word' id='word_1_84' title='bbox 719 1293 960 1368; x_wconf 63' lang='lat' dir='ltr'><strong>piuant.</strong></span> <span class='ocrx_word' id='word_1_85' title='bbox 1047 1303 1179 1348; x_wconf 92' lang='lat' dir='ltr'><strong>non</strong></span> <span class='ocrx_word' id='word_1_86' title='bbox 1231 1280 1401 1345; x_wconf 90' lang='lat' dir='ltr'><strong>enim</strong></span> <span class='ocrx_word' id='word_1_87' title='bbox 1454 1282 1662 1346; x_wconf 90' lang='lat' dir='ltr'><strong>omnis</strong></span> <span class='ocrx_word' id='word_1_88' title='bbox 1714 1302 1824 1346; x_wconf 87' lang='lat' dir='ltr'><strong>eos</strong></span> <span class='ocrx_word' id='word_1_89' title='bbox 1876 1289 2322 1356; x_wconf 81' lang='lat' dir='ltr'><strong>contemnunt,</strong></span> <span class='ocrx_word' id='word_1_90' title='bbox 2385 1278 2467 1343; x_wconf 91' lang='lat' dir='ltr'><strong>de</strong></span> <span class='ocrx_word' id='word_1_91' title='bbox 2528 1278 2772 1362; x_wconf 88' lang='lat' dir='ltr'><strong>quibus</strong></span> 
     </span>
     <span class='ocr_line' id='line_1_13' title="bbox 722 1371 2775 1458; baseline -0.002 -18"><span class='ocrx_word' id='word_1_92' title='bbox 722 1380 880 1440; x_wconf 63' lang='lat' dir='ltr'><strong>mals</strong></span> <span class='ocrx_word' id='word_1_93' title='bbox 926 1374 1312 1440; x_wconf 86' lang='lat' dir='ltr'><strong>existumant</strong></span> <span class='ocrx_word' id='word_1_94' title='bbox 1320 1399 1339 1451; x_wconf 85' lang='lat'>3</span> <span class='ocrx_word' id='word_1_95' title='bbox 1393 1397 1545 1439; x_wconf 86' lang='lat' dir='ltr'><strong>nam</strong></span> <span class='ocrx_word' id='word_1_96' title='bbox 1587 1395 1748 1457; x_wconf 85' lang='lat' dir='ltr'><strong>quos</strong></span> <span class='ocrx_word' id='word_1_97' title='bbox 1790 1374 2121 1458; x_wconf 89' lang='lat' dir='ltr'><strong>inprobos,</strong></span> <span class='ocrx_word' id='word_1_98' title='bbox 2167 1373 2549 1448; x_wconf 81' lang='lat' dir='ltr'><strong>maledicos,</strong></span> <span class='ocrx_word' id='word_1_99' title='bbox 2592 1371 2775 1436; x_wconf 85' lang='lat' dir='ltr'><strong>frau-</strong></span> 
     </span>
     <span class='ocr_line' id='line_1_14' title="bbox 720 1467 2775 1554; baseline -0.001 -22"><span class='ocrx_word' id='word_1_100' title='bbox 720 1472 1009 1532; x_wconf 74' lang='lat' dir='ltr'><strong>dulentos</strong></span> <span class='ocrx_word' id='word_1_101' title='bbox 1032 1479 1272 1554; x_wconf 90' lang='lat' dir='ltr'><strong>putant</strong></span> <span class='ocrx_word' id='word_1_102' title='bbox 1306 1478 1371 1533; x_wconf 92' lang='lat' dir='ltr'><strong>et</strong></span> <span class='ocrx_word' id='word_1_103' title='bbox 1403 1468 1488 1532; x_wconf 86' lang='lat' dir='ltr'><strong>ad</strong></span> <span class='ocrx_word' id='word_1_104' title='bbox 1522 1468 1884 1535; x_wconf 84' lang='lat' dir='ltr'><strong>faciendam</strong></span> <span class='ocrx_word' id='word_1_105' title='bbox 1918 1467 2214 1532; x_wconf 86' lang='lat' dir='ltr'><strong>iniuriam</strong></span> <span class='ocrx_word' id='word_1_106' title='bbox 2246 1467 2621 1543; x_wconf 84' lang='lat' dir='ltr'><strong>instructos,</strong></span> <span class='ocrx_word' id='word_1_107' title='bbox 2660 1488 2775 1530; x_wconf 88' lang='lat' dir='ltr'><strong>eos</strong></span> 
     </span>
     <span class='ocr_line' id='line_1_15' title="bbox 720 1555 2779 1646; baseline -0.001 -18"><span class='ocrx_word' id='word_1_108' title='bbox 720 1564 892 1628; x_wconf 66' lang='lat' dir='ltr'><strong>haud</strong></span> <span class='ocrx_word' id='word_1_109' title='bbox 912 1573 1321 1628; x_wconf 80' lang='lat' dir='ltr'><strong>contemnunt</strong></span> <span class='ocrx_word' id='word_1_110' title='bbox 1339 1563 1617 1646; x_wconf 88' lang='lat' dir='ltr'><strong>quidem,</strong></span> <span class='ocrx_word' id='word_1_111' title='bbox 1629 1562 1745 1627; x_wconf 86' lang='lat' dir='ltr'><strong>sed</strong></span> <span class='ocrx_word' id='word_1_112' title='bbox 1765 1561 1845 1627; x_wconf 91' lang='lat' dir='ltr'><strong>de</strong></span> <span class='ocrx_word' id='word_1_113' title='bbox 1862 1555 1940 1627; x_wconf 73' lang='lat' dir='ltr'><strong>iis</strong></span> <span class='ocrx_word' id='word_1_114' title='bbox 1949 1561 2116 1629; x_wconf 87' lang='lat' dir='ltr'><strong>male</strong></span> <span class='ocrx_word' id='word_1_115' title='bbox 2127 1561 2530 1627; x_wconf 79' lang='lat' dir='ltr'><strong>existumant.</strong></span> <span class='ocrx_word' id='word_1_116' title='bbox 2570 1583 2779 1644; x_wconf 85' lang='lat' dir='ltr'><strong>quam</strong></span> 
     </span>
     <span class='ocr_line' id='line_1_16' title="bbox 720 1656 2779 1740; baseline -0 -16"><span class='ocrx_word' id='word_1_117' title='bbox 720 1660 800 1724; x_wconf 69' lang='lat' dir='ltr'><strong>oh</strong></span> <span class='ocrx_word' id='word_1_118' title='bbox 836 1681 999 1735; x_wconf 72' lang='lat' dir='ltr'><strong>rem,</strong></span> <span class='ocrx_word' id='word_1_119' title='bbox 1035 1668 1109 1722; x_wconf 90' lang='lat' dir='ltr'><strong>ut</strong></span> <span class='ocrx_word' id='word_1_120' title='bbox 1144 1666 1290 1722; x_wconf 82' lang='lat' dir='ltr'><strong>ante</strong></span> <span class='ocrx_word' id='word_1_121' title='bbox 1326 1657 1489 1735; x_wconf 85' lang='lat' dir='ltr'><strong>dixi,</strong></span> <span class='ocrx_word' id='word_1_122' title='bbox 1527 1667 2017 1722; x_wconf 78' lang='lat' dir='ltr'><strong>contemnuntur</strong></span> <span class='ocrx_word' id='word_1_123' title='bbox 2049 1657 2124 1732; x_wconf 92' lang='lat' dir='ltr'><strong>ii,</strong></span> <span class='ocrx_word' id='word_1_124' title='bbox 2161 1656 2271 1740; x_wconf 90' lang='lat' dir='ltr'><strong>qui</strong></span> <span class='ocrx_word' id='word_1_125' title='bbox 2309 1663 2455 1721; x_wconf 88' lang='lat' dir='ltr'><strong>‘nee</strong></span> <span class='ocrx_word' id='word_1_126' title='bbox 2489 1657 2614 1720; x_wconf 90' lang='lat' dir='ltr'><strong>sibi</strong></span> <span class='ocrx_word' id='word_1_127' title='bbox 2650 1678 2779 1723; x_wconf 77' lang='lat' dir='ltr'><strong>nee</strong></span> 
     </span>
     <span class='ocr_line' id='line_1_17' title="bbox 720 1750 2778 1835; baseline 0 -19"><span class='ocrx_word' id='word_1_128' title='bbox 720 1756 896 1816; x_wconf 62' lang='lat' dir='ltr'><strong>alteri</strong></span> <span class='ocrx_word' id='word_1_129' title='bbox 912 1753 948 1829; x_wconf 91' lang='lat'><strong>&#39;,</strong></span> <span class='ocrx_word' id='word_1_130' title='bbox 982 1763 1057 1817; x_wconf 88' lang='lat' dir='ltr'><strong>ut</strong></span> <span class='ocrx_word' id='word_1_131' title='bbox 1091 1752 1341 1829; x_wconf 86' lang='lat' dir='ltr'><strong>dieitur,</strong></span> <span class='ocrx_word' id='word_1_132' title='bbox 1378 1752 1446 1816; x_wconf 93' lang='lat' dir='ltr'><strong>in</strong></span> <span class='ocrx_word' id='word_1_133' title='bbox 1480 1753 1714 1835; x_wconf 86' lang='lat' dir='ltr'><strong>quibus</strong></span> <span class='ocrx_word' id='word_1_134' title='bbox 1749 1751 1960 1817; x_wconf 89' lang='lat' dir='ltr'><strong>nullus</strong></span> <span class='ocrx_word' id='word_1_135' title='bbox 1986 1751 2188 1828; x_wconf 87' lang='lat' dir='ltr'><strong>labor,</strong></span> <span class='ocrx_word' id='word_1_136' title='bbox 2222 1750 2398 1815; x_wconf 88' lang='lat' dir='ltr'><strong>nulla</strong></span> <span class='ocrx_word' id='word_1_137' title='bbox 2432 1750 2778 1829; x_wconf 78' lang='lat' dir='ltr'><strong>industria,</strong></span> 
     </span>
    </p>

    <p class='ocr_par' dir='ltr' id='par_1_3' title="bbox 632 1845 2777 2868">
     <span class='ocr_line' id='line_1_18' title="bbox 632 1845 2777 1929; baseline 0.002 -21"><span class='ocrx_word' id='word_1_138' title='bbox 632 1872 680 1908; x_wconf 65' lang='lat' dir='ltr'><strong>3ss</strong></span> <span class='ocrx_word' id='word_1_139' title='bbox 720 1852 892 1912; x_wconf 74' lang='lat' dir='ltr'><strong>nulla</strong></span> <span class='ocrx_word' id='word_1_140' title='bbox 918 1869 1072 1911; x_wconf 86' lang='lat' dir='ltr'><strong>eura</strong></span> <span class='ocrx_word' id='word_1_141' title='bbox 1106 1857 1231 1924; x_wconf 85' lang='lat' dir='ltr'><strong>est3</strong></span> <span class='ocrx_word' id='word_1_142' title='bbox 1268 1846 1684 1912; x_wconf 82' lang='lat' dir='ltr'><strong>admiratione</strong></span> <span class='ocrx_word' id='word_1_143' title='bbox 1713 1856 1926 1910; x_wconf 88' lang='lat' dir='ltr'><strong>autem</strong></span> <span class='ocrx_word' id='word_1_144' title='bbox 1953 1845 2258 1910; x_wconf 77' lang='lat' dir='ltr'><strong>adficiunt</strong></span> <span class='ocrx_word' id='word_1_145' title='bbox 2283 1846 2348 1922; x_wconf 86' lang='lat' dir='ltr'><strong>ii,</strong></span> <span class='ocrx_word' id='word_1_146' title='bbox 2387 1846 2500 1929; x_wconf 90' lang='lat' dir='ltr'><strong>qui</strong></span> <span class='ocrx_word' id='word_1_147' title='bbox 2525 1847 2777 1913; x_wconf 85' lang='lat' dir='ltr'><strong>anteire</strong></span> 
     </span>
     <span class='ocr_line' id='line_1_19' title="bbox 720 1938 2773 2026; baseline 0 -22"><span class='ocrx_word' id='word_1_148' title='bbox 720 1944 941 2005; x_wconf 56' lang='lat' dir='ltr'><strong>[tr-toris</strong></span> <span class='ocrx_word' id='word_1_149' title='bbox 996 1941 1230 2005; x_wconf 86' lang='lat' dir='ltr'><strong>virtute</strong></span> <span class='ocrx_word' id='word_1_150' title='bbox 1281 1950 1589 2026; x_wconf 86' lang='lat' dir='ltr'><strong>putantur</strong></span> <span class='ocrx_word' id='word_1_151' title='bbox 1642 1950 1708 2005; x_wconf 88' lang='lat' dir='ltr'><strong>et</strong></span> <span class='ocrx_word' id='word_1_152' title='bbox 1759 1961 1907 2004; x_wconf 86' lang='lat' dir='ltr'><strong>eum</strong></span> <span class='ocrx_word' id='word_1_153' title='bbox 1951 1939 2126 2002; x_wconf 91' lang='lat' dir='ltr'><strong>omni</strong></span> <span class='ocrx_word' id='word_1_154' title='bbox 2170 1960 2386 2004; x_wconf 81' lang='lat' dir='ltr'><strong>carere</strong></span> <span class='ocrx_word' id='word_1_155' title='bbox 2431 1938 2773 2018; x_wconf 84' lang='lat' dir='ltr'><strong>dedecore,</strong></span> 
     </span>
     <span class='ocr_line' id='line_1_20' title="bbox 720 2032 2772 2118; baseline 0.001 -22"><span class='ocrx_word' id='word_1_156' title='bbox 720 2056 852 2100; x_wconf 75' lang='lat' dir='ltr'><strong>mm</strong></span> <span class='ocrx_word' id='word_1_157' title='bbox 908 2056 1057 2100; x_wconf 91' lang='lat' dir='ltr'><strong>vero</strong></span> <span class='ocrx_word' id='word_1_158' title='bbox 1109 2034 1186 2098; x_wconf 91' lang='lat' dir='ltr'><strong>iis</strong></span> <span class='ocrx_word' id='word_1_159' title='bbox 1240 2035 1439 2111; x_wconf 88' lang='lat' dir='ltr'><strong>vitiis,</strong></span> <span class='ocrx_word' id='word_1_160' title='bbox 1494 2033 1727 2118; x_wconf 89' lang='lat' dir='ltr'><strong>quibus</strong></span> <span class='ocrx_word' id='word_1_161' title='bbox 1781 2033 1889 2097; x_wconf 89' lang='lat' dir='ltr'><strong>alii</strong></span> <span class='ocrx_word' id='word_1_162' title='bbox 1931 2054 2063 2096; x_wconf 92' lang='lat' dir='ltr'><strong>non</strong></span> <span class='ocrx_word' id='word_1_163' title='bbox 2104 2032 2296 2098; x_wconf 81' lang='lat' dir='ltr'><strong>facile</strong></span> <span class='ocrx_word' id='word_1_164' title='bbox 2338 2043 2610 2118; x_wconf 89' lang='lat' dir='ltr'><strong>possunt</strong></span> <span class='ocrx_word' id='word_1_165' title='bbox 2654 2034 2772 2098; x_wconf 91' lang='lat' dir='ltr'><strong>ob-</strong></span> 
     </span>
     <span class='ocr_line' id='line_1_21' title="bbox 720 2125 2771 2218; baseline -0 -26"><span class='ocrx_word' id='word_1_166' title='bbox 720 2132 823 2192; x_wconf 71' lang='lat' dir='ltr'><strong>sist</strong></span> <span class='ocrx_word' id='word_1_167' title='bbox 836 2152 954 2193; x_wconf 62' lang='lat' dir='ltr'><strong>effe.</strong></span> <span class='ocrx_word' id='word_1_168' title='bbox 1009 2150 1158 2218; x_wconf 82' lang='lat' dir='ltr'><strong>nam</strong></span> <span class='ocrx_word' id='word_1_169' title='bbox 1196 2137 1260 2192; x_wconf 86' lang='lat' dir='ltr'><strong>et</strong></span> <span class='ocrx_word' id='word_1_170' title='bbox 1293 2127 1670 2211; x_wconf 85' lang='lat' dir='ltr'><strong>voluptates,</strong></span> <span class='ocrx_word' id='word_1_171' title='bbox 1706 2125 2178 2192; x_wconf 86' lang='lat' dir='ltr'><strong>blandissumae</strong></span> <span class='ocrx_word' id='word_1_172' title='bbox 2216 2126 2530 2203; x_wconf 86' lang='lat' dir='ltr'><strong>dominae,</strong></span> <span class='ocrx_word' id='word_1_173' title='bbox 2565 2127 2771 2192; x_wconf 86' lang='lat' dir='ltr'><strong>maio-</strong></span> 
     </span>
     <span class='ocr_line' id='line_1_22' title="bbox 720 2220 2772 2308; baseline 0.001 -24"><span class='ocrx_word' id='word_1_174' title='bbox 720 2228 800 2284; x_wconf 65' lang='lat' dir='ltr'><strong>ris</strong></span> <span class='ocrx_word' id='word_1_175' title='bbox 848 2221 1041 2308; x_wconf 77' lang='lat' dir='ltr'><strong>partis</strong></span> <span class='ocrx_word' id='word_1_176' title='bbox 1090 2220 1335 2284; x_wconf 85' lang='lat' dir='ltr'><strong>animos</strong></span> <span class='ocrx_word' id='word_1_177' title='bbox 1370 2243 1411 2284; x_wconf 92' lang='lat' dir='ltr'><strong>a</strong></span> <span class='ocrx_word' id='word_1_178' title='bbox 1448 2220 1682 2284; x_wconf 87' lang='lat' dir='ltr'><strong>virtute</strong></span> <span class='ocrx_word' id='word_1_179' title='bbox 1730 2220 2111 2303; x_wconf 86' lang='lat' dir='ltr'><strong>detorquent</strong></span> <span class='ocrx_word' id='word_1_180' title='bbox 2154 2232 2245 2298; x_wconf 89' lang='lat' dir='ltr'><strong>et,</strong></span> <span class='ocrx_word' id='word_1_181' title='bbox 2292 2221 2586 2286; x_wconf 90' lang='lat' dir='ltr'><strong>dolorum</strong></span> <span class='ocrx_word' id='word_1_182' title='bbox 2621 2243 2772 2286; x_wconf 86' lang='lat' dir='ltr'><strong>eum</strong></span> 
     </span>
     <span class='ocr_line' id='line_1_23' title="bbox 716 2313 2771 2400; baseline 0.002 -24"><span class='ocrx_word' id='word_1_183' title='bbox 716 2320 1132 2380; x_wconf 69' lang='lat' dir='ltr'><strong>ml11fflventur</strong></span> <span class='ocrx_word' id='word_1_184' title='bbox 1173 2313 1379 2389; x_wconf 84' lang='lat' dir='ltr'><strong>faces,</strong></span> <span class='ocrx_word' id='word_1_185' title='bbox 1424 2323 1678 2398; x_wconf 88' lang='lat' dir='ltr'><strong>praeter</strong></span> <span class='ocrx_word' id='word_1_186' title='bbox 1719 2313 1984 2377; x_wconf 90' lang='lat' dir='ltr'><strong>modum</strong></span> <span class='ocrx_word' id='word_1_187' title='bbox 2017 2314 2304 2400; x_wconf 89' lang='lat' dir='ltr'><strong>plerique</strong></span> <span class='ocrx_word' id='word_1_188' title='bbox 2340 2325 2771 2381; x_wconf 79' lang='lat' dir='ltr'><strong>exterrentur:</strong></span> 
     </span>
     <span class='ocr_line' id='line_1_24' title="bbox 716 2405 2769 2490; baseline 0.002 -22"><span class='ocrx_word' id='word_1_189' title='bbox 716 2412 844 2468; x_wconf 69' lang='lat' dir='ltr'><strong>rim,</strong></span> <span class='ocrx_word' id='word_1_190' title='bbox 880 2426 1069 2482; x_wconf 86' lang='lat' dir='ltr'><strong>mors,</strong></span> <span class='ocrx_word' id='word_1_191' title='bbox 1105 2405 1361 2470; x_wconf 84' lang='lat' dir='ltr'><strong>divitiae</strong></span> <span class='ocrx_word' id='word_1_192' title='bbox 1396 2416 1738 2490; x_wconf 85' lang='lat' dir='ltr'><strong>paupertas</strong></span> <span class='ocrx_word' id='word_1_193' title='bbox 1775 2407 1980 2471; x_wconf 88' lang='lat' dir='ltr'><strong>omnis</strong></span> <span class='ocrx_word' id='word_1_194' title='bbox 2015 2407 2302 2475; x_wconf 89' lang='lat' dir='ltr'><strong>homines</strong></span> <span class='ocrx_word' id='word_1_195' title='bbox 2340 2409 2769 2475; x_wconf 87' lang='lat' dir='ltr'><strong>vehementis-</strong></span> 
     </span>
     <span class='ocr_line' id='line_1_25' title="bbox 720 2500 2767 2587; baseline 0.005 -28"><span class='ocrx_word' id='word_1_196' title='bbox 720 2504 872 2562; x_wconf 52' lang='lat' dir='ltr'><strong>sime</strong></span> <span class='ocrx_word' id='word_1_197' title='bbox 912 2509 1303 2582; x_wconf 85' lang='lat' dir='ltr'><strong>permovent.</strong></span> <span class='ocrx_word' id='word_1_198' title='bbox 1394 2521 1561 2582; x_wconf 88' lang='lat' dir='ltr'><strong>quae</strong></span> <span class='ocrx_word' id='word_1_199' title='bbox 1606 2500 1721 2583; x_wconf 90' lang='lat' dir='ltr'><strong>qui</strong></span> <span class='ocrx_word' id='word_1_200' title='bbox 1752 2500 1821 2564; x_wconf 90' lang='lat' dir='ltr'><strong>in</strong></span> <span class='ocrx_word' id='word_1_201' title='bbox 1855 2511 2190 2585; x_wconf 86' lang='lat' dir='ltr'><strong>utramque</strong></span> <span class='ocrx_word' id='word_1_202' title='bbox 2225 2512 2471 2587; x_wconf 87' lang='lat' dir='ltr'><strong>partem</strong></span> <span class='ocrx_word' id='word_1_203' title='bbox 2511 2505 2767 2572; x_wconf 81' lang='lat' dir='ltr'><strong>excelso</strong></span> 
     </span>
     <span class='ocr_line' id='line_1_26' title="bbox 716 2592 2770 2683; baseline 0.003 -27"><span class='ocrx_word' id='word_1_204' title='bbox 716 2596 922 2656; x_wconf 68' lang='lat' dir='ltr'><strong>animo</strong></span> <span class='ocrx_word' id='word_1_205' title='bbox 960 2613 1323 2677; x_wconf 88' lang='lat' dir='ltr'><strong>magnoque</strong></span> <span class='ocrx_word' id='word_1_206' title='bbox 1360 2592 1738 2678; x_wconf 84' lang='lat' dir='ltr'><strong>despiciunt,</strong></span> <span class='ocrx_word' id='word_1_207' title='bbox 1775 2615 2052 2678; x_wconf 86' lang='lat' dir='ltr'><strong>eumque</strong></span> <span class='ocrx_word' id='word_1_208' title='bbox 2087 2596 2302 2680; x_wconf 89' lang='lat' dir='ltr'><strong>aliqua</strong></span> <span class='ocrx_word' id='word_1_209' title='bbox 2336 2597 2413 2661; x_wconf 90' lang='lat' dir='ltr'><strong>iis</strong></span> <span class='ocrx_word' id='word_1_210' title='bbox 2450 2598 2668 2683; x_wconf 85' lang='lat' dir='ltr'><strong>ampla</strong></span> <span class='ocrx_word' id='word_1_211' title='bbox 2702 2610 2770 2663; x_wconf 87' lang='lat' dir='ltr'><strong>et</strong></span> 
     </span>
     <span class='ocr_line' id='line_1_27' title="bbox 718 2687 2772 2776; baseline 0.005 -29"><span class='ocrx_word' id='word_1_212' title='bbox 718 2692 979 2752; x_wconf 52' lang='lat' dir='ltr'><strong>limmata</strong></span> <span class='ocrx_word' id='word_1_213' title='bbox 1027 2709 1129 2752; x_wconf 88' lang='lat' dir='ltr'><strong>res</strong></span> <span class='ocrx_word' id='word_1_214' title='bbox 1175 2687 1425 2752; x_wconf 87' lang='lat' dir='ltr'><strong>obieeta</strong></span> <span class='ocrx_word' id='word_1_215' title='bbox 1467 2698 1633 2752; x_wconf 89' lang='lat' dir='ltr'><strong>totos</strong></span> <span class='ocrx_word' id='word_1_216' title='bbox 1680 2688 1763 2753; x_wconf 90' lang='lat' dir='ltr'><strong>ad</strong></span> <span class='ocrx_word' id='word_1_217' title='bbox 1809 2711 1878 2754; x_wconf 88' lang='lat' dir='ltr'><strong>se</strong></span> <span class='ocrx_word' id='word_1_218' title='bbox 1923 2690 2234 2755; x_wconf 77' lang='lat' dir='ltr'><strong>convertit</strong></span> <span class='ocrx_word' id='word_1_219' title='bbox 2279 2702 2344 2756; x_wconf 91' lang='lat' dir='ltr'><strong>et</strong></span> <span class='ocrx_word' id='word_1_220' title='bbox 2384 2691 2580 2776; x_wconf 84' lang='lat' dir='ltr'><strong>rapit,</strong></span> <span class='ocrx_word' id='word_1_221' title='bbox 2626 2703 2772 2757; x_wconf 88' lang='lat' dir='ltr'><strong>tum</strong></span> 
     </span>
     <span class='ocr_line' id='line_1_28' title="bbox 716 2775 2774 2868; baseline 0.004 -26"><span class='ocrx_word' id='word_1_222' title='bbox 716 2784 852 2864; x_wconf 71' lang='lat' dir='ltr'><strong>quis</strong></span> <span class='ocrx_word' id='word_1_223' title='bbox 908 2803 1036 2847; x_wconf 90' lang='lat' dir='ltr'><strong>non</strong></span> <span class='ocrx_word' id='word_1_224' title='bbox 1089 2779 1433 2846; x_wconf 87' lang='lat' dir='ltr'><strong>admiretur</strong></span> <span class='ocrx_word' id='word_1_225' title='bbox 1482 2783 1885 2867; x_wconf 87' lang='lat' dir='ltr'><strong>splendorem</strong></span> <span class='ocrx_word' id='word_1_226' title='bbox 1927 2775 2591 2868; x_wconf 82' lang='lat' dir='ltr'><strong>pulchritudinemque</strong></span> <span class='ocrx_word' id='word_1_227' title='bbox 2638 2787 2774 2850; x_wconf 79' lang='lat' dir='ltr'><strong>vir-</strong></span> 
     </span>
    </p>

    <p class='ocr_par' dir='ltr' id='par_1_4' title="bbox 611 2868 2772 4092">
     <span class='ocr_line' id='line_1_29' title="bbox 611 2868 2772 2961; baseline 0.003 -23"><span class='ocrx_word' id='word_1_228' title='bbox 611 2868 676 2952; x_wconf 58' lang='lat' dir='ltr'><strong>ii</strong></span> <span class='ocrx_word' id='word_1_229' title='bbox 716 2876 900 2940; x_wconf 69' lang='lat' dir='ltr'><strong>tutis?</strong></span> <span class='ocrx_word' id='word_1_230' title='bbox 989 2897 1141 2961; x_wconf 88' lang='lat' dir='ltr'><strong>ergo</strong></span> <span class='ocrx_word' id='word_1_231' title='bbox 1200 2885 1265 2941; x_wconf 88' lang='lat' dir='ltr'><strong>et</strong></span> <span class='ocrx_word' id='word_1_232' title='bbox 1306 2875 1467 2941; x_wconf 84' lang='lat' dir='ltr'><strong>haee</strong></span> <span class='ocrx_word' id='word_1_233' title='bbox 1513 2876 1708 2941; x_wconf 88' lang='lat' dir='ltr'><strong>animi</strong></span> <span class='ocrx_word' id='word_1_234' title='bbox 1754 2877 2166 2961; x_wconf 82' lang='lat' dir='ltr'><strong>despicientia</strong></span> <span class='ocrx_word' id='word_1_235' title='bbox 2207 2879 2772 2946; x_wconf 83' lang='lat' dir='ltr'><strong>admirabilitatem</strong></span> 
     </span>
     <span class='ocr_line' id='line_1_30' title="bbox 712 2970 2768 3056; baseline 0.004 -24"><span class='ocrx_word' id='word_1_236' title='bbox 712 2992 1011 3052; x_wconf 67' lang='lat' dir='ltr'><strong>magnam</strong></span> <span class='ocrx_word' id='word_1_237' title='bbox 1065 2970 1220 3035; x_wconf 80' lang='lat' dir='ltr'><strong>facit</strong></span> <span class='ocrx_word' id='word_1_238' title='bbox 1273 2981 1337 3035; x_wconf 90' lang='lat' dir='ltr'><strong>et</strong></span> <span class='ocrx_word' id='word_1_239' title='bbox 1388 2992 1690 3037; x_wconf 86' lang='lat' dir='ltr'><strong>maxume</strong></span> <span class='ocrx_word' id='word_1_240' title='bbox 1733 2971 2004 3048; x_wconf 88' lang='lat' dir='ltr'><strong>iustitia,</strong></span> <span class='ocrx_word' id='word_1_241' title='bbox 2056 2995 2137 3037; x_wconf 90' lang='lat' dir='ltr'><strong>ex</strong></span> <span class='ocrx_word' id='word_1_242' title='bbox 2181 2995 2311 3056; x_wconf 88' lang='lat' dir='ltr'><strong>qua</strong></span> <span class='ocrx_word' id='word_1_243' title='bbox 2353 2995 2482 3037; x_wconf 90' lang='lat' dir='ltr'><strong>una</strong></span> <span class='ocrx_word' id='word_1_244' title='bbox 2526 2973 2768 3040; x_wconf 89' lang='lat' dir='ltr'><strong>virtute</strong></span> 
     </span>
     <span class='ocr_line' id='line_1_31' title="bbox 712 3063 2767 3150; baseline 0.005 -26"><span class='ocrx_word' id='word_1_245' title='bbox 712 3064 826 3124; x_wconf 63' lang='lat' dir='ltr'><strong>riri</strong></span> <span class='ocrx_word' id='word_1_246' title='bbox 868 3063 1017 3125; x_wconf 83' lang='lat' dir='ltr'><strong>boni</strong></span> <span class='ocrx_word' id='word_1_247' title='bbox 1042 3063 1463 3146; x_wconf 87' lang='lat' dir='ltr'><strong>appellantur,</strong></span> <span class='ocrx_word' id='word_1_248' title='bbox 1498 3065 1767 3130; x_wconf 83' lang='lat' dir='ltr'><strong>mirifica</strong></span> <span class='ocrx_word' id='word_1_249' title='bbox 1800 3066 2116 3150; x_wconf 87' lang='lat' dir='ltr'><strong>quaedam</strong></span> <span class='ocrx_word' id='word_1_250' title='bbox 2153 3067 2546 3132; x_wconf 87' lang='lat' dir='ltr'><strong>multitudini</strong></span> <span class='ocrx_word' id='word_1_251' title='bbox 2584 3069 2767 3136; x_wconf 86' lang='lat' dir='ltr'><strong>vide-</strong></span> 
     </span>
     <span class='ocr_line' id='line_1_32' title="bbox 716 3155 2768 3248; baseline 0.003 -28"><span class='ocrx_word' id='word_1_252' title='bbox 716 3172 840 3228; x_wconf 72' lang='lat' dir='ltr'><strong>tur,</strong></span> <span class='ocrx_word' id='word_1_253' title='bbox 884 3177 998 3219; x_wconf 83' lang='lat' dir='ltr'><strong>nee</strong></span> <span class='ocrx_word' id='word_1_254' title='bbox 1031 3155 1288 3220; x_wconf 88' lang='lat' dir='ltr'><strong>iniuria:</strong></span> <span class='ocrx_word' id='word_1_255' title='bbox 1334 3178 1522 3222; x_wconf 92' lang='lat' dir='ltr'><strong>nemo</strong></span> <span class='ocrx_word' id='word_1_256' title='bbox 1560 3157 1731 3222; x_wconf 90' lang='lat' dir='ltr'><strong>enim</strong></span> <span class='ocrx_word' id='word_1_257' title='bbox 1765 3160 1970 3233; x_wconf 86' lang='lat' dir='ltr'><strong>iustus</strong></span> <span class='ocrx_word' id='word_1_258' title='bbox 2006 3182 2145 3224; x_wconf 88' lang='lat' dir='ltr'><strong>esse</strong></span> <span class='ocrx_word' id='word_1_259' title='bbox 2181 3169 2409 3245; x_wconf 90' lang='lat' dir='ltr'><strong>potest,</strong></span> <span class='ocrx_word' id='word_1_260' title='bbox 2444 3162 2559 3248; x_wconf 88' lang='lat' dir='ltr'><strong>qui</strong></span> <span class='ocrx_word' id='word_1_261' title='bbox 2593 3185 2768 3227; x_wconf 92' lang='lat' dir='ltr'><strong>mor-</strong></span> 
     </span>
     <span class='ocr_line' id='line_1_33' title="bbox 712 3248 2766 3339; baseline 0.005 -28"><span class='ocrx_word' id='word_1_262' title='bbox 712 3264 864 3324; x_wconf 65' lang='lat' dir='ltr'><strong>tem,</strong></span> <span class='ocrx_word' id='word_1_263' title='bbox 908 3248 1014 3332; x_wconf 88' lang='lat' dir='ltr'><strong>qui</strong></span> <span class='ocrx_word' id='word_1_264' title='bbox 1050 3249 1360 3326; x_wconf 89' lang='lat' dir='ltr'><strong>dolorem,</strong></span> <span class='ocrx_word' id='word_1_265' title='bbox 1397 3251 1508 3334; x_wconf 89' lang='lat' dir='ltr'><strong>qui</strong></span> <span class='ocrx_word' id='word_1_266' title='bbox 1545 3252 1869 3330; x_wconf 88' lang='lat' dir='ltr'><strong>exsilium,</strong></span> <span class='ocrx_word' id='word_1_267' title='bbox 1906 3253 2018 3336; x_wconf 86' lang='lat' dir='ltr'><strong>qui</strong></span> <span class='ocrx_word' id='word_1_268' title='bbox 2053 3264 2402 3339; x_wconf 82' lang='lat' dir='ltr'><strong>egestatem</strong></span> <span class='ocrx_word' id='word_1_269' title='bbox 2435 3256 2618 3322; x_wconf 88' lang='lat' dir='ltr'><strong>timet</strong></span> <span class='ocrx_word' id='word_1_270' title='bbox 2654 3269 2766 3321; x_wconf 89' lang='lat' dir='ltr'><strong>aut</strong></span> 
     </span>
     <span class='ocr_line' id='line_1_34' title="bbox 712 3344 2763 3435; baseline 0.005 -32"><span class='ocrx_word' id='word_1_271' title='bbox 712 3344 816 3424; x_wconf 75' lang='lat' dir='ltr'><strong>qni</strong></span> <span class='ocrx_word' id='word_1_272' title='bbox 880 3367 983 3419; x_wconf 73' lang='lat' dir='ltr'><strong>sa,</strong></span> <span class='ocrx_word' id='word_1_273' title='bbox 1046 3364 1211 3426; x_wconf 88' lang='lat' dir='ltr'><strong>quae</strong></span> <span class='ocrx_word' id='word_1_274' title='bbox 1278 3355 1425 3410; x_wconf 87' lang='lat' dir='ltr'><strong>sunt</strong></span> <span class='ocrx_word' id='word_1_275' title='bbox 1490 3344 1589 3411; x_wconf 89' lang='lat' dir='ltr'><strong>his</strong></span> <span class='ocrx_word' id='word_1_276' title='bbox 1620 3347 1982 3421; x_wconf 73' lang='lat' dir='ltr'><strong>contraria,</strong></span> <span class='ocrx_word' id='word_1_277' title='bbox 2050 3347 2354 3430; x_wconf 84' lang='lat' dir='ltr'><strong>aequitati</strong></span> <span class='ocrx_word' id='word_1_278' title='bbox 2413 3351 2763 3435; x_wconf 85' lang='lat' dir='ltr'><strong>anteponit.</strong></span> 
     </span>
     <span class='ocr_line' id='line_1_35' title="bbox 710 3436 2757 3526; baseline 0.002 -26"><span class='ocrx_word' id='word_1_279' title='bbox 710 3440 1109 3520; x_wconf 68' lang='lat' dir='ltr'><strong>maximeque</strong></span> <span class='ocrx_word' id='word_1_280' title='bbox 1154 3436 1551 3504; x_wconf 87' lang='lat' dir='ltr'><strong>admirantur</strong></span> <span class='ocrx_word' id='word_1_281' title='bbox 1592 3460 1772 3516; x_wconf 88' lang='lat' dir='ltr'><strong>eum,</strong></span> <span class='ocrx_word' id='word_1_282' title='bbox 1819 3440 1931 3524; x_wconf 90' lang='lat' dir='ltr'><strong>qui</strong></span> <span class='ocrx_word' id='word_1_283' title='bbox 1965 3441 2253 3526; x_wconf 83' lang='lat' dir='ltr'><strong>pecunia.</strong></span> <span class='ocrx_word' id='word_1_284' title='bbox 2271 3464 2404 3506; x_wconf 92' lang='lat' dir='ltr'><strong>non</strong></span> <span class='ocrx_word' id='word_1_285' title='bbox 2435 3454 2757 3508; x_wconf 87' lang='lat' dir='ltr'><strong>movetur:</strong></span> 
     </span>
     <span class='ocr_line' id='line_1_36' title="bbox 712 3530 2759 3622; baseline 0.002 -26"><span class='ocrx_word' id='word_1_286' title='bbox 712 3532 884 3612; x_wconf 63' lang='lat' dir='ltr'><strong>quot}</strong></span> <span class='ocrx_word' id='word_1_287' title='bbox 925 3530 993 3594; x_wconf 92' lang='lat' dir='ltr'><strong>in</strong></span> <span class='ocrx_word' id='word_1_288' title='bbox 1036 3551 1163 3613; x_wconf 91' lang='lat' dir='ltr'><strong>quo</strong></span> <span class='ocrx_word' id='word_1_289' title='bbox 1208 3532 1343 3596; x_wconf 89' lang='lat' dir='ltr'><strong>viro</strong></span> <span class='ocrx_word' id='word_1_290' title='bbox 1390 3544 1796 3619; x_wconf 80' lang='lat' dir='ltr'><strong>perspectum</strong></span> <span class='ocrx_word' id='word_1_291' title='bbox 1841 3544 1968 3611; x_wconf 87' lang='lat' dir='ltr'><strong>est,</strong></span> <span class='ocrx_word' id='word_1_292' title='bbox 2013 3534 2187 3599; x_wconf 85' lang='lat' dir='ltr'><strong>hune</strong></span> <span class='ocrx_word' id='word_1_293' title='bbox 2233 3535 2369 3620; x_wconf 86' lang='lat' dir='ltr'><strong>igni</strong></span> <span class='ocrx_word' id='word_1_294' title='bbox 2404 3546 2759 3622; x_wconf 81' lang='lat' dir='ltr'><strong>spectatum</strong></span> 
     </span>
     <span class='ocr_line' id='line_1_37' title="bbox 712 3623 2763 3714; baseline 0.003 -26"><span class='ocrx_word' id='word_1_295' title='bbox 712 3628 1115 3689; x_wconf 57' lang='lat' dir='ltr'><strong>armi-antur·</strong></span> <span class='ocrx_word' id='word_1_296' title='bbox 1202 3623 1417 3709; x_wconf 86' lang='lat' dir='ltr'><strong>itaque</strong></span> <span class='ocrx_word' id='word_1_297' title='bbox 1478 3627 1589 3690; x_wconf 87' lang='lat' dir='ltr'><strong>illa</strong></span> <span class='ocrx_word' id='word_1_298' title='bbox 1647 3625 1799 3704; x_wconf 87' lang='lat' dir='ltr'><strong>tria,</strong></span> <span class='ocrx_word' id='word_1_299' title='bbox 1869 3649 2034 3710; x_wconf 87' lang='lat' dir='ltr'><strong>quae</strong></span> <span class='ocrx_word' id='word_1_300' title='bbox 2095 3630 2424 3714; x_wconf 88' lang='lat' dir='ltr'><strong>proposita</strong></span> <span class='ocrx_word' id='word_1_301' title='bbox 2476 3631 2763 3695; x_wconf 81' lang='lat' dir='ltr'><strong>suntad</strong></span> 
     </span>
     <span class='ocr_line' id='line_1_38' title="bbox 708 3718 2767 3808; baseline 0.004 -28"><span class='ocrx_word' id='word_1_302' title='bbox 708 3720 1004 3800; x_wconf 59' lang='lat' dir='ltr'><strong>gloriam,</strong></span> <span class='ocrx_word' id='word_1_303' title='bbox 1050 3718 1265 3784; x_wconf 89' lang='lat' dir='ltr'><strong>omnia</strong></span> <span class='ocrx_word' id='word_1_304' title='bbox 1305 3719 1549 3785; x_wconf 90' lang='lat' dir='ltr'><strong>iustitia</strong></span> <span class='ocrx_word' id='word_1_305' title='bbox 1582 3722 1864 3799; x_wconf 84' lang='lat' dir='ltr'><strong>conficit,</strong></span> <span class='ocrx_word' id='word_1_306' title='bbox 1904 3734 1968 3788; x_wconf 88' lang='lat' dir='ltr'><strong>et</strong></span> <span class='ocrx_word' id='word_1_307' title='bbox 2001 3723 2537 3800; x_wconf 85' lang='lat' dir='ltr'><strong>benevolentiam,</strong></span> <span class='ocrx_word' id='word_1_308' title='bbox 2586 3725 2767 3808; x_wconf 88' lang='lat' dir='ltr'><strong>quod</strong></span> 
     </span>
     <span class='ocr_line' id='line_1_39' title="bbox 711 3813 2765 3899; baseline 0.003 -23"><span class='ocrx_word' id='word_1_309' title='bbox 711 3816 1008 3896; x_wconf 60' lang='lat' dir='ltr'><strong>prodesse</strong></span> <span class='ocrx_word' id='word_1_310' title='bbox 1050 3814 1185 3890; x_wconf 87' lang='lat' dir='ltr'><strong>volt</strong></span> <span class='ocrx_word' id='word_1_311' title='bbox 1226 3813 1547 3899; x_wconf 87' lang='lat' dir='ltr'><strong>plurimis,</strong></span> <span class='ocrx_word' id='word_1_312' title='bbox 1602 3828 1668 3882; x_wconf 85' lang='lat' dir='ltr'><strong>et</strong></span> <span class='ocrx_word' id='word_1_313' title='bbox 1713 3817 1796 3882; x_wconf 93' lang='lat' dir='ltr'><strong>ob</strong></span> <span class='ocrx_word' id='word_1_314' title='bbox 1841 3818 2111 3883; x_wconf 88' lang='lat' dir='ltr'><strong>eandem</strong></span> <span class='ocrx_word' id='word_1_315' title='bbox 2155 3840 2414 3884; x_wconf 86' lang='lat' dir='ltr'><strong>causam</strong></span> <span class='ocrx_word' id='word_1_316' title='bbox 2457 3818 2657 3882; x_wconf 84' lang='lat' dir='ltr'><strong>fidem</strong></span> <span class='ocrx_word' id='word_1_317' title='bbox 2699 3829 2765 3883; x_wconf 81' lang='lat' dir='ltr'><strong>et</strong></span> 
     </span>
     <span class='ocr_line' id='line_1_40' title="bbox 712 3907 2760 3999; baseline 0.006 -36"><span class='ocrx_word' id='word_1_318' title='bbox 712 3907 1215 3982; x_wconf 66' lang='lat' dir='ltr'><strong>admirationem,</strong></span> <span class='ocrx_word' id='word_1_319' title='bbox 1254 3909 1431 3991; x_wconf 82' lang='lat' dir='ltr'><strong>quod·</strong></span> <span class='ocrx_word' id='word_1_320' title='bbox 1462 3933 1569 3974; x_wconf 86' lang='lat' dir='ltr'><strong>eas</strong></span> <span class='ocrx_word' id='word_1_321' title='bbox 1605 3934 1708 3975; x_wconf 87' lang='lat' dir='ltr'><strong>res</strong></span> <span class='ocrx_word' id='word_1_322' title='bbox 1745 3912 1987 3997; x_wconf 89' lang='lat' dir='ltr'><strong>spernit</strong></span> <span class='ocrx_word' id='word_1_323' title='bbox 2020 3923 2083 3977; x_wconf 93' lang='lat' dir='ltr'><strong>et</strong></span> <span class='ocrx_word' id='word_1_324' title='bbox 2116 3913 2429 3999; x_wconf 86' lang='lat' dir='ltr'><strong>neglegit,</strong></span> <span class='ocrx_word' id='word_1_325' title='bbox 2477 3912 2569 3978; x_wconf 88' lang='lat' dir='ltr'><strong>ad·</strong></span> <span class='ocrx_word' id='word_1_326' title='bbox 2597 3931 2760 3994; x_wconf 86' lang='lat' dir='ltr'><strong>quas</strong></span> 
     </span>
     <span class='ocr_line' id='line_1_41' title="bbox 708 3999 2121 4092; baseline 0.01 -35"><span class='ocrx_word' id='word_1_327' title='bbox 708 3999 864 4080; x_wconf 63' lang='lat' dir='ltr'><strong>pleri</strong></span> <span class='ocrx_word' id='word_1_328' title='bbox 872 4020 991 4080; x_wconf 85' lang='lat' dir='ltr'><strong>que</strong></span> <span class='ocrx_word' id='word_1_329' title='bbox 1023 4000 1396 4068; x_wconf 86' lang='lat' dir='ltr'><strong>inflammati</strong></span> <span class='ocrx_word' id='word_1_330' title='bbox 1430 4003 1733 4071; x_wconf 86' lang='lat' dir='ltr'><strong>aviditate</strong></span> <span class='ocrx_word' id='word_1_331' title='bbox 1767 4007 2121 4092; x_wconf 88' lang='lat' dir='ltr'><strong>rapiuntur.</strong></span> 
     </span>
    </p>
   </div>
  </div>
 </body>
</html>
