<?xml version="1.0" encoding="UTF-8"?>
<!DOCTYPE html PUBLIC "-//W3C//DTD XHTML 1.0 Transitional//EN"
    "http://www.w3.org/TR/xhtml1/DTD/xhtml1-transitional.dtd">
<html xmlns="http://www.w3.org/1999/xhtml" xml:lang="en" lang="en">
 <head>
  <title>
</title>
<meta http-equiv="Content-Type" content="text/html;charset=utf-8" />
  <meta name='ocr-system' content='tesseract 3.04.00' />
  <meta name='ocr-capabilities' content='ocr_page ocr_carea ocr_par ocr_line ocrx_word'/>
</head>
<body>
  <div class='ocr_page' id='page_1' title='image "./mtulliiciceroni03unkngoog_0392.png"; bbox 0 0 3292 4559; ppageno 0'>
   <div class='ocr_carea' id='block_1_1' title="bbox 719 192 2163 262">
    <p class='ocr_par' dir='ltr' id='par_1_1' title="bbox 719 192 2163 262">
     <span class='ocr_line' id='line_1_1' title="bbox 719 192 2163 262; baseline -0.008 0"><span class='ocrx_word' id='word_1_1' title='bbox 719 195 807 262; x_wconf 85' lang='lat'>34</span> <span class='ocrx_word' id='word_1_2' title='bbox 1336 202 1412 257; x_wconf 87' lang='lat' dir='ltr'>M.</span> <span class='ocrx_word' id='word_1_3' title='bbox 1450 197 1726 257; x_wconf 88' lang='lat' dir='ltr'>TULLII</span> <span class='ocrx_word' id='word_1_4' title='bbox 1762 192 2163 252; x_wconf 82' lang='lat' dir='ltr'>CICERONIS</span> 
     </span>
    </p>
   </div>
   <div class='ocr_carea' id='block_1_2' title="bbox 613 315 2974 4091">
    <p class='ocr_par' dir='ltr' id='par_1_2' title="bbox 613 315 2974 4091">
     <span class='ocr_line' id='line_1_2' title="bbox 716 315 2778 418; baseline -0.011 -19"><span class='ocrx_word' id='word_1_5' title='bbox 716 353 911 418; x_wconf 86' lang='lat' dir='ltr'>quam</span> <span class='ocrx_word' id='word_1_6' title='bbox 946 338 1041 396; x_wconf 86' lang='lat' dir='ltr'>est</span> <span class='ocrx_word' id='word_1_7' title='bbox 1076 327 1398 402; x_wconf 90' lang='lat' dir='ltr'>decorum,</span> <span class='ocrx_word' id='word_1_8' title='bbox 1432 323 1590 388; x_wconf 85' lang='lat' dir='ltr'><strong>nihil</strong></span> <span class='ocrx_word' id='word_1_9' title='bbox 1626 331 1724 387; x_wconf 88' lang='lat' dir='ltr'>est</span> <span class='ocrx_word' id='word_1_10' title='bbox 1756 318 2043 408; x_wconf 84' lang='lat' dir='ltr'>profecto</span> <span class='ocrx_word' id='word_1_11' title='bbox 2079 315 2285 402; x_wconf 83' lang='lat' dir='ltr'>magis</span> <span class='ocrx_word' id='word_1_12' title='bbox 2314 337 2509 399; x_wconf 88' lang='lat' dir='ltr'>quam</span> <span class='ocrx_word' id='word_1_13' title='bbox 2537 334 2778 397; x_wconf 84' lang='lat' dir='ltr'>aequa-</span> 
     </span>
     <span class='ocr_line' id='line_1_3' title="bbox 715 408 2780 498; baseline -0.009 -5"><span class='ocrx_word' id='word_1_14' title='bbox 715 427 929 492; x_wconf 82' lang='lat' dir='ltr'><strong>bilitas</strong></span> <span class='ocrx_word' id='word_1_15' title='bbox 974 447 1107 488; x_wconf 79' lang='lat' dir='ltr'>cum</span> <span class='ocrx_word' id='word_1_16' title='bbox 1152 419 1489 486; x_wconf 83' lang='lat' dir='ltr'>universae</span> <span class='ocrx_word' id='word_1_17' title='bbox 1535 417 1736 493; x_wconf 83' lang='lat' dir='ltr'>vitae,</span> <span class='ocrx_word' id='word_1_18' title='bbox 1782 426 1921 479; x_wconf 91' lang='lat' dir='ltr'>tum</span> <span class='ocrx_word' id='word_1_19' title='bbox 1977 412 2375 498; x_wconf 88' lang='lat' dir='ltr'>singularum</span> <span class='ocrx_word' id='word_1_20' title='bbox 2427 408 2780 484; x_wconf 85' lang='lat' dir='ltr'>actionum,</span> 
     </span>
     <span class='ocr_line' id='line_1_4' title="bbox 716 503 2781 609; baseline -0.011 -19"><span class='ocrx_word' id='word_1_21' title='bbox 716 546 914 609; x_wconf 90' lang='lat' dir='ltr'>quam</span> <span class='ocrx_word' id='word_1_22' title='bbox 950 539 1327 586; x_wconf 84' lang='lat' dir='ltr'>conservare</span> <span class='ocrx_word' id='word_1_23' title='bbox 1360 536 1492 580; x_wconf 89' lang='lat' dir='ltr'>non</span> <span class='ocrx_word' id='word_1_24' title='bbox 1526 513 1753 600; x_wconf 89' lang='lat' dir='ltr'>possis,</span> <span class='ocrx_word' id='word_1_25' title='bbox 1791 512 1846 575; x_wconf 90' lang='lat' dir='ltr'>si</span> <span class='ocrx_word' id='word_1_26' title='bbox 1882 510 2154 576; x_wconf 87' lang='lat' dir='ltr'>aliorum</span> <span class='ocrx_word' id='word_1_27' title='bbox 2187 518 2482 572; x_wconf 90' lang='lat' dir='ltr'>naturam</span> <span class='ocrx_word' id='word_1_28' title='bbox 2516 503 2781 568; x_wconf 89' lang='lat' dir='ltr'>imitans</span> 
     </span>
     <span class='ocr_line' id='line_1_5' title="bbox 718 595 2784 683; baseline -0.011 0"><span class='ocrx_word' id='word_1_29' title='bbox 718 617 972 683; x_wconf 88' lang='lat' dir='ltr'>omittas</span> <span class='ocrx_word' id='word_1_30' title='bbox 1024 626 1221 679; x_wconf 88' lang='lat' dir='ltr'>tuam.</span> <span class='ocrx_word' id='word_1_31' title='bbox 1310 621 1382 675; x_wconf 87' lang='lat' dir='ltr'>ut</span> <span class='ocrx_word' id='word_1_32' title='bbox 1436 609 1606 674; x_wconf 91' lang='lat' dir='ltr'>enim</span> <span class='ocrx_word' id='word_1_33' title='bbox 1659 626 1951 672; x_wconf 90' lang='lat' dir='ltr'>sermone</span> <span class='ocrx_word' id='word_1_34' title='bbox 2003 625 2079 669; x_wconf 92' lang='lat' dir='ltr'>eo</span> <span class='ocrx_word' id='word_1_35' title='bbox 2133 602 2438 667; x_wconf 78' lang='lat' dir='ltr'>debemus</span> <span class='ocrx_word' id='word_1_36' title='bbox 2492 598 2619 674; x_wconf 88' lang='lat' dir='ltr'>uti,</span> <span class='ocrx_word' id='word_1_37' title='bbox 2666 595 2784 682; x_wconf 90' lang='lat' dir='ltr'>qui</span> 
     </span>
     <span class='ocr_line' id='line_1_6' title="bbox 715 693 2783 786; baseline -0.012 -8"><span class='ocrx_word' id='word_1_38' title='bbox 715 715 971 778; x_wconf 86' lang='lat' dir='ltr'>innatus</span> <span class='ocrx_word' id='word_1_39' title='bbox 1008 719 1105 775; x_wconf 91' lang='lat' dir='ltr'>est</span> <span class='ocrx_word' id='word_1_40' title='bbox 1136 707 1343 783; x_wconf 75' lang='lat' dir='ltr'>nobiS,</span> <span class='ocrx_word' id='word_1_41' title='bbox 1380 727 1482 780; x_wconf 90' lang='lat' dir='ltr'>ne,</span> <span class='ocrx_word' id='word_1_42' title='bbox 1518 714 1592 768; x_wconf 92' lang='lat' dir='ltr'>ut</span> <span class='ocrx_word' id='word_1_43' title='bbox 1626 701 1890 786; x_wconf 90' lang='lat' dir='ltr'>quidam</span> <span class='ocrx_word' id='word_1_44' title='bbox 1929 697 2183 764; x_wconf 85' lang='lat' dir='ltr'>Graeca</span> <span class='ocrx_word' id='word_1_45' title='bbox 2218 695 2416 760; x_wconf 83' lang='lat' dir='ltr'>verba</span> <span class='ocrx_word' id='word_1_46' title='bbox 2449 693 2783 757; x_wconf 89' lang='lat' dir='ltr'>inculcan-</span> 
     </span>
     <span class='ocr_line' id='line_1_7' title="bbox 718 791 2781 888; baseline -0.009 -17"><span class='ocrx_word' id='word_1_47' title='bbox 718 819 847 885; x_wconf 87' lang='lat' dir='ltr'>tes,</span> <span class='ocrx_word' id='word_1_48' title='bbox 899 807 1037 870; x_wconf 89' lang='lat' dir='ltr'>iure</span> <span class='ocrx_word' id='word_1_49' title='bbox 1090 803 1330 888; x_wconf 91' lang='lat' dir='ltr'>optimo</span> <span class='ocrx_word' id='word_1_50' title='bbox 1383 799 1735 873; x_wconf 89' lang='lat' dir='ltr'>rideamur,</span> <span class='ocrx_word' id='word_1_51' title='bbox 1791 795 1882 860; x_wconf 90' lang='lat' dir='ltr'>sic</span> <span class='ocrx_word' id='word_1_52' title='bbox 1933 792 2002 858; x_wconf 89' lang='lat' dir='ltr'>in</span> <span class='ocrx_word' id='word_1_53' title='bbox 2057 791 2337 857; x_wconf 81' lang='lat' dir='ltr'>actiones</span> <span class='ocrx_word' id='word_1_54' title='bbox 2391 808 2781 870; x_wconf 88' lang='lat' dir='ltr'>omnemque</span> 
     </span>
     <span class='ocr_line' id='line_1_8' title="bbox 617 885 2781 979; baseline -0.009 -17"><span class='ocrx_word' id='word_1_55' title='bbox 617 924 693 963; x_wconf 77' lang='lat'>112</span> <span class='ocrx_word' id='word_1_56' title='bbox 720 902 919 966; x_wconf 78' lang='lat' dir='ltr'>vitam</span> <span class='ocrx_word' id='word_1_57' title='bbox 970 899 1213 964; x_wconf 90' lang='lat' dir='ltr'>nullam</span> <span class='ocrx_word' id='word_1_58' title='bbox 1265 892 1758 979; x_wconf 77' lang='lat' dir='ltr'><strong>discrepantiam</strong></span> <span class='ocrx_word' id='word_1_59' title='bbox 1808 888 2099 954; x_wconf 88' lang='lat' dir='ltr'>conferre</span> <span class='ocrx_word' id='word_1_60' title='bbox 2154 885 2481 951; x_wconf 88' lang='lat' dir='ltr'>debemus.</span> <span class='ocrx_word' id='word_1_61' title='bbox 2584 893 2781 964; x_wconf 89' lang='lat' dir='ltr'>atque</span> 
     </span>
     <span class='ocr_line' id='line_1_9' title="bbox 718 979 2782 1062; baseline -0.01 -2"><span class='ocrx_word' id='word_1_62' title='bbox 718 997 877 1062; x_wconf 89' lang='lat' dir='ltr'>haec</span> <span class='ocrx_word' id='word_1_63' title='bbox 929 991 1289 1061; x_wconf 85' lang='lat' dir='ltr'>differentia</span> <span class='ocrx_word' id='word_1_64' title='bbox 1340 999 1714 1054; x_wconf 90' lang='lat' dir='ltr'>naturarum</span> <span class='ocrx_word' id='word_1_65' title='bbox 1767 995 2012 1050; x_wconf 87' lang='lat' dir='ltr'>tantam</span> <span class='ocrx_word' id='word_1_66' title='bbox 2064 982 2260 1046; x_wconf 89' lang='lat' dir='ltr'>habet</span> <span class='ocrx_word' id='word_1_67' title='bbox 2309 979 2470 1054; x_wconf 87' lang='lat' dir='ltr'>vim,</span> <span class='ocrx_word' id='word_1_68' title='bbox 2522 989 2596 1042; x_wconf 91' lang='lat' dir='ltr'>ut</span> <span class='ocrx_word' id='word_1_69' title='bbox 2646 998 2782 1042; x_wconf 87' lang='lat' dir='ltr'>non</span> 
     </span>
     <span class='ocr_line' id='line_1_10' title="bbox 717 1072 2779 1173; baseline -0.009 -19"><span class='ocrx_word' id='word_1_70' title='bbox 717 1111 1068 1173; x_wconf 87' lang='lat' dir='ltr'><strong>numquam</strong></span> <span class='ocrx_word' id='word_1_71' title='bbox 1128 1094 1396 1150; x_wconf 89' lang='lat' dir='ltr'>mortem</span> <span class='ocrx_word' id='word_1_72' title='bbox 1460 1082 1582 1147; x_wconf 88' lang='lat' dir='ltr'>sibi</span> <span class='ocrx_word' id='word_1_73' title='bbox 1644 1082 1783 1166; x_wconf 89' lang='lat' dir='ltr'>ipse</span> <span class='ocrx_word' id='word_1_74' title='bbox 1845 1077 2235 1144; x_wconf 76' lang='lat' dir='ltr'>consciscere</span> <span class='ocrx_word' id='word_1_75' title='bbox 2301 1075 2464 1138; x_wconf 90' lang='lat' dir='ltr'>alius</span> <span class='ocrx_word' id='word_1_76' title='bbox 2525 1072 2779 1148; x_wconf 87' lang='lat' dir='ltr'>debeat,</span> 
     </span>
     <span class='ocr_line' id='line_1_11' title="bbox 720 1167 2781 1266; baseline -0.009 -19"><span class='ocrx_word' id='word_1_77' title='bbox 720 1183 880 1247; x_wconf 86' lang='lat' dir='ltr'>alius</span> <span class='ocrx_word' id='word_1_78' title='bbox 928 1179 1027 1266; x_wconf 90' lang='lat' dir='ltr'>[in</span> <span class='ocrx_word' id='word_1_79' title='bbox 1069 1178 1295 1245; x_wconf 89' lang='lat' dir='ltr'>eadem</span> <span class='ocrx_word' id='word_1_80' title='bbox 1339 1173 1565 1260; x_wconf 90' lang='lat' dir='ltr'>causa]</span> <span class='ocrx_word' id='word_1_81' title='bbox 1612 1197 1742 1239; x_wconf 92' lang='lat' dir='ltr'>non</span> <span class='ocrx_word' id='word_1_82' title='bbox 1788 1173 2038 1239; x_wconf 79' lang='lat' dir='ltr'>debeat.</span> <span class='ocrx_word' id='word_1_83' title='bbox 2125 1192 2282 1235; x_wconf 90' lang='lat' dir='ltr'>num</span> <span class='ocrx_word' id='word_1_84' title='bbox 2327 1169 2497 1234; x_wconf 88' lang='lat' dir='ltr'>enim</span> <span class='ocrx_word' id='word_1_85' title='bbox 2539 1167 2665 1231; x_wconf 89' lang='lat' dir='ltr'>alia</span> <span class='ocrx_word' id='word_1_86' title='bbox 2707 1167 2781 1230; x_wconf 92' lang='lat' dir='ltr'>in</span> 
     </span>
     <span class='ocr_line' id='line_1_12' title="bbox 720 1258 2784 1352; baseline -0.007 -13"><span class='ocrx_word' id='word_1_87' title='bbox 720 1297 914 1340; x_wconf 87' lang='lat' dir='ltr'>causa</span> <span class='ocrx_word' id='word_1_88' title='bbox 949 1274 1047 1336; x_wconf 89' lang='lat' dir='ltr'>M.</span> <span class='ocrx_word' id='word_1_89' title='bbox 1087 1269 1253 1337; x_wconf 86' lang='lat' dir='ltr'>Cato</span> <span class='ocrx_word' id='word_1_90' title='bbox 1290 1271 1441 1347; x_wconf 77' lang='lat' dir='ltr'>fuit,</span> <span class='ocrx_word' id='word_1_91' title='bbox 1478 1271 1603 1334; x_wconf 89' lang='lat' dir='ltr'>alia</span> <span class='ocrx_word' id='word_1_92' title='bbox 1639 1268 1860 1345; x_wconf 88' lang='lat' dir='ltr'>ceteri,</span> <span class='ocrx_word' id='word_1_93' title='bbox 1897 1266 2009 1352; x_wconf 91' lang='lat' dir='ltr'>qui</span> <span class='ocrx_word' id='word_1_94' title='bbox 2044 1289 2112 1331; x_wconf 88' lang='lat' dir='ltr'>se</span> <span class='ocrx_word' id='word_1_95' title='bbox 2144 1265 2214 1328; x_wconf 89' lang='lat' dir='ltr'>in</span> <span class='ocrx_word' id='word_1_96' title='bbox 2247 1263 2476 1351; x_wconf 78' lang='lat' dir='ltr'>Africa</span> <span class='ocrx_word' id='word_1_97' title='bbox 2511 1258 2784 1326; x_wconf 83' lang='lat' dir='ltr'>Caesari</span> 
     </span>
     <span class='ocr_line' id='line_1_13' title="bbox 720 1357 2783 1451; baseline -0.006 -19"><span class='ocrx_word' id='word_1_98' title='bbox 720 1366 1150 1451; x_wconf 81' lang='lat' dir='ltr'>tradiderunt?</span> <span class='ocrx_word' id='word_1_99' title='bbox 1238 1364 1419 1448; x_wconf 90' lang='lat' dir='ltr'>atqui</span> <span class='ocrx_word' id='word_1_100' title='bbox 1454 1363 1678 1429; x_wconf 89' lang='lat' dir='ltr'>ceteris</span> <span class='ocrx_word' id='word_1_101' title='bbox 1715 1362 1983 1426; x_wconf 86' lang='lat' dir='ltr'>forsitan</span> <span class='ocrx_word' id='word_1_102' title='bbox 2019 1359 2174 1424; x_wconf 86' lang='lat' dir='ltr'>vitio</span> <span class='ocrx_word' id='word_1_103' title='bbox 2211 1358 2432 1423; x_wconf 88' lang='lat' dir='ltr'>datum</span> <span class='ocrx_word' id='word_1_104' title='bbox 2477 1367 2673 1433; x_wconf 90' lang='lat' dir='ltr'>esset,</span> <span class='ocrx_word' id='word_1_105' title='bbox 2723 1357 2783 1420; x_wconf 90' lang='lat' dir='ltr'>si</span> 
     </span>
     <span class='ocr_line' id='line_1_14' title="bbox 720 1452 2783 1545; baseline -0.005 -18"><span class='ocrx_word' id='word_1_106' title='bbox 720 1484 787 1527; x_wconf 87' lang='lat' dir='ltr'>se</span> <span class='ocrx_word' id='word_1_107' title='bbox 830 1459 1325 1538; x_wconf 76' lang='lat' dir='ltr'>interemissent,</span> <span class='ocrx_word' id='word_1_108' title='bbox 1379 1469 1720 1545; x_wconf 86' lang='lat' dir='ltr'>propterea</span> <span class='ocrx_word' id='word_1_109' title='bbox 1771 1456 1947 1540; x_wconf 91' lang='lat' dir='ltr'>quod</span> <span class='ocrx_word' id='word_1_110' title='bbox 1998 1454 2201 1520; x_wconf 89' lang='lat' dir='ltr'>lenior</span> <span class='ocrx_word' id='word_1_111' title='bbox 2254 1475 2475 1518; x_wconf 90' lang='lat' dir='ltr'>eorum</span> <span class='ocrx_word' id='word_1_112' title='bbox 2526 1452 2662 1516; x_wconf 88' lang='lat' dir='ltr'>vita</span> <span class='ocrx_word' id='word_1_113' title='bbox 2715 1462 2783 1516; x_wconf 84' lang='lat' dir='ltr'>et</span> 
     </span>
     <span class='ocr_line' id='line_1_15' title="bbox 720 1545 2783 1620; baseline -0.005 0"><span class='ocrx_word' id='word_1_114' title='bbox 720 1576 927 1620; x_wconf 87' lang='lat' dir='ltr'>mores</span> <span class='ocrx_word' id='word_1_115' title='bbox 981 1553 1239 1619; x_wconf 86' lang='lat' dir='ltr'>fuerant</span> <span class='ocrx_word' id='word_1_116' title='bbox 1290 1552 1634 1617; x_wconf 76' lang='lat' dir='ltr'>facilioresz</span> <span class='ocrx_word' id='word_1_117' title='bbox 1692 1547 1926 1614; x_wconf 84' lang='lat' dir='ltr'>Catoni</span> <span class='ocrx_word' id='word_1_118' title='bbox 1979 1571 2128 1614; x_wconf 89' lang='lat' dir='ltr'>cum</span> <span class='ocrx_word' id='word_1_119' title='bbox 2181 1547 2623 1612; x_wconf 85' lang='lat' dir='ltr'>incredibilem</span> <span class='ocrx_word' id='word_1_120' title='bbox 2668 1545 2783 1610; x_wconf 89' lang='lat' dir='ltr'>tri-</span> 
     </span>
     <span class='ocr_line' id='line_1_16' title="bbox 721 1644 2783 1733; baseline -0.005 -19"><span class='ocrx_word' id='word_1_121' title='bbox 721 1649 964 1714; x_wconf 89' lang='lat' dir='ltr'>buisset</span> <span class='ocrx_word' id='word_1_122' title='bbox 1014 1659 1245 1713; x_wconf 88' lang='lat' dir='ltr'>natura</span> <span class='ocrx_word' id='word_1_123' title='bbox 1295 1646 1704 1733; x_wconf 84' lang='lat' dir='ltr'>gravitatem,</span> <span class='ocrx_word' id='word_1_124' title='bbox 1759 1664 2027 1727; x_wconf 90' lang='lat' dir='ltr'>eamque</span> <span class='ocrx_word' id='word_1_125' title='bbox 2081 1644 2219 1728; x_wconf 91' lang='lat' dir='ltr'>ipse</span> <span class='ocrx_word' id='word_1_126' title='bbox 2271 1652 2582 1727; x_wconf 87' lang='lat' dir='ltr'>perpetua</span> <span class='ocrx_word' id='word_1_127' title='bbox 2627 1661 2783 1705; x_wconf 89' lang='lat' dir='ltr'>con-</span> 
     </span>
     <span class='ocr_line' id='line_1_17' title="bbox 722 1738 2781 1826; baseline -0.004 -18"><span class='ocrx_word' id='word_1_128' title='bbox 722 1745 953 1808; x_wconf 86' lang='lat' dir='ltr'>stantia</span> <span class='ocrx_word' id='word_1_129' title='bbox 997 1742 1425 1808; x_wconf 85' lang='lat' dir='ltr'>roboravisset</span> <span class='ocrx_word' id='word_1_130' title='bbox 1468 1761 1844 1826; x_wconf 89' lang='lat' dir='ltr'>semperque</span> <span class='ocrx_word' id='word_1_131' title='bbox 1886 1739 1957 1803; x_wconf 93' lang='lat' dir='ltr'>in</span> <span class='ocrx_word' id='word_1_132' title='bbox 1991 1738 2315 1824; x_wconf 89' lang='lat' dir='ltr'>proposito</span> <span class='ocrx_word' id='word_1_133' title='bbox 2351 1747 2781 1822; x_wconf 89' lang='lat' dir='ltr'>susceptoque</span> 
     </span>
     <span class='ocr_line' id='line_1_18' title="bbox 722 1831 2783 1924; baseline -0.004 -21"><span class='ocrx_word' id='word_1_134' title='bbox 722 1838 983 1904; x_wconf 89' lang='lat' dir='ltr'>consilio</span> <span class='ocrx_word' id='word_1_135' title='bbox 1027 1837 1506 1924; x_wconf 87' lang='lat' dir='ltr'>permansisset,</span> <span class='ocrx_word' id='word_1_136' title='bbox 1561 1834 1962 1899; x_wconf 91' lang='lat' dir='ltr'>moriendum</span> <span class='ocrx_word' id='word_1_137' title='bbox 2006 1832 2218 1918; x_wconf 90' lang='lat' dir='ltr'>potius</span> <span class='ocrx_word' id='word_1_138' title='bbox 2272 1855 2469 1916; x_wconf 88' lang='lat' dir='ltr'>quam</span> <span class='ocrx_word' id='word_1_139' title='bbox 2522 1831 2783 1916; x_wconf 85' lang='lat' dir='ltr'>tyranni</span> 
     </span>
     <span class='ocr_line' id='line_1_19' title="bbox 620 1926 2786 2017; baseline -0.003 -18"><span class='ocrx_word' id='word_1_140' title='bbox 620 1959 697 1999; x_wconf 80' lang='lat'>113</span> <span class='ocrx_word' id='word_1_141' title='bbox 722 1933 932 1999; x_wconf 84' lang='lat' dir='ltr'>voltus</span> <span class='ocrx_word' id='word_1_142' title='bbox 978 1931 1380 2017; x_wconf 89' lang='lat' dir='ltr'>aspiciendus</span> <span class='ocrx_word' id='word_1_143' title='bbox 1425 1930 1567 1995; x_wconf 85' lang='lat' dir='ltr'>fuit.</span> <span class='ocrx_word' id='word_1_144' title='bbox 1657 1951 1854 2014; x_wconf 91' lang='lat' dir='ltr'>quam</span> <span class='ocrx_word' id='word_1_145' title='bbox 1896 1928 2099 1993; x_wconf 87' lang='lat' dir='ltr'>multa</span> <span class='ocrx_word' id='word_1_146' title='bbox 2140 1950 2367 2013; x_wconf 80' lang='lat' dir='ltr'>passus</span> <span class='ocrx_word' id='word_1_147' title='bbox 2415 1939 2513 1992; x_wconf 91' lang='lat' dir='ltr'>est</span> <span class='ocrx_word' id='word_1_148' title='bbox 2545 1926 2786 1993; x_wconf 86' lang='lat' dir='ltr'>Ulixes</span> 
     </span>
     <span class='ocr_line' id='line_1_20' title="bbox 720 2019 2788 2101; baseline -0.001 -10"><span class='ocrx_word' id='word_1_149' title='bbox 720 2028 788 2091; x_wconf 89' lang='lat' dir='ltr'>in</span> <span class='ocrx_word' id='word_1_150' title='bbox 830 2027 939 2091; x_wconf 90' lang='lat' dir='ltr'>illo</span> <span class='ocrx_word' id='word_1_151' title='bbox 985 2047 1196 2092; x_wconf 85' lang='lat' dir='ltr'>errore</span> <span class='ocrx_word' id='word_1_152' title='bbox 1245 2025 1573 2101; x_wconf 91' lang='lat' dir='ltr'>diuturno,</span> <span class='ocrx_word' id='word_1_153' title='bbox 1630 2046 1778 2089; x_wconf 90' lang='lat' dir='ltr'>cum</span> <span class='ocrx_word' id='word_1_154' title='bbox 1822 2034 1887 2088; x_wconf 91' lang='lat' dir='ltr'>et</span> <span class='ocrx_word' id='word_1_155' title='bbox 1926 2022 2330 2098; x_wconf 91' lang='lat' dir='ltr'>mulieribus,</span> <span class='ocrx_word' id='word_1_156' title='bbox 2377 2021 2433 2086; x_wconf 91' lang='lat' dir='ltr'>si</span> <span class='ocrx_word' id='word_1_157' title='bbox 2479 2019 2675 2089; x_wconf 87' lang='lat' dir='ltr'>Circe</span> <span class='ocrx_word' id='word_1_158' title='bbox 2721 2034 2788 2088; x_wconf 93' lang='lat' dir='ltr'>et</span> 
     </span>
     <span class='ocr_line' id='line_1_21' title="bbox 724 2117 2785 2205; baseline -0.002 -18"><span class='ocrx_word' id='word_1_159' title='bbox 724 2119 1005 2205; x_wconf 84' lang='lat' dir='ltr'>Calypso</span> <span class='ocrx_word' id='word_1_160' title='bbox 1043 2120 1339 2184; x_wconf 89' lang='lat' dir='ltr'>mulieres</span> <span class='ocrx_word' id='word_1_161' title='bbox 1376 2119 1796 2204; x_wconf 87' lang='lat' dir='ltr'>appellandae</span> <span class='ocrx_word' id='word_1_162' title='bbox 1833 2128 2000 2195; x_wconf 91' lang='lat' dir='ltr'>sunt,</span> <span class='ocrx_word' id='word_1_163' title='bbox 2035 2117 2373 2182; x_wconf 84' lang='lat' dir='ltr'>inserviret</span> <span class='ocrx_word' id='word_1_164' title='bbox 2409 2127 2472 2182; x_wconf 91' lang='lat' dir='ltr'>et</span> <span class='ocrx_word' id='word_1_165' title='bbox 2506 2117 2576 2182; x_wconf 89' lang='lat' dir='ltr'>in</span> <span class='ocrx_word' id='word_1_166' title='bbox 2606 2119 2785 2182; x_wconf 87' lang='lat' dir='ltr'>omni</span> 
     </span>
     <span class='ocr_line' id='line_1_22' title="bbox 723 2210 2784 2280; baseline -0.001 -1"><span class='ocrx_word' id='word_1_167' title='bbox 723 2236 1011 2280; x_wconf 86' lang='lat' dir='ltr'>sermone</span> <span class='ocrx_word' id='word_1_168' title='bbox 1066 2212 1361 2277; x_wconf 90' lang='lat' dir='ltr'>omnibus</span> <span class='ocrx_word' id='word_1_169' title='bbox 1417 2212 1764 2278; x_wconf 86' lang='lat' dir='ltr'>adfabilem</span> <span class='ocrx_word' id='word_1_170' title='bbox 1819 2233 1958 2278; x_wconf 91' lang='lat' dir='ltr'>esse</span> <span class='ocrx_word' id='word_1_171' title='bbox 2003 2235 2072 2278; x_wconf 89' lang='lat' dir='ltr'>se</span> <span class='ocrx_word' id='word_1_172' title='bbox 2116 2211 2333 2276; x_wconf 77' lang='lat' dir='ltr'>vellet!</span> <span class='ocrx_word' id='word_1_173' title='bbox 2407 2210 2582 2275; x_wconf 88' lang='lat' dir='ltr'>domi</span> <span class='ocrx_word' id='word_1_174' title='bbox 2627 2234 2784 2277; x_wconf 84' lang='lat' dir='ltr'>vero</span> 
     </span>
     <span class='ocr_line' id='line_1_23' title="bbox 722 2306 2783 2392; baseline -0.002 -18"><span class='ocrx_word' id='word_1_175' title='bbox 722 2309 914 2374; x_wconf 90' lang='lat' dir='ltr'>etiam</span> <span class='ocrx_word' id='word_1_176' title='bbox 968 2306 1382 2371; x_wconf 89' lang='lat' dir='ltr'>contumelias</span> <span class='ocrx_word' id='word_1_177' title='bbox 1436 2329 1767 2371; x_wconf 90' lang='lat' dir='ltr'>servorum</span> <span class='ocrx_word' id='word_1_178' title='bbox 1811 2306 2314 2391; x_wconf 86' lang='lat' dir='ltr'>ancillarumque</span> <span class='ocrx_word' id='word_1_179' title='bbox 2358 2307 2652 2392; x_wconf 89' lang='lat' dir='ltr'>pertulit,</span> <span class='ocrx_word' id='word_1_180' title='bbox 2708 2318 2783 2371; x_wconf 90' lang='lat' dir='ltr'>ut</span> 
     </span>
     <span class='ocr_line' id='line_1_24' title="bbox 722 2400 2780 2485; baseline 0 -20"><span class='ocrx_word' id='word_1_181' title='bbox 722 2401 804 2466; x_wconf 89' lang='lat' dir='ltr'>ad</span> <span class='ocrx_word' id='word_1_182' title='bbox 838 2400 906 2463; x_wconf 92' lang='lat' dir='ltr'>id</span> <span class='ocrx_word' id='word_1_183' title='bbox 942 2400 1313 2483; x_wconf 90' lang='lat' dir='ltr'>aliquando,</span> <span class='ocrx_word' id='word_1_184' title='bbox 1358 2400 1533 2483; x_wconf 88' lang='lat' dir='ltr'>quod</span> <span class='ocrx_word' id='word_1_185' title='bbox 1569 2400 1898 2485; x_wconf 88' lang='lat' dir='ltr'>cupiebat,</span> <span class='ocrx_word' id='word_1_186' title='bbox 1944 2400 2206 2467; x_wconf 56' lang='lat' dir='ltr'>veniret„</span> <span class='ocrx_word' id='word_1_187' title='bbox 2296 2412 2363 2465; x_wconf 89' lang='lat' dir='ltr'>at</span> <span class='ocrx_word' id='word_1_188' title='bbox 2395 2400 2602 2476; x_wconf 82' lang='lat' dir='ltr'>Aiax,</span> <span class='ocrx_word' id='word_1_189' title='bbox 2649 2423 2780 2484; x_wconf 89' lang='lat' dir='ltr'>quo</span> 
     </span>
     <span class='ocr_line' id='line_1_25' title="bbox 721 2494 2785 2581; baseline 0 -23"><span class='ocrx_word' id='word_1_190' title='bbox 721 2495 930 2558; x_wconf 89' lang='lat' dir='ltr'>animo</span> <span class='ocrx_word' id='word_1_191' title='bbox 966 2494 1256 2571; x_wconf 86' lang='lat' dir='ltr'>traditur,</span> <span class='ocrx_word' id='word_1_192' title='bbox 1292 2494 1495 2559; x_wconf 89' lang='lat' dir='ltr'>milies</span> <span class='ocrx_word' id='word_1_193' title='bbox 1532 2506 1832 2581; x_wconf 88' lang='lat' dir='ltr'>oppetere</span> <span class='ocrx_word' id='word_1_194' title='bbox 1867 2505 2138 2560; x_wconf 88' lang='lat' dir='ltr'>mortem</span> <span class='ocrx_word' id='word_1_195' title='bbox 2172 2517 2366 2578; x_wconf 88' lang='lat' dir='ltr'>quam</span> <span class='ocrx_word' id='word_1_196' title='bbox 2392 2496 2502 2560; x_wconf 91' lang='lat' dir='ltr'>illa</span> <span class='ocrx_word' id='word_1_197' title='bbox 2529 2494 2785 2581; x_wconf 86' lang='lat' dir='ltr'>perpeti</span> 
     </span>
     <span class='ocr_line' id='line_1_26' title="bbox 720 2586 2782 2675; baseline 0 -23"><span class='ocrx_word' id='word_1_198' title='bbox 720 2586 1063 2655; x_wconf 86' lang='lat' dir='ltr'>maluisset.</span> <span class='ocrx_word' id='word_1_199' title='bbox 1136 2611 1300 2672; x_wconf 91' lang='lat' dir='ltr'>quae</span> <span class='ocrx_word' id='word_1_200' title='bbox 1338 2589 1824 2675; x_wconf 88' lang='lat' dir='ltr'>contemplantis</span> <span class='ocrx_word' id='word_1_201' title='bbox 1862 2589 2220 2675; x_wconf 85' lang='lat' dir='ltr'>expendere</span> <span class='ocrx_word' id='word_1_202' title='bbox 2248 2589 2582 2675; x_wconf 89' lang='lat' dir='ltr'>oportebit,</span> <span class='ocrx_word' id='word_1_203' title='bbox 2621 2588 2782 2673; x_wconf 86' lang='lat' dir='ltr'>quid</span> 
     </span>
     <span class='ocr_line' id='line_1_27' title="bbox 719 2682 2778 2769; baseline 0 -21"><span class='ocrx_word' id='word_1_204' title='bbox 719 2683 989 2767; x_wconf 91' lang='lat' dir='ltr'>quisque</span> <span class='ocrx_word' id='word_1_205' title='bbox 1034 2683 1269 2749; x_wconf 89' lang='lat' dir='ltr'>habeat</span> <span class='ocrx_word' id='word_1_206' title='bbox 1310 2682 1437 2761; x_wconf 91' lang='lat' dir='ltr'>sui,</span> <span class='ocrx_word' id='word_1_207' title='bbox 1494 2705 1699 2768; x_wconf 91' lang='lat' dir='ltr'>eaque</span> <span class='ocrx_word' id='word_1_208' title='bbox 1743 2685 2059 2749; x_wconf 87' lang='lat' dir='ltr'>moderari</span> <span class='ocrx_word' id='word_1_209' title='bbox 2102 2706 2223 2749; x_wconf 90' lang='lat' dir='ltr'>nec</span> <span class='ocrx_word' id='word_1_210' title='bbox 2267 2684 2429 2749; x_wconf 89' lang='lat' dir='ltr'>velle</span> <span class='ocrx_word' id='word_1_211' title='bbox 2476 2683 2778 2769; x_wconf 87' lang='lat' dir='ltr'>experiri,</span> 
     </span>
     <span class='ocr_line' id='line_1_28' title="bbox 718 2777 2779 2862; baseline 0 -20"><span class='ocrx_word' id='word_1_212' title='bbox 718 2800 913 2862; x_wconf 90' lang='lat' dir='ltr'>quam</span> <span class='ocrx_word' id='word_1_213' title='bbox 958 2801 1027 2844; x_wconf 89' lang='lat' dir='ltr'>se</span> <span class='ocrx_word' id='word_1_214' title='bbox 1069 2777 1277 2842; x_wconf 86' lang='lat' dir='ltr'>aliena</span> <span class='ocrx_word' id='word_1_215' title='bbox 1322 2777 1617 2855; x_wconf 86' lang='lat' dir='ltr'>deceant;</span> <span class='ocrx_word' id='word_1_216' title='bbox 1654 2779 1723 2843; x_wconf 90' lang='lat' dir='ltr'>id</span> <span class='ocrx_word' id='word_1_217' title='bbox 1765 2779 1936 2844; x_wconf 90' lang='lat' dir='ltr'>enim</span> <span class='ocrx_word' id='word_1_218' title='bbox 1970 2801 2270 2843; x_wconf 85' lang='lat' dir='ltr'>maxume</span> <span class='ocrx_word' id='word_1_219' title='bbox 2306 2799 2629 2862; x_wconf 89' lang='lat' dir='ltr'>quemque</span> <span class='ocrx_word' id='word_1_220' title='bbox 2667 2779 2779 2843; x_wconf 89' lang='lat' dir='ltr'>de-</span> 
     </span>
     <span class='ocr_line' id='line_1_29' title="bbox 613 2872 2777 2959; baseline 0.001 -24"><span class='ocrx_word' id='word_1_221' title='bbox 613 2897 692 2942; x_wconf 74' lang='lat'>114</span> <span class='ocrx_word' id='word_1_222' title='bbox 718 2883 847 2949; x_wconf 89' lang='lat' dir='ltr'>cet,</span> <span class='ocrx_word' id='word_1_223' title='bbox 895 2872 1070 2956; x_wconf 90' lang='lat' dir='ltr'>quod</span> <span class='ocrx_word' id='word_1_224' title='bbox 1115 2883 1213 2938; x_wconf 90' lang='lat' dir='ltr'>est</span> <span class='ocrx_word' id='word_1_225' title='bbox 1263 2873 1570 2957; x_wconf 86' lang='lat' dir='ltr'>cuiusque</span> <span class='ocrx_word' id='word_1_226' title='bbox 1624 2895 1942 2938; x_wconf 87' lang='lat' dir='ltr'>maxume.</span> <span class='ocrx_word' id='word_1_227' title='bbox 2032 2895 2222 2938; x_wconf 90' lang='lat' dir='ltr'>suum</span> <span class='ocrx_word' id='word_1_228' title='bbox 2265 2873 2534 2957; x_wconf 89' lang='lat' dir='ltr'>quisque</span> <span class='ocrx_word' id='word_1_229' title='bbox 2579 2874 2777 2959; x_wconf 82' lang='lat' dir='ltr'>igitur</span> 
     </span>
     <span class='ocr_line' id='line_1_30' title="bbox 717 2966 2974 3060; baseline 0.001 -30"><span class='ocrx_word' id='word_1_230' title='bbox 717 2976 940 3030; x_wconf 88' lang='lat' dir='ltr'>noscat</span> <span class='ocrx_word' id='word_1_231' title='bbox 989 2966 1321 3051; x_wconf 85' lang='lat' dir='ltr'>ingenium</span> <span class='ocrx_word' id='word_1_232' title='bbox 1373 2988 1711 3050; x_wconf 89' lang='lat' dir='ltr'>acremque</span> <span class='ocrx_word' id='word_1_233' title='bbox 1765 2991 1832 3034; x_wconf 90' lang='lat' dir='ltr'>se</span> <span class='ocrx_word' id='word_1_234' title='bbox 1885 2978 1949 3032; x_wconf 92' lang='lat' dir='ltr'>et</span> <span class='ocrx_word' id='word_1_235' title='bbox 2001 2968 2314 3032; x_wconf 89' lang='lat' dir='ltr'>bonorum</span> <span class='ocrx_word' id='word_1_236' title='bbox 2367 2978 2430 3032; x_wconf 91' lang='lat' dir='ltr'>et</span> <span class='ocrx_word' id='word_1_237' title='bbox 2473 2967 2776 3033; x_wconf 88' lang='lat' dir='ltr'>vitiorum</span> <span class='ocrx_word' id='word_1_238' title='bbox 2863 2989 2974 3060; x_wconf 62' lang='lat' dir='ltr'>,fun</span> 
     </span>
     <span class='ocr_line' id='line_1_31' title="bbox 720 3048 2974 3152; baseline 0.001 -28"><span class='ocrx_word' id='word_1_239' title='bbox 720 3081 984 3124; x_wconf 87' lang='lat' dir='ltr'>suorum</span> <span class='ocrx_word' id='word_1_240' title='bbox 1032 3060 1311 3125; x_wconf 90' lang='lat' dir='ltr'>iudicem</span> <span class='ocrx_word' id='word_1_241' title='bbox 1362 3061 1698 3145; x_wconf 89' lang='lat' dir='ltr'>praebeat,</span> <span class='ocrx_word' id='word_1_242' title='bbox 1753 3085 1834 3127; x_wconf 92' lang='lat' dir='ltr'>ne</span> <span class='ocrx_word' id='word_1_243' title='bbox 1891 3062 2166 3128; x_wconf 89' lang='lat' dir='ltr'>scaenici</span> <span class='ocrx_word' id='word_1_244' title='bbox 2220 3062 2365 3147; x_wconf 90' lang='lat' dir='ltr'>plus</span> <span class='ocrx_word' id='word_1_245' title='bbox 2418 3083 2618 3146; x_wconf 90' lang='lat' dir='ltr'>quam</span> <span class='ocrx_word' id='word_1_246' title='bbox 2657 3084 2774 3127; x_wconf 90' lang='lat' dir='ltr'>nos</span> <span class='ocrx_word' id='word_1_247' title='bbox 2852 3048 2974 3152; x_wconf 50' lang='lat' dir='ltr'>,lmi-</span> 
     </span>
     <span class='ocr_line' id='line_1_32' title="bbox 719 3146 2974 3254; baseline 0 -34"><span class='ocrx_word' id='word_1_248' title='bbox 719 3154 1054 3220; x_wconf 87' lang='lat' dir='ltr'>videantur</span> <span class='ocrx_word' id='word_1_249' title='bbox 1115 3154 1353 3219; x_wconf 90' lang='lat' dir='ltr'>habere</span> <span class='ocrx_word' id='word_1_250' title='bbox 1412 3155 1808 3240; x_wconf 88' lang='lat' dir='ltr'>prudentiae.</span> <span class='ocrx_word' id='word_1_251' title='bbox 1906 3156 1998 3220; x_wconf 94' lang='lat' dir='ltr'>illi</span> <span class='ocrx_word' id='word_1_252' title='bbox 2051 3156 2222 3221; x_wconf 89' lang='lat' dir='ltr'>enim</span> <span class='ocrx_word' id='word_1_253' title='bbox 2271 3177 2402 3220; x_wconf 92' lang='lat' dir='ltr'>non</span> <span class='ocrx_word' id='word_1_254' title='bbox 2455 3167 2772 3242; x_wconf 72' lang='lat' dir='ltr'>optumas,</span> <span class='ocrx_word' id='word_1_255' title='bbox 2840 3146 2857 3207; x_wconf 28' lang='grc' dir='ltr'>ψ’</span> <span class='ocrx_word' id='word_1_256' title='bbox 2902 3185 2974 3254; x_wconf 61' lang='lat' dir='ltr'>xi</span> 
     </span>
     <span class='ocr_line' id='line_1_33' title="bbox 717 3249 2974 3346; baseline 0.001 -32"><span class='ocrx_word' id='word_1_257' title='bbox 717 3250 833 3315; x_wconf 89' lang='lat' dir='ltr'>sed</span> <span class='ocrx_word' id='word_1_258' title='bbox 884 3249 1006 3313; x_wconf 90' lang='lat' dir='ltr'>sibi</span> <span class='ocrx_word' id='word_1_259' title='bbox 1058 3250 1768 3316; x_wconf 88' lang='lat' dir='ltr'>accommodatissumas</span> <span class='ocrx_word' id='word_1_260' title='bbox 1821 3250 2074 3315; x_wconf 86' lang='lat' dir='ltr'>fabulas</span> <span class='ocrx_word' id='word_1_261' title='bbox 2129 3251 2400 3336; x_wconf 85' lang='lat' dir='ltr'>eligunt:</span> <span class='ocrx_word' id='word_1_262' title='bbox 2456 3252 2567 3335; x_wconf 87' lang='lat' dir='ltr'>qui</span> <span class='ocrx_word' id='word_1_263' title='bbox 2619 3276 2772 3316; x_wconf 66' lang='grc'><strong>1111116</strong></span> <span class='ocrx_word' id='word_1_264' title='bbox 2820 3295 2821 3298; x_wconf 57' lang='lat'><em>=</em></span> <span class='ocrx_word' id='word_1_265' title='bbox 2873 3280 2974 3346; x_wconf 59' lang='lat' dir='ltr'>tat</span> 
     </span>
     <span class='ocr_line' id='line_1_34' title="bbox 717 3343 2974 3456; baseline -0 -47"><span class='ocrx_word' id='word_1_266' title='bbox 717 3344 865 3410; x_wconf 87' lang='lat' dir='ltr'>freti</span> <span class='ocrx_word' id='word_1_267' title='bbox 900 3355 1068 3420; x_wconf 89' lang='lat' dir='ltr'>sunt,</span> <span class='ocrx_word' id='word_1_268' title='bbox 1105 3343 1436 3430; x_wconf 87' lang='lat' dir='ltr'>Epigonos</span> <span class='ocrx_word' id='word_1_269' title='bbox 1466 3344 1886 3429; x_wconf 89' lang='lat' dir='ltr'>Medumque,</span> <span class='ocrx_word' id='word_1_270' title='bbox 1924 3345 2035 3429; x_wconf 92' lang='lat' dir='ltr'>qui</span> <span class='ocrx_word' id='word_1_271' title='bbox 2063 3355 2270 3430; x_wconf 78' lang='lat' dir='ltr'>gestU‚</span> <span class='ocrx_word' id='word_1_272' title='bbox 2305 3343 2551 3409; x_wconf 87' lang='lat' dir='ltr'>Melani</span> <span class='ocrx_word' id='word_1_273' title='bbox 2559 3368 2775 3430; x_wconf 71' lang='lat' dir='ltr'>ppam,</span> <span class='ocrx_word' id='word_1_274' title='bbox 2801 3369 2821 3392; x_wconf 55' lang='grc' dir='ltr'><strong>ν</strong></span> <span class='ocrx_word' id='word_1_275' title='bbox 2851 3385 2974 3456; x_wconf 55' lang='lat' dir='ltr'>&amp;qr</span> 
     </span>
     <span class='ocr_line' id='line_1_35' title="bbox 719 3435 2974 3534; baseline -0.001 -31"><span class='ocrx_word' id='word_1_276' title='bbox 719 3435 1329 3523; x_wconf 86' lang='lat' dir='ltr'>Clytaemnestram,</span> <span class='ocrx_word' id='word_1_277' title='bbox 1386 3462 1635 3526; x_wconf 89' lang='lat' dir='ltr'>semper</span> <span class='ocrx_word' id='word_1_278' title='bbox 1685 3440 2014 3526; x_wconf 86' lang='lat' dir='ltr'>Rupilius,</span> <span class='ocrx_word' id='word_1_279' title='bbox 2069 3462 2262 3524; x_wconf 92' lang='lat' dir='ltr'>quem</span> <span class='ocrx_word' id='word_1_280' title='bbox 2315 3461 2438 3525; x_wconf 87' lang='lat' dir='ltr'>ego</span> <span class='ocrx_word' id='word_1_281' title='bbox 2491 3440 2772 3516; x_wconf 71' lang='grc'><strong>1116111101,</strong></span> <span class='ocrx_word' id='word_1_282' title='bbox 2854 3472 2974 3534; x_wconf 65' lang='lat' dir='ltr'>ent?</span> 
     </span>
     <span class='ocr_line' id='line_1_36' title="bbox 718 3532 2974 3630; baseline 0.001 -33"><span class='ocrx_word' id='word_1_283' title='bbox 718 3533 1099 3619; x_wconf 87' lang='lat' dir='ltr'>Antiopam,</span> <span class='ocrx_word' id='word_1_284' title='bbox 1162 3557 1293 3599; x_wconf 90' lang='lat' dir='ltr'>non</span> <span class='ocrx_word' id='word_1_285' title='bbox 1353 3557 1544 3620; x_wconf 89' lang='lat' dir='ltr'>saepe</span> <span class='ocrx_word' id='word_1_286' title='bbox 1596 3535 1898 3620; x_wconf 89' lang='lat' dir='ltr'>Aesopus</span> <span class='ocrx_word' id='word_1_287' title='bbox 1951 3535 2242 3601; x_wconf 89' lang='lat' dir='ltr'>Aiacem.</span> <span class='ocrx_word' id='word_1_288' title='bbox 2333 3557 2489 3620; x_wconf 87' lang='lat' dir='ltr'>ergo</span> <span class='ocrx_word' id='word_1_289' title='bbox 2547 3532 2776 3618; x_wconf 57' lang='lat' dir='ltr'>histrio</span> <span class='ocrx_word' id='word_1_290' title='bbox 2860 3572 2974 3630; x_wconf 67' lang='lat'>¹10&lt;</span> 
     </span>
     <span class='ocr_line' id='line_1_37' title="bbox 717 3626 2962 3724; baseline 0.001 -34"><span class='ocrx_word' id='word_1_291' title='bbox 717 3626 838 3691; x_wconf 90' lang='lat' dir='ltr'>hoc</span> <span class='ocrx_word' id='word_1_292' title='bbox 892 3627 1135 3693; x_wconf 85' lang='lat' dir='ltr'>videbit</span> <span class='ocrx_word' id='word_1_293' title='bbox 1176 3628 1241 3692; x_wconf 88' lang='lat' dir='ltr'>in</span> <span class='ocrx_word' id='word_1_294' title='bbox 1289 3649 1549 3706; x_wconf 89' lang='lat' dir='ltr'>scaena,</span> <span class='ocrx_word' id='word_1_295' title='bbox 1599 3651 1729 3694; x_wconf 91' lang='lat' dir='ltr'>non</span> <span class='ocrx_word' id='word_1_296' title='bbox 1773 3630 2017 3694; x_wconf 87' lang='lat' dir='ltr'>videbit</span> <span class='ocrx_word' id='word_1_297' title='bbox 2061 3629 2311 3714; x_wconf 88' lang='lat' dir='ltr'>sapiens</span> <span class='ocrx_word' id='word_1_298' title='bbox 2358 3629 2459 3693; x_wconf 86' lang='lat' dir='ltr'>vir</span> <span class='ocrx_word' id='word_1_299' title='bbox 2501 3629 2567 3692; x_wconf 89' lang='grc'>111</span> <span class='ocrx_word' id='word_1_300' title='bbox 2601 3628 2736 3692; x_wconf 66' lang='lat' dir='ltr'>vita-.-</span> <span class='ocrx_word' id='word_1_301' title='bbox 2817 3651 2962 3724; x_wconf 59' lang='lat' dir='ltr'>tem</span> 
     </span>
     <span class='ocr_line' id='line_1_38' title="bbox 716 3721 2973 3822; baseline 0 -38"><span class='ocrx_word' id='word_1_302' title='bbox 716 3721 800 3784; x_wconf 89' lang='lat' dir='ltr'>ad</span> <span class='ocrx_word' id='word_1_303' title='bbox 852 3741 1013 3804; x_wconf 89' lang='lat' dir='ltr'>quas</span> <span class='ocrx_word' id='word_1_304' title='bbox 1063 3721 1259 3807; x_wconf 86' lang='lat' dir='ltr'>igitur</span> <span class='ocrx_word' id='word_1_305' title='bbox 1308 3745 1411 3788; x_wconf 89' lang='lat' dir='ltr'>res</span> <span class='ocrx_word' id='word_1_306' title='bbox 1465 3723 1775 3809; x_wconf 88' lang='lat' dir='ltr'>aptissimi</span> <span class='ocrx_word' id='word_1_307' title='bbox 1818 3724 2082 3800; x_wconf 89' lang='lat' dir='ltr'>erimus,</span> <span class='ocrx_word' id='word_1_308' title='bbox 2133 3724 2202 3788; x_wconf 92' lang='lat' dir='ltr'>in</span> <span class='ocrx_word' id='word_1_309' title='bbox 2245 3722 2322 3788; x_wconf 89' lang='lat' dir='ltr'>iis</span> <span class='ocrx_word' id='word_1_310' title='bbox 2368 3722 2716 3808; x_wconf 56' lang='lat' dir='ltr'>potissimu‘</span> <span class='ocrx_word' id='word_1_311' title='bbox 2813 3736 2973 3822; x_wconf 49' lang='lat'>⁴(1313</span> 
     </span>
     <span class='ocr_line' id='line_1_39' title="bbox 717 3814 2660 3900; baseline 0.003 -23"><span class='ocrx_word' id='word_1_312' title='bbox 717 3815 1215 3881; x_wconf 86' lang='lat' dir='ltr'>elaborabimus:</span> <span class='ocrx_word' id='word_1_313' title='bbox 1264 3814 1362 3881; x_wconf 89' lang='lat' dir='ltr'>sin</span> <span class='ocrx_word' id='word_1_314' title='bbox 1406 3817 1746 3900; x_wconf 88' lang='lat' dir='ltr'>aliquando</span> <span class='ocrx_word' id='word_1_315' title='bbox 1792 3817 2135 3884; x_wconf 86' lang='lat' dir='ltr'>necessitas</span> <span class='ocrx_word' id='word_1_316' title='bbox 2169 3839 2287 3883; x_wconf 91' lang='lat' dir='ltr'>nos</span> <span class='ocrx_word' id='word_1_317' title='bbox 2325 3817 2409 3884; x_wconf 87' lang='lat' dir='ltr'>ad</span> <span class='ocrx_word' id='word_1_318' title='bbox 2442 3841 2522 3883; x_wconf 87' lang='lat' dir='ltr'>ea</span> <span class='ocrx_word' id='word_1_319' title='bbox 2556 3820 2660 3883; x_wconf 86' lang='lat' dir='ltr'>det</span> 
     </span>
     <span class='ocr_line' id='line_1_40' title="bbox 716 3907 2714 3997; baseline 0.004 -27"><span class='ocrx_word' id='word_1_320' title='bbox 716 3907 898 3984; x_wconf 87' lang='lat' dir='ltr'>serit,</span> <span class='ocrx_word' id='word_1_321' title='bbox 951 3931 1116 3992; x_wconf 91' lang='lat' dir='ltr'>quae</span> <span class='ocrx_word' id='word_1_322' title='bbox 1170 3910 1369 3976; x_wconf 89' lang='lat' dir='ltr'>nostri</span> <span class='ocrx_word' id='word_1_323' title='bbox 1420 3911 1663 3997; x_wconf 88' lang='lat' dir='ltr'>ingenii</span> <span class='ocrx_word' id='word_1_324' title='bbox 1712 3935 1843 3978; x_wconf 90' lang='lat' dir='ltr'>non</span> <span class='ocrx_word' id='word_1_325' title='bbox 1887 3929 2100 3990; x_wconf 89' lang='lat' dir='ltr'>erunt,</span> <span class='ocrx_word' id='word_1_326' title='bbox 2157 3913 2361 3978; x_wconf 89' lang='lat' dir='ltr'>omnis</span> <span class='ocrx_word' id='word_1_327' title='bbox 2405 3913 2637 3978; x_wconf 90' lang='lat' dir='ltr'>adhibe</span> <span class='ocrx_word' id='word_1_328' title='bbox 2706 3986 2714 3995; x_wconf 53' lang='lat'>‚</span> 
     </span>
     <span class='ocr_line' id='line_1_41' title="bbox 716 4001 2656 4091; baseline 0.006 -28"><span class='ocrx_word' id='word_1_329' title='bbox 716 4001 835 4064; x_wconf 84' lang='lat' dir='ltr'>erit</span> <span class='ocrx_word' id='word_1_330' title='bbox 878 4023 1058 4079; x_wconf 90' lang='lat' dir='ltr'>cura,</span> <span class='ocrx_word' id='word_1_331' title='bbox 1112 4005 1470 4082; x_wconf 86' lang='lat' dir='ltr'>meditatio,</span> <span class='ocrx_word' id='word_1_332' title='bbox 1518 4004 1875 4091; x_wconf 80' lang='lat' dir='ltr'>diligentia,</span> <span class='ocrx_word' id='word_1_333' title='bbox 1921 4019 1990 4074; x_wconf 89' lang='lat' dir='ltr'>ut</span> <span class='ocrx_word' id='word_1_334' title='bbox 2037 4031 2114 4074; x_wconf 89' lang='lat' dir='ltr'>ea</span> <span class='ocrx_word' id='word_1_335' title='bbox 2159 4008 2212 4073; x_wconf 89' lang='lat' dir='ltr'>si</span> <span class='ocrx_word' id='word_1_336' title='bbox 2255 4030 2386 4072; x_wconf 91' lang='lat' dir='ltr'>non</span> <span class='ocrx_word' id='word_1_337' title='bbox 2429 4007 2716 4075; x_wconf 86' lang='lat' dir='ltr'>decore</span> 
     </span>
    </p>
   </div>
   <div class='ocr_carea' id='block_1_3' title="bbox 2839 0 2974 3201">
    <p class='ocr_par' dir='ltr' id='par_1_3' title="bbox 2839 0 2974 3201">
     <span class='ocr_line' id='line_1_42' title="bbox 2839 0 2974 3201; baseline 0 0"><span class='ocrx_word' id='word_1_338' title='bbox 2839 0 2974 3201; x_wconf 95' lang='lat' dir='ltr'> </span> 
     </span>
    </p>
   </div>
   <div class='ocr_carea' id='block_1_4' title="bbox 2637 3773 2872 4444">
    <p class='ocr_par' dir='ltr' id='par_1_4' title="bbox 2637 3773 2872 4444">
     <span class='ocr_line' id='line_1_43' title="bbox 2637 3773 2818 3956; baseline 0 0"><span class='ocrx_word' id='word_1_339' title='bbox 2637 3773 2818 3956; x_wconf 95' lang='lat' dir='ltr'>   </span> 
     </span>
     <span class='ocr_line' id='line_1_44' title="bbox 2658 3956 2872 4444; baseline 0 0"><span class='ocrx_word' id='word_1_340' title='bbox 2658 3956 2872 4444; x_wconf 95' lang='lat' dir='ltr'>   </span> 
     </span>
    </p>
   </div>
  </div>
 </body>
</html>
