3292 4559
772 253 857 320 74
1339 214 1469 319 ιι..
1496 260 1769 321 TULLH
1804 263 2205 330 CICERONIS

725 370 731 375 .
760 413 1023 456 causam
1072 402 1183 456 aut
1230 390 1549 476 agrariam
1585 409 1722 454 rem
1757 397 2097 473 temptant,
2141 397 2216 452 ut
2247 409 2648 473 possessores
2683 390 2820 475 pel—

758 486 974 552 lantur
998 486 1131 550 suis
1151 485 1431 562 sedibus,
1471 494 1583 548 aut
1612 481 1918 569 pecunias
1947 482 2219 548 creditas
2245 483 2643 548 debitoribus
2670 505 2821 549 con-

764 580 884 644 dun
896 604 972 640 an
980 579 1090 644 das
1133 589 1391 664 putant,
1434 577 1825 643 labefactant
1872 576 2290 642 fundamenta
2340 579 2435 643 rei
2488 577 2816 664 publicae:

764 673 1165 737 cancordiam
1199 674 1499 760 primum,
1537 693 1704 756 quae
1741 693 1880 737 esse
1916 691 2046 736 non
2070 682 2300 758 potest,
2336 695 2485 737 cum
2515 672 2656 738 aliis
2684 674 2822 739 adi-

764 784 1048 844 nunitur,
1102 767 1243 832 aliis
1288 767 1730 833 condonantur
1762 765 2072 850 pecuniae
2086 814 2105 844 ,
2142 766 2371 832 deinde
2386 807 2388 810 >
2406 768 2821 851 aequitatem,

764 887 928 944 quae
966 861 1204 926 tollitur
1239 862 1464 938 omnis,
1501 861 1555 925 si
1590 859 1826 925 habere
1861 883 2050 925 suum
2086 860 2315 944 cuique
2348 882 2479 925 non
2513 861 2682 928 licet.
2749 863 2823 928 id

768 956 932 1020 enim
972 966 1067 1020 est
1099 956 1447 1042 proprium,
1482 963 1555 1019 ut
1589 975 1784 1040 supra
1809 953 1962 1064 dixi,
1999 954 2270 1019 civitatis
2301 965 2492 1039 atque
2520 955 2718 1032 urbis,
2746 969 2823 1022 ut

680 1076 724 1112 ιιι
764 1052 840 1112 sit
864 1052 1064 1116 libera
1082 1061 1145 1114 et
1172 1071 1302 1114 non
1330 1049 1600 1114 sollicita
1628 1070 1784 1114 suae
1811 1048 1904 1112 rei
1933 1048 2241 1132 cuiusque
2272 1048 2581 1114 custodia.
2627 1063 2820 1135 atque

766 1148 828 1204 ἱιι
868 1144 988 1208 hae
1020 1143 1303 1229 pernicie
1336 1142 1432 1208 rei
1464 1142 1762 1228 publicae
1797 1164 1878 1207 ne
1914 1142 2091 1206 illam
2128 1142 2387 1226 quidem
2413 1164 2818 1228 consequun-

768 1252 896 1312 ιιιι-
944 1259 1137 1320 quam
1172 1247 1431 1322 putant,
1474 1236 1775 1322 gratiam.
1830 1259 1981 1301 nam
2027 1236 2132 1302 cui
2175 1259 2277 1302 res
2323 1246 2543 1322 erepta
2589 1248 2689 1304 est
2710 1251 2821 1304 est

768 1332 1085 1406 inimicum
1141 1330 1246 1394 cui
1290 1329 1442 1395 data
1485 1342 1582 1396 est
1626 1331 1819 1395 etiam
1862 1330 2221 1396 dissimulat
2267 1354 2336 1397 se
2379 1332 2672 1418 accipere
2705 1355 2823 1399 vo-

768 1424 903 1484 luis„
896 1448 956 1488 s
996 1434 1059 1488 et
1090 1424 1369 1490 maxime
1402 1425 1471 1489 in
1501 1425 1792 1510 pecuniis
1830 1424 2084 1490 creditis
2118 1426 2398 1498 occultat
2430 1449 2622 1492 suum
2657 1450 2823 1514 gau-

768 1520 936 1580 dium
956 1568 972 1592 ,
1008 1541 1089 1584 ne
1126 1519 1419 1585 videatur
1452 1541 1581 1584 non
1616 1518 1816 1584 fuisse
1851 1519 2158 1586 solvendo
2167 1545 2186 1598 3
2233 1531 2300 1585 at
2333 1542 2485 1586 vero
2517 1520 2662 1600 ille,
2709 1523 2822 1606 qui

768 1612 1010 1696 asnapii:
1060 1613 1356 1678 iniuriam
1373 1662 1389 1690 ,
1454 1624 1517 1678 et
1567 1612 1858 1678 meminit
1911 1625 1976 1678 et
2027 1636 2182 1700 prae
2235 1637 2303 1694 se
2355 1615 2480 1680 fert
2532 1615 2821 1682 dolorem

768 1732 980 1784 sumn,
1026 1730 1175 1787 nec,
1224 1708 1278 1773 si
1310 1709 1525 1794 plures
1563 1719 1712 1774 sunt
1745 1707 1820 1785 ii,
1868 1708 2102 1792 quibus
2137 1709 2404 1794 inprobe
2440 1709 2667 1776 datum
2703 1723 2819 1788 est,

768 1828 956 1884 ιμιιιιιι
1008 1803 1132 1881 illi,
1196 1804 1429 1888 quibus
1479 1803 1712 1869 iniuste
1765 1802 2134 1888 ademptum
2187 1813 2310 1881 est,
2370 1803 2609 1870 idcirco
2672 1806 2820 1891 plus

768 1900 952 1960 υιὶιιιιι
1008 1897 1251 1974 valent3
1316 1919 1446 1962 non
1498 1897 1668 1963 enim
1719 1919 1986 1962 numero
2039 1897 2198 1963 haec
2247 1897 2639 1977 iudicantur,
2706 1901 2821 1966 sed

764 1992 1062 2072 pondere.
1169 2011 1365 2074 quam
1427 2003 1641 2058 autem
1703 1991 1900 2056 habet
1959 1991 2374 2075 aequitatem,
2441 2003 2514 2058 ut
2585 2016 2819 2080 agrum

764 2088 980 2148 multis
1024 2086 1207 2150 annis
1253 2097 1364 2150 aut
1410 2087 1600 2151 etiam
1637 2086 1908 2151 saeculis
1945 2096 2091 2152 ante
2125 2108 2488 2173 possessum
2523 2087 2640 2172 qui
2672 2089 2819 2154 nul-

659 2176 704 2220 *2-
768 2184 892 2240 lum
944 2179 1169 2244 habuit
1213 2180 1477 2257 habeat,
1525 2181 1637 2264 qui
1682 2191 1898 2245 autem
1931 2180 2156 2245 habuit
2189 2180 2474 2245 amittat?
2545 2205 2628 2248 ac
2665 2205 2819 2270 pro·

672 2276 683 2280 “
768 2291 900 2356 pter
940 2276 1056 2338 hnc
1089 2273 1357 2338 iniuriae
1392 2296 1597 2359 genus
1636 2273 2137 2340 Lacedaemonii
2170 2273 2584 2360 Lysandrum
2620 2276 2817 2363 epho-

672 3239 716 3272 El

766 2392 900 2428 rum
960 2366 1366 2451 expulerunt,
1430 2367 1632 2452 Agim
1683 2390 1934 2453 regem,
1998 2368 2172 2452 quod
2221 2390 2572 2454 numquam
2627 2382 2814 2437 antea

764 2460 932 2543 ιιμιςιι]
972 2480 1078 2524 eos
1114 2459 1898 2540 acciderat,-.necaverunt,
1944 2484 2152 2546 exque
2179 2484 2254 2528 eo
2281 2473 2568 2549 tempore
2599 2475 2814 2531 tantae

764 2552 1114 2618 disset-*rdiae
1150 2563 1408 2620 secutae
1444 2565 1614 2631 sunt,
1651 2564 1725 2618 ut
1760 2566 1825 2621 et
1851 2556 2105 2640 tyranni
2132 2556 2508 2623 exsisterent
2534 2570 2598 2623 et
2627 2570 2816 2646 optu-

764 2671 820 2708 111
830 2660 960 2708 ιιιυε
1016 2646 1588 2713 exterminarentur
1639 2658 1704 2713 et
1753 2651 2256 2735 praeclarissime
2320 2652 2662 2718 constituta
2714 2676 2818 2718 res

760 2764 844 2824 1[ιιι
856 2744 1019 2805 blica
1073 2741 1479 2809 dilaberetur.
1566 2765 1691 2809 nec
1742 2766 1895 2809 vero
1948 2747 2156 2810 solum
2197 2745 2340 2831 ipsa
2384 2746 2645 2824 cecidit,
2701 2748 2816 2811 sed

764 2836 948 2900 stiam
1008 2837 1315 2921 reliquam
1368 2834 1715 2903 Graeciam
1776 2838 2002 2904 evertit
2064 2839 2550 2926 contagionibus
2615 2843 2817 2906 malo-

763 2952 828 2992 ιἰι
844 2956 928 3004 [ιιι
980 2952 1145 3016 quae
1193 2954 1231 2996 a
1266 2930 1793 2997 Lacedaemoniis
1837 2932 2124 3018 profecta
2168 2945 2546 2999 emanarunt
2601 2934 2814 3000 latius.

760 3024 952 3104 quid?
1008 3034 1253 3089 nostros
1299 3022 1661 3104 Gracchos,
1706 3024 1808 3091 Ti.
1852 3023 2132 3091 Gracchi
2176 3026 2406 3091 summi
2451 3025 2574 3091 viri
2625 3027 2810 3103 filios,

767 3116 1051 3180 Afris-fani
1096 3127 1393 3202 nepotes,
1441 3140 1653 3185 nonne
1701 3119 1988 3206 agrariae
2035 3120 2471 3186 contentiones
2516 3120 2813 3204 perdide-

764 3212 940 3272 runt?
996 3219 1062 3273 at
1096 3231 1249 3277 vero
1284 3212 1529 3277 Aratus
1570 3211 1910 3300 Sicyonius
1945 3213 2084 3280 iure
2117 3214 2448 3292 laudatur,
2485 3213 2628 3296 qui,
2667 3237 2838 3305 cum·

760 3304 892 3364 sius
960 3303 1180 3368 civitas
1244 3305 1711 3394 quinquaginta
1773 3329 1973 3372 annos
2027 3331 2065 3372 a
2117 3307 2405 3393 tyrannis
2467 3318 2809 3383 teneretur,

760 3400 1081 3480 profectus
1116 3399 1316 3485 Argis
1363 3399 1710 3486 Sicyonem
1756 3401 2149 3473 clandestino
2202 3401 2464 3467 introitu
2508 3403 2669 3467 urbe
2713 3414 2810 3466 est

760 3492 1014 3572 potitus,
1052 3515 1327 3578 cumque
1362 3505 1706 3580 tyrannum
1739 3496 2069 3562 Nicoclem
2102 3496 2426 3583 inproviso
2463 3494 2807 3581 oppressis—

760 3604 880 3654 set.
948 3601 1267 3656 sescentos
1318 3592 1602 3669 exsules,
1667 3592 1777 3676 qui
1829 3591 2312 3678 locupletissimi
2363 3592 2613 3658 fuerant
2664 3589 2806 3654 eius

760 3684 1060 3760 civitatis,
1106 3685 1379 3750 restituit
1418 3707 1683 3770 remque
1729 3687 2053 3772 publicam
2097 3687 2381 3753 adventu
2425 3708 2542 3751 suo
2574 3683 2809 3750 libera-

764 3776 864 3836 rit*
976 3779 1085 3843 sed
1164 3801 1311 3844 cum
1384 3803 1687 3866 magnam
1758 3781 2289 3848 animadverteret
2346 3782 2414 3846 in
2486 3779 2674 3844 bonis
2747 3792 2812 3844 et

760 3871 1265 3952 possessionibus
1325 3873 1799 3952 difficultatem,
1871 3875 2042 3959 quod
2106 3886 2168 3941 et
2240 3897 2380 3952 eos,
2444 3895 2609 3958 quos
2671 3873 2810 3959 ipse

757 3966 1142 4043 restituerat,
1181 3988 1452 4054 quorum
1487 3967 1659 4032 bona
1695 3968 1802 4033 alii
1835 3969 2279 4053 possederant,
2318 3991 2507 4055 egere
2540 3967 2814 4053 iniquis·

760 4056 984 4120 simum
1031 4079 1170 4124 esse
1216 4060 1639 4125 arbitrabatur
1685 4073 1748 4126 et
1791 4062 2257 4149 quinquaginta
2303 4085 2615 4129 annorum
2659 4085 2813 4148 pos-
