3292 4559
1085 288 1191 343 DE
1224 286 1750 345 DIVINATIONE
1783 288 1862 345 Π.
1897 290 2142 347 55-61,
2329 330 2336 335 -
2527 278 2654 345 187

568 422 887 501 premunt
938 411 1119 480 alas.’
1224 432 1374 476 cum
1422 410 1623 497 igitur
1677 411 1801 478 hoc
1852 413 2092 479 animal
2140 424 2274 479 tam
2319 413 2410 480 'sit
2463 410 2657 481 cano-

564 530 725 573 rum
770 530 891 573 sua
936 516 1195 591 sponte,
1257 505 1419 589 quid
1467 506 1536 572 in
1578 517 1860 574 mentem
1903 508 2081 573 venit
2126 506 2506 575 Callistheni
2558 510 2655 575 di-

572 624 726 668 cere
781 601 940 667 deos
993 600 1181 686 gallis
1244 601 1504 687 signum
1557 601 1812 669 dedisse
1854 602 2182 682 cantandi,
2237 625 2386 670 cum
2429 604 2500 669 id
2550 604 2657 670 vel

580 688 817 763 natura
852 696 961 763 vel
996 717 1183 762 casus
1219 695 1476 761 efficere
1511 696 1864 783 potuisset?
1919 698 2233 785 sanguine
2274 698 2514 785 pluisse
2550 721 2651 765 se-
2683 690 2754 745 2⁷

573 791 764 857 natui
825 790 1197 856 nuntiatum
1260 800 1391 867 est,
1442 790 1752 857 Atratum
1814 791 2007 857 etiam
2068 792 2336 859 fluvium
2386 794 2649 861 fluxisse

572 884 930 973 sanguine,
992 885 1261 951 deorum
1314 884 1584 952 sudasse
1636 886 2009 953 simulacra:
2063 909 2222 953 num
2273 910 2496 954 censes
2547 888 2648 953 his

570 980 825 1047 nuntiis
839 978 1093 1045 Thalen
1129 990 1241 1043 aut
1259 980 1702 1066 Anaxagoran
1737 990 1850 1045 aut
1885 1002 2276 1065 quemquam
2310 981 2652 1069 physicum

580 1074 976 1141 crediturum
1018 1073 1262 1139 fuisse?
1311 1096 1433 1140 nec
1486 1075 1658 1141 enim
1709 1076 1976 1161 sanguis
2027 1096 2150 1141 nec
2201 1075 2400 1141 sudor
2443 1074 2572 1141 nisi
2615 1098 2651 1142 e

579 1190 867 1255 corpore.
956 1168 1073 1234 sed
1127 1178 1194 1234 et
1239 1168 1626 1236 decoloratio
1671 1170 1992 1254 quaedam
2040 1194 2123 1237 ex
2167 1172 2383 1256 aliqua
2429 1180 2652 1237 conta-

570 1265 775 1353 gione
824 1275 1079 1330 terrena
1129 1287 1433 1330 maxume
1485 1276 1698 1352 potest
1749 1266 2052 1353 sanguini
2097 1265 2318 1332 similis
2363 1287 2534 1344 esse,
2587 1276 2654 1333 et

572 1380 768 1425 umor
793 1359 1099 1444 adlapsus
1126 1359 1545 1437 extrinsecus,
1580 1369 1656 1424 ut
1686 1360 1756 1425 in
1781 1362 2062 1427 tectoriis
2089 1360 2384 1430 videmus
2409 1352 2647 1438 austro,

574 1453 884 1519 sudorem
928 1452 1187 1518 videtur
1230 1452 1487 1518 imitari.
1576 1464 1774 1539 atque
1819 1454 1980 1521 haec
2021 1456 2094 1521 in
2138 1455 2310 1521 bello
2354 1455 2544 1542 plura
2585 1465 2651 1519 et

574 1548 825 1613 maiora
867 1545 1169 1612 videntur
1203 1547 1575 1613 timentibus
1588 1596 1608 1626 ,
1646 1550 1873 1617 eadem
1907 1572 2038 1615 non
2075 1560 2210 1615 tam
2245 1549 2650 1615 animadver-

572 1652 806 1709 tuntur
829 1642 900 1706 in
926 1663 1110 1727 pace.
1163 1642 1409 1708 accedit
1440 1642 1604 1708 illud
1630 1644 1846 1722 etiam,
1883 1644 2060 1729 quod
2085 1643 2156 1709 in
2181 1654 2362 1709 metu
2387 1653 2453 1709 et
2480 1644 2650 1728 peri-

570 1736 729 1803 culo
783 1758 934 1801 cum
997 1734 1348 1801 creduntur
1407 1736 1662 1803 facilius
1723 1749 1866 1803 tum
1926 1737 2261 1824 finguntur
2322 1736 2644 1823 inpunius.

570 1853 698 1897 nos
742 1840 963 1896 autem
1014 1829 1106 1894 ita
1154 1830 1331 1897 leves
1376 1842 1570 1916 atque
1622 1830 2076 1897 inconsiderati
2129 1853 2380 1908 sumus,
2433 1840 2538 1908 ut,
2593 1829 2650 1895 si

570 1949 794 1992 mures
842 1924 1229 1991 corroserint·
1268 1926 1511 2012 aliquid
1524 1974 1543 2004 ,
1596 1949 1871 2011 quorum
1917 1926 2016 1992 es't
2059 1948 2222 2013 opus
2265 1925 2390 1991 hoc
2421 1948 2647 2003 unum,

572 2032 941 2097 monstrum
982 2023 1325 2107 putemus?
1385 2032 1535 2089 ante
1579 2046 1733 2089 vero
1777 2022 2137 2089 Marsicum
2180 2022 2426 2088 bellum
2471 2023 2648 2107 quod

576 2116 825 2203 clipeos
868 2115 1185 2193 Lanuvii,
1238 2127 1313 2181 ut
1364 2139 1407 2182 a
1456 2127 1521 2182 te
1577 2116 1820 2183 dictum
1874 2127 1970 2183 est
1982 2163 2002 2194 ,
2051 2140 2269 2183 mures
2321 2117 2647 2194 rosissent,

572 2233 961 2275 maxumum
995 2210 1065 2275 id
1098 2222 1467 2297 portentum
1502 2211 1876 2300 haruspices
1912 2234 2054 2279 esse
2089 2212 2419 2279 dixerunt:
2465 2214 2651 2298 quasi

574 2324 747 2371 vero
778 2304 1119 2389 quicquam
1150 2306 1431 2383 intersit,
1474 2330 1692 2373 mures
1736 2308 1906 2374 diem
1948 2318 2208 2373 noctem
2253 2308 2500 2393 aliquid
2546 2330 2648 2373 ro-

578 2399 820 2464 dentes
852 2409 1031 2465 scuta
1066 2424 1151 2466 an
1177 2401 1389 2467 cribra
1416 2401 1817 2469 corroserint.
1868 2424 2019 2467 nam
2053 2402 2110 2467 si
2140 2402 2267 2468 ista
2299 2402 2647 2487 sequimur,

578 2492 765 2579 quod
804 2492 1099 2559 Platonis
1146 2494 1431 2561 Politian
1473 2520 1681 2582 nuper
1724 2496 1900 2583 apud
1949 2519 2056 2562 me
2098 2518 2312 2563 mures
2366 2518 2649 2563 corrose-

580 2599 753 2663 runt,
791 2588 872 2655 de
904 2610 975 2655 re
1009 2589 1273 2676 publica
1307 2590 1501 2656 debui
1535 2592 1982 2678 pertimescere
1993 2616 2013 2669 3
2048 2602 2164 2657 aut
2197 2592 2252 2656 si
2269 2591 2538 2677 Epicuri
2565 2591 2647 2656 de

580 2684 915 2769 voluptate
957 2684 1124 2749 liber
1155 2706 1339 2750 rosus
1376 2698 1577 2763 esset,
1612 2697 1907 2772 putarem
1934 2708 2253 2751 annonam
2286 2685 2354 2749 in
2378 2684 2648 2751 macello

2693 763 2749 805 5⁸

2690 1848 2744 1890 59

580 2778 899 2843 cariorem
932 2777 1091 2845 fore.
1144 2786 1230 2844 an
1265 2802 1419 2845 vero
1453 2780 1567 2845 illa
1598 2802 1718 2846 nos
1754 2790 2012 2857 terrent,
2047 2780 2102 2844 si
2137 2778 2398 2863 quando
2434 2776 2648 2860 aliqua
2680 2768 2753 2881 {ff

577 2882 954 2958 portentosa
989 2882 1103 2937 aut
1148 2895 1228 2939 ex
1261 2871 1513 2959 pecude
1550 2884 1665 2939 aut
1710 2896 1791 2938 ex
1834 2873 2093 2938 homine
2124 2884 2280 2938 nata
2314 2870 2648 2936 dicuntur?

576 2986 860 3050 quorum
894 2966 1202 3043 omnium,
1236 2990 1321 3033 ne
1356 2968 1481 3033 sim
1513 2967 1787 3054 longior,
1823 2988 1957 3031 una
1987 2966 2149 3031 ratio
2177 2976 2302 3033 est:
2338 2963 2648 3051 quicquid

579 3060 756 3127 enim
790 3059 1023 3137 oritur,
1074 3062 1541 3147 qualecumque
1585 3073 1712 3139 est,
1765 3083 2027 3127 causam
2073 3060 2310 3129 habeat
2342 3084 2383 3126 a
2416 3072 2648 3127 natura

576 3176 857 3221 necesse
886 3166 1003 3233 est,
1039 3165 1115 3220 ut
1152 3156 1345 3223 etiam
1380 3157 1435 3222 si
1468 3168 1726 3243 praeter
1760 3156 2284 3222 consuetudinem
2321 3154 2649 3231 exstiterit,

577 3258 843 3337 praeter
890 3260 1189 3315 naturam
1250 3259 1467 3316 tamen
1519 3273 1650 3316 non
1702 3250 1904 3337 possit
1955 3251 2282 3316 exsistere.
2388 3270 2650 3314 causam

580 3344 789 3428 igitur
818 3342 1204 3430 investigato
1237 3343 1307 3409 in
1340 3368 1413 3411 re
1437 3367 1607 3410 nova
1642 3356 1837 3429 atque
1871 3343 2253 3420 admirabili,
2289 3342 2346 3407 si
2379 3340 2616 3427 poteris
2627 3366 2647 3419 3

584 3436 649 3501 si
682 3436 921 3503 nullam
956 3438 1235 3524 reperies
1249 3485 1269 3516 ,
1321 3438 1482 3505 illud
1525 3440 1742 3505 tamen
1776 3440 2178 3525 exploratum
2219 3435 2456 3501 habeto
2487 3433 2650 3499 nihil

578 3530 729 3597 fieri
783 3532 1069 3617 potuisse
1122 3532 1261 3599 sine
1304 3554 1529 3612 causa,
1584 3554 1862 3617 eumque
1905 3542 2241 3605 terrorem,
2294 3549 2490 3611 quem
2531 3526 2650 3591 tibi

582 3626 681 3692 rei
732 3626 989 3693 novitas
1043 3626 1357 3704 attulerit,
1408 3638 1680 3693 naturae
1732 3623 1979 3692 ratione
2032 3622 2351 3709 depellito.
2437 3621 2532 3685 ita
2585 3630 2649 3685 te

585 3741 711 3787 nec
744 3732 955 3789 terrae
996 3721 1291 3789 fremitus
1334 3745 1458 3790 nec
1494 3723 1656 3788 caeli
1697 3721 2014 3787 discessus
2047 3740 2171 3785 nec
2211 3715 2502 3803 lapideus
2538 3726 2650 3780 aut

589 3817 984 3905 sanguineus
1034 3816 1245 3883 imber
1288 3840 1411 3884 nec
1460 3816 1748 3883 traiectio
1799 3815 2022 3881 stellae
2072 3833 2196 3879 nec
2243 3811 2421 3877 faces
2473 3808 2650 3876 visae

587 3912 925 3979 terrebunt
932 3936 952 3991 3
989 3933 1267 3996 quorum
1300 3912 1591 3979 omnium
1626 3932 1856 3977 causas
1891 3908 1948 3974 si
1983 3932 2024 3973 a
2051 3903 2419 3991 Chrysippo
2454 3924 2652 3988 quae-

580 4030 723 4073 ram
732 4056 753 4087 ,
818 4008 961 4094 ipse
1010 4008 1121 4075 ille
1174 4006 1588 4074 divinationis
1641 4016 1866 4073 auctor
1917 4023 2274 4086 numquam
2323 3998 2433 4065 illa
2482 3998 2652 4065 dicet

574 4104 763 4170 facta
822 4103 1091 4169 fortuito
1144 4104 1635 4189 naturalemque
1695 4100 2009 4167 rationem
2062 4096 2348 4163 omnium
2405 4092 2649 4163 reddet.

2693 3922 2746 3963 61
