3292 4559
942 250 1048 304 DE
1083 248 1410 303 DEORUM
1442 248 1767 304 NATURA
1800 248 1846 301 1.
1884 248 2122 304 93-9a
2465 237 2547 303 31

511 387 640 441 tem
673 384 996 439 aeternam
1029 360 1238 456 figura
1262 370 1691 455 membrisque
1721 370 1998 455 corporis
2028 393 2297 436 vacuam
2324 372 2551 439 cadere

510 492 639 534 non
680 466 925 554 potest?
975 466 1133 530 nihil
1177 464 1351 529 aliud
1397 466 1554 529 dicis
1597 466 1721 529 nisi
1766 472 2143 549 ‘numquam
2178 467 2311 531 vidi
2354 468 2552 533 solem
2594 486 2646 526 ⁹6

510 574 622 628 aut
653 562 964 626 mundum
999 560 1297 624 beatum?
1353 559 1546 643 quid?
1581 558 1893 624 mundum
1924 570 2177 644 praeter
2208 558 2379 627 hunc
2412 584 2553 626 um-

511 678 785 741 quamne
820 654 1072 718 vidisti?
1117 654 1406 739 negabis·
1497 676 1610 719 cur
1654 654 1851 737 igitur
1892 676 2023 719 non
2059 646 2347 721 sescenta
2378 656 2554 719 milia

509 772 648 814 esse
683 748 1087 823 mundorum,
1123 747 1236 813 sed
1269 746 1757 812 innumerabilia
1792 769 1985 811 ausus
2014 770 2081 811 es
2110 747 2359 813 dicere?
2392 750 2552 811 ratio

508 842 744 907 docuit.
833 862 985 926 ergo
1019 840 1142 905 1100
1177 850 1242 905 te
1273 840 1432 904 ratio
1471 862 1600 905 non
1637 840 1919 917 docebit,
1964 862 2111 905 cum
2144 843 2555 926 praestantis-

509 936 672 999 sima
704 944 933 998 natura
967 945 1308 1017 quaeratur
1343 954 1545 1018 eaque
1581 935 1771 998 beata
1806 944 1867 999 et
1904 946 2180 1012 aeterna,
2218 956 2383 1017 quae
2421 937 2555 1001 sola

511 1028 728 1093 divina
769 1038 996 1091 natura
1039 1038 1164 1105 est,
1217 1036 1290 1093 ut
1331 1028 1783 1093 inmortalitate
1830 1028 2157 1093 vincamur
2201 1029 2283 1093 ab
2320 1052 2397 1094 ea
2439 1052 2553 1093 na-

509 1134 684 1197 tura,
737 1121 829 1186 sie
863 1121 1058 1185 animi
1103 1123 1489 1206 praestantia
1523 1122 1724 1202 vinci,
1779 1132 1970 1205 atque
2006 1132 2079 1185 ut
2122 1122 2344 1200 animi,
2398 1122 2553 1187 item

509 1214 829 1300 corporis?
875 1236 989 1279 cur
1021 1216 1243 1301 igitur,
1288 1238 1434 1281 cum
1480 1216 1705 1282 ceteris
1740 1216 1933 1281 rebus
1966 1216 2296 1284 inferiores
2334 1217 2550 1293 simus,

510 1310 718 1373 forma
750 1330 936 1394 pares
972 1310 1229 1373 sumus?
1274 1310 1355 1374 ad
1392 1310 1868 1375 similitudinem
1904 1310 2073 1375 enim
2109 1310 2373 1375 deorum
2406 1332 2553 1396 pro-

500 1403 656 1492 pius
709 1402 1052 1469 accedebat
1101 1402 1382 1469 humana
1433 1404 1634 1469 virtus
1680 1426 1875 1488 quam
1925 1404 2151 1490 figura.
2250 1428 2333 1469 an
2377 1404 2554 1488 quic·
2588 1400 2657 1510 ἒξ

509 1518 707 1581 quam
742 1507 875 1559 tam
908 1496 1152 1580 puerile
1189 1496 1312 1561 dici
1347 1508 1583 1582 potest,
1635 1509 1708 1561 ut
1752 1497 2025 1563 eundem
2068 1498 2281 1563 10011111
2316 1496 2552 1561 diutius

511 1610 820 1675 urgueam
832 1636 851 1665 ,
905 1610 1098 1672 quam
1141 1589 1194 1653 si
1239 1612 1316 1655 ea
1355 1612 1594 1675 genera
1637 1590 2001 1668 beluarum,
2054 1612 2218 1674 quae
2258 1591 2327 1654 in
2361 1591 2551 1655 rubro

510 1682 672 1745 mari
712 1682 976 1747 Indiave
1021 1682 1395 1767 gignantur,
1449 1684 1625 1747 nulla
1684 1707 1823 1749 esse
1870 1684 2193 1749 dicamus?
2245 1684 2421 1769 atqui
2472 1707 2552 1747 ne

510 1774 920 1839 curiosissimi
945 1774 1203 1857 quidem
1227 1776 1514 1841 homines
1533 1776 1925 1858 exquirendo
1944 1777 2162 1842 audire
2195 1788 2325 1841 tam
2351 1778 2554 1841 multa

510 1878 803 1953 possunt,
849 1889 1044 1949 quam
1079 1878 1226 1931 sunt
1259 1869 1480 1944 multa,
1517 1890 1683 1950 quae
1719 1880 1914 1943 terra,
1950 1870 2139 1943 mari,
2184 1869 2550 1952 paludibus,

509 1959 878 2026 fluminibus
914 1958 1251 2023 exsistunt:
1289 1980 1454 2042 quae
1478 1981 1789 2043 negemus
1819 1980 1977 2035 esse,
2016 1960 2167 2043 quia
2200 1982 2551 2043 numquam

510 2050 822 2115 vidimus?
873 2051 1015 2137 ipsa
1065 2073 1216 2116 vero
1269 2073 1463 2135 quam
1514 2052 1671 2115 nihil
1723 2051 1807 2116 ad
1851 2075 1987 2117 rem
2030 2052 2329 2137 pertinet,
2383 2074 2549 2134 quae

509 2166 625 2209 vos
663 2144 931 2209 delectat
965 2144 1272 2221 maxime,
1307 2144 1679 2209 similitudo!
1751 2146 1945 2229 quid?
1990 2146 2163 2209 canis
2207 2167 2418 2211 nonne
2468 2146 2553 2209 si-

510 2240 678 2305 milis
710 2240 900 2325 lupo?
935 2250 1148 2322 atque,
1167 2250 1256 2303 ut
1289 2238 1571 2315 Ennius,

715 2375 900 2440 simia
935 2398 1128 2459 quam
1165 2375 1384 2439 similis
1394 2422 1415 2452 ‚
1449 2374 1839 2461 turpissuma
1874 2376 2096 2451 bestia,
2132 2374 2343 2440 nobis!

509 2533 580 2585 at
609 2543 819 2586 mores
853 2522 921 2585 in
955 2531 1223 2604 utroque
1261 2520 1563 2605 dispares,
1636 2519 1973 2605 elephanto
2009 2520 2343 2585 beluarum
2375 2520 2551 2584 nulla

503 2615 907 2700 prudentior:
969 2614 1052 2678 ad
1094 2614 1369 2699 figuram
1411 2636 1576 2696 quae
1610 2614 1885 2679 vastior?
1929 2613 2008 2678 de
2050 2613 2269 2678 bestiis
2303 2614 2549 2697 loquor.
2593 2632 2645 2673 ss

499 2708 704 2793 ⁴quid?
773 2707 938 2772 inter
985 2706 1159 2792 ipsos
1221 2707 1508 2771 homines
1559 2728 1771 2771 nonne
1824 2717 1889 2771 et
1948 2705 2277 2770 simillimis
2331 2706 2551 2769 formis

513 2802 796 2885 dispares
850 2820 1059 2864 mores
1113 2810 1176 2864 et
1223 2799 1506 2864 moribus
1571 2802 1898 2863 simillimis
1942 2800 2149 2883 figura
2193 2798 2551 2863 dissimilis?

498 2884 746 2959 'etenim
781 2892 836 2957 si
871 2892 1085 2967 semel,
1119 2892 1347 2967 Vellei,
1383 2892 1761 2977 suscipimus
1788 2914 1991 2977 genus
2026 2892 2149 2956 hoc
2176 2892 2550 2977 argumenti,

511 2985 770 3049 attende
823 3004 949 3065 quo
1002 2995 1241 3069 serpat:
1295 2995 1366 3048 tu
1417 2986 1590 3049 enim
1641 2986 1937 3050 sumebas
1988 2986 2109 3050 nisi
2160 2985 2227 3049 in
2278 2984 2551 3049 hominis

513 3078 720 3163 figura
753 3075 1064 3141 rationem
1095 3078 1304 3143 inesse
1337 3100 1467 3142 non
1499 3100 1688 3165 posse
1696 3103 1717 3155 ;
1754 3090 1962 3145 sumet
1988 3079 2151 3143 alius
2178 3080 2299 3143 nisi
2332 3079 2401 3144 in
2425 3091 2553 3144 ter-

511 3170 716 3247 restri,
749 3168 874 3235 nisi
907 3170 975 3234 in
1009 3192 1106 3245 e0,
1142 3171 1254 3253 qui
1285 3182 1474 3235 natus
1509 3172 1612 3247 sit,
1644 3171 1769 3235 nisi
1801 3171 1869 3235 in
1904 3194 2005 3245 eo,
2037 3174 2147 3255 qui
2183 3172 2554 3249 aduleverit,

510 3266 634 3331 nisi
669 3265 735 3328 in
770 3286 867 3341 eo,
903 3263 1014 3348 qui
1051 3263 1359 3341 didicerit,
1393 3264 1517 3329 nisi
1551 3266 1620 3331 in
1654 3288 1759 3343 eo,
1794 3267 1905 3349 qui
1944 3289 2027 3331 ex
2060 3266 2270 3331 animo
2307 3277 2553 3333 constet

499 3371 579 3429 et
623 3380 882 3445 corpore
927 3359 1168 3423 caduco
1213 3370 1276 3423 et
1317 3359 1596 3435 infirm0,
1647 3371 1967 3444 postremo
2011 3361 2134 3425 nisi
2177 3362 2245 3425 in
2296 3360 2551 3424 homine

507 3464 704 3536 atque
754 3452 1024 3535 mortali.
1112 3452 1285 3536 quod
1337 3453 1392 3517 si
1435 3452 1504 3517 in
1546 3452 1840 3517 omnibus
1892 3452 1992 3517 his
2040 3455 2235 3519 rebus
2279 3452 2551 3528 obsistis,

511 3546 669 3629 quid
700 3557 799 3610 est
833 3544 1004 3632 quod
1039 3556 1101 3611 te
1136 3546 1340 3609 forma
1363 3568 1494 3609 una
1519 3546 1887 3611 conturbet?
1920 3546 2018 3610 his
2046 3547 2212 3609 enim
2237 3545 2550 3621 omnibus,

511 3660 678 3722 quae
703 3638 1027 3723 proposui,
1065 3638 1378 3703 adiunctis
1402 3639 1471 3703 in
1505 3638 1761 3705 homine
1788 3638 2098 3703 rationem
2124 3660 2260 3703 esse
2286 3648 2350 3701 et
2374 3659 2551 3701 men-

514 3745 644 3797 tem
679 3731 961 3807 videbas,
996 3730 1230 3814 'quibus
1266 3731 1560 3797 detractis
1588 3732 1781 3798 deum
1813 3743 2028 3795 tamen
2058 3752 2247 3795 nosse
2280 3739 2343 3793 te
2372 3728 2549 3806 dicis,

513 3823 703 3889 modo
736 3823 1102 3889 liniamenta
1135 3837 1451 3890 maneant.
1537 3826 1657 3889 hoc
1690 3836 1787 3889 est
1821 3846 1950 3887 non
1986 3819 2402 3898 considerare,
2438 3822 2549 3887 sed

509 3918 697 4001 quasi
733 3918 968 3995 sortiri,
1003 3917 1158 4001 quid
1191 3918 1482 4003 loquare:
1537 3919 1657 3983 nisi
1694 3919 1853 3983 forte
1888 3939 1969 3981 ne
2004 3916 2125 3981 hoc
2158 3916 2417 3998 quidem
2452 3928 2549 3981 at·
2590 3934 2643 3974 ⁹⁹

513 4012 751 4093 tendis,
794 4034 924 4077 non
958 4011 1200 4077 modo
1181 4036 1248 4075 111
1283 4013 1565 4089 homine,
1605 4014 1719 4077 sed
1755 4009 1941 4079 etiam
1976 4010 2041 4074 in
2074 4012 2329 4086 arbore,
2374 3996 2550 4094 quic-
