3292 4559
1117 217 1225 317 nn
1258 261 1593 320 memus
1628 262 1676 315 1.
1717 262 1920 319 ‘1—13.
2422 253 2552 321 253

474 400 583 468 ut,
631 388 692 455 si
740 385 852 473 qui
896 386 1031 453 dies
1074 385 1157 450 ad
1200 384 1639 450 rusticandum
1685 385 1820 450 dati
1855 386 2010 466 sint,
2056 388 2139 452 ad
2175 410 2394 455 eorum
2430 408 2552 456 nu-

474 504 741 551 merum
793 480 1361 547 adcommodentur
1420 499 1587 564 quae
1641 479 2009 545 scribimus·
2082 480 2344 548 historia
2397 506 2550 549 vero

474 600 602 645 nec
628 574 883 642 institui
911 584 1123 661 potest
1147 572 1271 639 nisi
1296 583 1678 660 praeparato
1706 573 1836 639 otio
1864 596 1984 641 nec
2012 575 2248 662 exiguo
2265 588 2551 665 tempore

476 664 768 746 absolvi,
803 680 871 734 et
895 685 1018 755 ego
1047 666 1242 733 animi
1269 667 1550 753 pendere
1576 666 1773 744 soleo,
1801 688 1950 733 cum
1979 670 2176 735 semel
2193 670 2349 754 quid
2367 693 2548 737 orsus

479 787 643 841 sum,
685 763 744 828 si
776 762 1077 828 traducor
1104 761 1251 840 alic,
1278 780 1487 845 neque
1515 772 1647 826 tam
1673 760 1865 826 facile
1897 761 2252 850 interrupta
2277 776 2548 833 contexo

478 881 686 945 quam
746 857 1011 922 absolvo
1062 855 1374 922 instituta.
1461 856 1593 921 Att.
1658 855 2084 943 Legationem
2130 857 2408 941 aliquam
2449 861 2550 925 ni-

476 954 727 1019 mirum
762 949 889 1016 ista
920 950 1125 1016 oratio
1159 952 1443 1037 postulat
1478 961 1591 1015 aut
1626 948 1764 1015 eius
1797 950 1974 1015 modi
2007 953 2378 1038 quampiam
2413 976 2548 1019 ces-

479 1049 739 1115 sionem
789 1044 1059 1112 liberam
1112 1056 1303 1129 atque
1357 1040 1646 1111 otiosam.
1734 1046 1827 1110 Μ.
1907 1044 2054 1132 Ego
2117 1069 2272 1113 vero
2325 1050 2548 1115 aetatis

477 1142 700 1231 potius
749 1140 1071 1207 vacationi
1114 1139 1544 1217 confidebam,
1589 1161 1742 1205 cum
1787 1141 2160 1225 praesertim
2203 1164 2334 1207 non
2367 1164 2552 1209 recu-

478 1258 696 1304 sarem
735 1254 867 1321 quo
898 1235 1112 1300 minus
1144 1256 1325 1300 more
1358 1234 1565 1321 patrio
1602 1233 1831 1300 sedens
1865 1234 1933 1299 in
1968 1234 2128 1301 solio
2163 1236 2550 1302 consulenti-

477 1332 606 1398 bus
662 1329 1125 1417 responderem
1178 1328 1652 1414 senectutisque
1693 1351 1824 1393 non
1866 1329 2086 1395 inertis
2127 1342 2310 1417 grato
2359 1341 2552 1416 atque

477 1426 763 1491 honesto
814 1424 1120 1511 fungerer
1161 1444 1446 1489 munere.
1536 1422 1627 1488 sic
1672 1422 1844 1489 enim
1885 1423 2042 1489 mihi
2083 1424 2304 1491 liceret
2349 1436 2414 1491 et
2446 1425 2552 1491 isti

476 1520 604 1598 rei,
642 1540 849 1605 quam
882 1517 1236 1595 desideras,
1284 1528 1349 1583 et
1380 1516 1597 1583 multis
1632 1516 2034 1585 uberioribus
2071 1529 2262 1604 atque
2296 1520 2551 1585 maiori-

478 1615 605 1680 bus
643 1634 885 1700 operae
920 1621 1232 1696 quantum
1267 1612 1496 1679 vellem
1532 1611 1707 1677 dare.
1794 1614 1927 1677 Att.
1972 1613 2178 1696 Atqui
2210 1635 2435 1680 vereor
2467 1638 2548 1681 ne

478 1708 677 1774 istam
729 1728 991 1772 causam
1024 1728 1214 1773 nemo
1248 1717 1473 1771 noscat
1506 1706 1749 1791 tibique
1786 1727 2038 1792 semper
2070 1707 2414 1773 dicendum
2449 1708 2549 1786 sit,

479 1814 544 1871 et
589 1827 670 1871 eo
720 1803 959 1890 magis,
1004 1801 1179 1888 quod
1211 1813 1275 1869 te
1308 1803 1445 1890 ipse
1480 1802 1742 1869 mutasti
1775 1814 1838 1872 et
1874 1803 2050 1869 aliud
2085 1802 2340 1870 dicendi
2373 1805 2551 1870 insti-

478 1900 667 1966 tuisti
724 1919 963 1985 genus,
1016 1907 1119 1975 ut,
1173 1918 1366 1981 quem
1416 1897 1501 1962 ad
1550 1898 1816 1963 modum
1859 1897 2163 1977 Roscius,
2218 1897 2547 1965 familiaris

480 2006 667 2072 tuus,
716 1993 789 2057 in
834 2001 1160 2057 senectute
1205 2006 1507 2057 numeros
1554 1991 1623 2056 in
1659 2001 1849 2057 cantu
1882 1992 2214 2057 remiserat
2247 1991 2548 2078 ipsasque

480 2088 801 2153 tardiores
844 2087 1085 2153 fecerat
1130 2086 1320 2152 tibias
1334 2134 1353 2164 ,
1400 2086 1493 2151 sic
1537 2097 1609 2151 tu
1644 2108 1686 2151 a
1729 2086 2266 2165 contentionibus,
2314 2088 2548 2172 quibus

483 2183 761 2248 summis
796 2181 891 2246 uti
926 2181 1205 2259 solebas,
1252 2178 1483 2247 cotidie
1518 2181 1766 2246 relaxes
1803 2179 2043 2265 aliquid
2077 2191 2152 2245 ut
2184 2181 2313 2247 iam
2348 2182 2550 2249 oratio

482 2289 600 2343 tua
652 2298 788 2343 non
839 2276 1113 2342 multum
1158 2298 1197 2341 a
1238 2274 1760 2362 philosophorum
1811 2274 2071 2341 lenitate
2127 2274 2322 2343 absit:
2375 2274 2552 2361 quod

482 2372 807 2437 sustinere
854 2390 1000 2436 cum
1046 2370 1151 2435 vel
1196 2392 1448 2436 summa
1491 2380 1786 2435 senectus
1820 2391 2009 2456 posse
2043 2368 2362 2447 videatur,
2405 2366 2551 2433 nul-

484 2464 620 2530 lam
658 2464 779 2529 tibi
814 2488 854 2529 a
889 2464 1100 2532 causis
1136 2464 1533 2531 vacationem
1567 2463 1756 2530 video
1792 2462 1950 2529 dari.
2027 2459 2100 2545 Q.
2146 2462 2242 2527 At
2275 2486 2380 2529 me
2405 2462 2552 2529 her-

487 2559 634 2625 cule
672 2581 795 2645 ego
832 2558 1187 2624 arbitrabar
1219 2582 1409 2645 posse
1444 2559 1512 2625 id
1546 2559 1788 2646 populo
1821 2569 2039 2624 nostro
2074 2556 2360 2645 probari,
2397 2556 2452 2622 si
2487 2567 2551 2623 te

488 2652 573 2718 ad
608 2652 713 2717 ius
748 2652 1265 2738 respondendum
1299 2652 1613 2718 dedisses:
1669 2674 1866 2736 quam
1901 2654 1985 2717 ob
2019 2674 2185 2728 rem,
2232 2674 2381 2716 cum
2413 2649 2553 2734 pla-

488 2746 685 2822 cebit,
721 2744 1187 2830 experiundum
1220 2744 1338 2810 tibi
1374 2766 1621 2810 censeo·
1711 2746 1802 2809 M.
1860 2744 1933 2811 Si
1967 2745 2248 2829 quidem,
2286 2742 2550 2823 Quinte,

488 2838 749 2903 nullum
800 2847 968 2901 esset
1017 2838 1086 2901 in
1140 2836 1533 2923 experiundo
1578 2838 1965 2924 periculum:
2019 2836 2135 2901 sed
2181 2856 2406 2900 vereor
2449 2855 2552 2910 ne,

490 2933 653 2998 dum
706 2929 993 2995 minuere
1046 2929 1240 2995 velim
1288 2930 1608 3008 laborem,
1671 2952 1945 3017 augeam
1998 2941 2190 3013 atque
2243 2928 2326 2993 ad
2378 2926 2552 2992 illam

412 3101 418 3108 ,
490 3046 837 3092 causarum
882 3045 1173 3112 operam,
1219 3022 1306 3089 ad
1348 3046 1548 3108 quam
1590 3046 1713 3111 ego
1747 3046 2101 3108 numquam
2135 3022 2260 3089 nisi
2291 3030 2552 3110 paratus

489 3130 558 3185 et
593 3119 939 3185 meditatus
976 3118 1241 3197 accedo,
1288 3118 1677 3205 adiungatur
1710 3117 1923 3183 haec
1904 3118 2059 3183 iuris
2095 3117 2552 3213 interpretatiO,
2651 3132 2663 3145 ·

490 3235 662 3297 quae
709 3235 839 3279 non
882 3224 1015 3279 tam
1058 3212 1217 3278 mihi
1261 3213 1529 3279 molesta
1572 3213 1654 3278 sit
1696 3223 1956 3299 propter
1999 3212 2316 3291 laborem,
2360 3233 2556 3296 quam·

492 3306 672 3391 quod
716 3306 968 3373 dicendi
1014 3306 1469 3393 cogitationem
1516 3306 1798 3385 auferat,
1847 3306 1984 3373 sine
2028 3329 2159 3392 qua
2193 3306 2278 3372 ad
2309 3306 2555 3370 nullam

488 3402 803 3467 maiorem
859 3418 1167 3488 umquam
1230 3424 1491 3467 causam
1549 3424 1694 3467 sum
1747 3424 1940 3467 ausus
1994 3400 2317 3469 accedere.
2418 3402 2551 3464 Att.

491 3493 677 3577 Quin
710 3494 907 3582 igitur
940 3496 1063 3561 ista
1096 3496 1237 3583 ipsa
1272 3494 1553 3583 explicas
1590 3495 1775 3562 nobis
1812 3494 1911 3561 his
1949 3493 2304 3571 subsicivis,
2341 3503 2413 3559 ut
2441 3492 2553 3569 ais,

493 3591 889 3675 temporibus
943 3603 1009 3656 et
1060 3589 1404 3658 conscribis
1459 3590 1541 3657 de
1592 3591 1732 3658 iure
1787 3591 1958 3656 civili
2011 3590 2306 3656 subtilius
2360 3609 2556 3672 quam

494 3684 729 3750 ceteri?
791 3708 939 3750 nam
978 3708 1017 3750 a
1051 3686 1257 3797 primo
1292 3696 1578 3772 tempore
1614 3685 1840 3751 aetatis
1873 3685 1999 3750 iuri
2032 3684 2288 3750 studere
2322 3692 2386 3749 te
2420 3703 2556 3749 me-

493 3777 681 3855 mini,
731 3802 879 3846 cum
922 3781 1060 3867 ipse
1106 3780 1299 3847 etiam
1344 3779 1428 3845 ad
1464 3779 1845 3847 Scaevolam
1890 3779 2299 3855 ventitarem,
2343 3798 2553 3861 neque

494 3893 804 3955 umquam
855 3875 1013 3941 mihi
1057 3875 1231 3941 visus
1276 3896 1346 3940 es
1387 3875 1481 3941 ita
1521 3886 1584 3941 te
1633 3874 1718 3939 ad
1763 3874 2106 3940 dicendum
2149 3872 2430 3949 dedisse,
2483 3881 2556 3935 ut

494 3963 594 4029 ius
650 3966 833 4036 civile
886 3980 1349 4037 contemneres.
1435 3968 1527 4033 M.
1600 3968 1682 4033 In
1733 3966 2000 4057 longum
2053 3988 2409 4034 sermonem
2451 3987 2554 4031 me

497 4078 711 4140 vocas,
756 4063 993 4143 Attice,
1036 4086 1233 4153 quem
1267 4076 1513 4143 tamen,
1556 4062 1685 4128 nisi
1719 4062 2002 4146 Quintus
2038 4061 2212 4129 aliud
2246 4060 2400 4148 quid
2435 4080 2551 4125 nos

2593 882 2644 922 1⁰

2598 3412 2648 3452 13

2871 340 2884 355 ι

2924 66 2933 76 ι

2952 355 2966 491 -ι-Ὶ-
2938 278 2963 337 .,-“..
2939 218 2963 265 2-.
2958 166 2960 171 .
2958 4 2961 33 --
