3292 4559
1009 296 1118 352 DE
1148 293 1673 358 DIVINATIONE
1703 294 1755 350 1.
1792 295 2029 354 35—41.
2426 279 2563 351 137

494 423 656 492 illud
691 423 974 490 oraclum
1003 419 1280 508 Delphis
1316 431 1451 486 tam
1484 417 1739 484 celebre
1774 428 1840 484 et
1874 427 2009 482 tam
2046 417 2293 484 clarum
2334 415 2563 483 fuisset

496 541 706 604 neque
757 517 950 584 tantis
1003 516 1188 582 donis
1239 515 1547 582 refertum
1591 513 1881 579 emnium
1930 511 2319 599 populorum
2371 521 2564 598 atque

497 635 753 700 regum,
823 611 949 678 nisi
999 611 1208 676 omnis
1270 621 1446 676 aetas
1499 607 1862 674 oraclorum
1921 607 2179 674 illorum
2227 605 2585 673 veritatem·

497 718 666 774 esset
707 717 992 794 experta.
1079 705 1254 772 idem
1298 705 1430 770 iam
1464 704 1578 770 diu
1611 724 1743 768 non
1776 702 1952 767 facit.
2040 713 2115 768 ut
2156 701 2357 788 igitur
2389 722 2565 767 nunc
2606 729 2660 771 ss

495 805 564 867 in
598 801 846 868 minore
879 799 1089 887 gloria
1123 810 1248 877 est,
1294 799 1448 884 quia
1489 799 1703 864 minus
1740 799 2147 864 oraculorum
2181 797 2419 864 veritas
2454 819 2567 862 ex-

495 895 695 974 cellit,
749 895 844 962 sic
895 907 1035 960 tum
1078 894 1203 958 nisi
1246 915 1498 958 summa
1543 894 1810 959 veritate
1852 893 1921 957 in
1964 903 2142 957 tanta
2184 890 2395 978 gloria
2436 912 2569 956 non

497 989 748 1054 fuisset.
834 998 1048 1074 potest
1081 987 1429 1054 autem'vis
1463 987 1573 1052 illa
1607 999 1846 1065 terrae,
1900 1007 2068 1071 quae
2116 996 2400 1052 mentem
2432 983 2569 1070 Py·

500 1081 675 1147 thiae
719 1081 939 1147 divino
984 1079 1226 1147 adflatu
1269 1080 1659 1158 concitabat,
1714 1081 2050 1148 evanuisse
2096 1089 2444 1156 vetustate,
2498 1089 2571 1142 ut

499 1175 818 1262 quosdam
869 1173 1239 1264 [evanuisse
1293 1170 1387 1264 et]
1443 1177 1769 1242 exaruisse
1823 1175 2027 1242 amnis
2086 1187 2201 1240 aut
2251 1175 2321 1240 in
2372 1169 2570 1238 alium

501 1291 763 1336 cursum
799 1281 1120 1336 contortos
1158 1282 1222 1336 et
1257 1269 1539 1337 deflexos
1576 1269 1892 1338 videmus.
1966 1271 2101 1348 sed,
2138 1281 2212 1334 ut
2246 1268 2367 1346 vis,
2404 1267 2571 1333 acci-

502 1365 694 1443 derit3
740 1387 980 1452 magna
1023 1365 1194 1431 enim
1241 1366 1529 1450 quaestio
1565 1377 1692 1432 est:
1736 1367 1933 1430 modo
1969 1374 2227 1430 maneat
2258 1363 2359 1441 id,
2396 1361 2572 1447 quod

501 1459 726 1549 negari
759 1482 890 1526 non
924 1471 1164 1547 potest,
1215 1461 1341 1526 nisi
1376 1483 1633 1527 omnem
1676 1459 2013 1527 historiam
2054 1457 2571 1548 perverterimus,

503 1555 718 1621 multis
757 1557 982 1623 saeclis
1016 1579 1216 1623 verax
1249 1557 1448 1622 fuisse
1484 1557 1552 1622 id
1587 1558 1938 1623 oraculum.

635 1649 770 1717 Sed
824 1651 1194 1716 omittamus
1248 1651 1535 1729 oracula,
1597 1651 1933 1717 veniamus
1998 1649 2082 1714 ad
2148 1647 2425 1725 somnia3
2491 1645 2571 1712 de
2606 1651 2677 1706 20

505 1743 739 1830 quibus
785 1745 1118 1830 disputans
1167 1742 1574 1831 Chrysippus
1606 1744 1835 1808 multis
1878 1755 1944 1808 et
1994 1743 2256 1807 minutis
2309 1739 2571 1806 somniis
2616 1724 2667 1764 ³⁹

506 1837 902 1922 conligendis
937 1838 1097 1902 facit
1140 1837 1342 1914 idem,
1397 1837 1574 1920 quod
1608 1836 1986 1921 Antipater,
2045 1859 2123 1901 ea
2166 1835 2591 1918 conquirens,.

507 1953 676 2016 quae
711 1931 1134 2015 Antiphontis
1178 1930 1699 2018 interpretatione
1736 1931 2056 2016 explicata
2092 1927 2419 1995 declarant
2461 1927 2573 1991 illa

507 2023 771 2110 quidem
816 2045 1090 2089 acumen
1143 2023 1534 2110 interpretis,
1589 2023 1707 2089 sed
1760 2023 2069 2109 exemplis
2120 2019 2571 2108 grandioribus

507 2119 724 2186 decuit
769 2118 885 2184 uti.
973 2117 1276 2205 Dionysii
1309 2129 1543 2197 mater,
1582 2118 1750 2196 eius,
1797 2117 1910 2202 qui
1946 2115 2437 2203 Syracosiorum
2472 2125 2574 2200 ty-

505 2235 746 2278 rannus
780 2212 932 2289 fuit,
987 2223 1061 2277 ut
1093 2213 1403 2299 scriptum
1438 2213 1614 2300 apud
1645 2205 1996 2277 Philistum
2028 2222 2157 2289 est,
2214 2221 2278 2276 et
2311 2210 2575 2275 doctum

505 2308 832 2374 hominem
874 2317 939 2374 et
983 2307 1354 2394 diligentem
1398 2319 1464 2374 et
1508 2309 1843 2394 aequalem
1891 2317 2268 2394 temporum
2295 2305 2571 2381 illorum,

491 2413 658 2468 'cum
695 2423 1016 2490 praegnas
1074 2403 1247 2468 hunc
1296 2403 1514 2489 ipsum
1553 2401 1949 2488 Dionysium
2002 2403 2147 2466 alvo
2201 2400 2573 2476 contineret,

507 2497 848 2564 somniavit
883 2519 952 2562 se
988 2497 1313 2584 peperisse
1351 2496 1785 2566 Satur-iseum:
1830 2495 1981 2564 huic
2016 2497 2393 2582 interpretes
2428 2514 2576 2580 por-

506 2603 849 2671 tentorum,
883 2592 998 2678 qui
1035 2590 1346 2659 Galeotae
1382 2604 1523 2658 tum
1556 2593 1626 2657 in
1662 2591 1887 2658 Sicilia
1915 2590 2439 2666 nominabantur,
2476 2611 2577 2653 re-

510 2687 935 2772 sponderunt,
979 2698 1054 2752 ut
1087 2688 1178 2752 ait
1211 2685 1553 2764 Philistus,
1607 2709 1787 2764 eum,
1835 2707 2029 2770 quem
2062 2684 2173 2749 illa
2205 2683 2575 2769 peperisset,

509 2782 934 2847 clarissimum
973 2779 1288 2848 Graeciae
1334 2780 1639 2846 diuturna
1684 2801 1836 2844 cum
1878 2779 2139 2844 fortuna
2172 2777 2330 2842 fore.
2412 2795 2575 2840 num
2618 2802 2670 2841 40

513 2885 579 2940 te
615 2875 700 2939 ad
732 2875 987 2940 fabulas
1020 2897 1252 2941 revoco
1287 2874 1392 2940 vel
1407 2866 1802 2940 'nostrorum
1843 2874 1948 2940 vel
1986 2871 2397 2940 Graecorum·
2418 2875 2576 2957 poe·-

515 2969 766 3034 tarum?
799 2979 1017 3033 narrat
1052 2968 1222 3034 enim
1258 2979 1324 3034 et
1358 2967 1534 3054 apud
1567 2965 1856 3032 Ennium
1886 2966 2173 3034 Vestalis
2207 2966 2347 3032 illa:

683 3063 894 3128 excita
927 3083 1076 3128 cum
1111 3063 1397 3129 tremulis
1433 3085 1596 3128 anus
1631 3063 1847 3128 attulit
1880 3061 2148 3128 artubus
2182 3062 2424 3140 lumen,

689 3157 843 3223 talia
877 3166 1014 3222 tum
1045 3168 1359 3225 memorat
1391 3157 1735 3224 lacrimans
1771 3156 2074 3224 exterrita
2106 3179 2361 3224 somno:

689 3251 1022 3338 Eurydica
1053 3265 1390 3339 prognata,
1420 3263 1607 3340 pater
1639 3273 1839 3336 quam
1854 3253 2087 3318 'noster
2120 3252 2380 3329 amavit,

690 3348 860 3414 vires
895 3346 1156 3432 vitaque
1191 3368 1422 3434 corpus
1455 3369 1676 3414 meum
1709 3369 1883 3412 nunc
1918 3347 2155 3414 deserit
2188 3367 2377 3412 omne
2388 3369 2407 3422 3

691 3464 844 3508 nam
877 3464 982 3508 me
1016 3442 1194 3508 visus
1229 3441 1422 3508 homo
1455 3441 1725 3529 pulcher
1754 3463 1871 3529 per
1903 3462 2177 3506 amoena
2210 3439 2435 3504 salicta

693 3548 759 3606 et
790 3537 963 3623 ripas
995 3547 1252 3624 raptare
1285 3537 1588 3622 locosque
1619 3558 1855 3603 novos:
1890 3535 1983 3600 ita
2016 3534 2173 3600 sola-

691 3643 840 3722 post
871 3633 1004 3711 illa,
1037 3653 1348 3719 germana
1381 3653 1579 3711 soror,
1616 3653 1828 3698 errare
1862 3629 2130 3696 videbar

694 3729 1005 3814 tardaque
1037 3728 1358 3816 vestigare
1393 3739 1460 3794 et
1493 3749 1801 3814 quaerere
1834 3737 1899 3793 te
1931 3746 2143 3810 neque
2177 3744 2366 3810 posse

695 3823 889 3890 corde
921 3845 1290 3910 capessere:
1326 3823 1554 3890 semita
1587 3823 1766 3890 nulla
1798 3821 2032 3909 pedem
2063 3816 2410 3886 stabilibat.

697 3917 869 3984 exim
905 3919 1266 4005 conpellare
1299 3929 1482 4006 pater
1513 3940 1622 3984 me
1656 3938 1815 3984 voce
1850 3915 2105 3982 videtur
2628 3933 2675 3974 41
2720 3945 2728 3949 -

629 4057 634 4064 ·
699 4014 798 4080 his
831 4015 1074 4080 verbis:
1112 4038 1150 4081 o
1186 4027 1405 4102 gnata,
1441 4012 1559 4081 tibi
1593 4024 1745 4081 sunt
1778 4022 1929 4078 ante
1962 4009 2281 4098 gerendae
2328 4093 2340 4101 .

701 4131 1064 4189 aerumnae,
1099 4122 1246 4198 post
1282 4133 1364 4178 ex
1397 4110 1594 4177 fluvio
1627 4107 1892 4173 fortuna
1925 4105 2196 4172 resistet.
