3292 4559
782 206 914 283 '294
1394 227 1471 281 M.
1509 226 1784 285 TULLII
1819 224 2219 285 CICERONIS

780 352 993 439 lapide
1030 348 1292 419 excitari
1327 348 1473 437 plus
1509 372 1629 416 nec
1663 349 1885 436 inponi
1920 370 2114 433 quam
2142 349 2315 436 quod
2343 350 2558 437 capiat
2579 352 2836 418 laudem

780 448 1041 525 mortui,
1086 448 1353 512 incisam
1398 470 1480 511 ne
1525 446 1671 531 plus
1714 456 2016 529 quattuor
2056 446 2264 511 herois
2308 446 2637 525 versibus,
2681 468 2836 532 quos

778 543 1007 629 longos
1054 541 1334 628 appellat
1379 539 1652 605 Ennius.
1750 538 2061 607 habemus
2105 539 2302 627 igitur
2343 540 2536 606 huius
2581 562 2836 625 quoque

781 635 1227 702 auctoritatem
1270 634 1350 700 de
1396 634 1702 720 sepulcris
1747 633 1980 700 summi
2022 633 2171 711 viri,
2217 658 2257 699 a
2290 656 2420 719 quo
2461 634 2624 701 item
2657 635 2838 700 fune-

778 754 923 797 rum
978 742 1271 817 sumptus
1324 728 1698 815 praefinitur
1750 750 1834 793 ex
1887 729 2183 795 censibus
2227 754 2266 795 a
2310 730 2498 795 minis
2555 731 2836 815 quinque

778 847 985 911 usque
1031 824 1114 890 ad
1157 824 1416 889 minam.
1511 821 1840 911 [deinceps
1885 823 2038 888 dicit
2083 824 2310 890 eadem
2341 824 2452 890 illa
2485 824 2570 891 de
2601 826 2837 891 inmor-

778 917 1023 984 talitate
1068 918 1425 983 animorum
1470 928 1535 982 et
1580 916 1830 1001 reliqua
1873 929 2018 1003 post
2063 929 2332 984 mortem
2377 920 2834 1003 tranquillitate

778 1014 1112 1089 bonorum,
1147 1011 1369 1099 poenis
1402 1008 1777 1097 inpiorum]

908 1106 1185 1173 Habetis
1228 1106 1425 1193 igitur
1472 1106 1861 1192 explicatum
1907 1128 2160 1173 omnem
2173 1154 2193 1184 ,
2236 1118 2311 1173 ut
2345 1108 2652 1186 arbitror,
2697 1109 2836 1175 reli-

777 1203 1042 1288 gionum
1076 1201 1308 1266 locum.
1405 1199 1477 1281 Q.
1523 1200 1662 1266 Nos
1698 1223 1872 1278 vero,
1908 1202 2124 1279 frater,
2161 1212 2225 1269 et
2259 1204 2517 1289 copiose
2554 1203 2834 1287 quidem,

776 1296 891 1360 sed
952 1317 1151 1381 perge
1211 1304 1441 1361 cetera.
1529 1294 1622 1359 M.
1687 1296 1970 1383 Pergam
2025 1297 2350 1381 equidem,
2414 1308 2480 1363 et
2531 1300 2830 1382 quoniam

774 1390 1027 1453 libitum
1062 1398 1161 1453 est
1194 1388 1378 1453 vobis
1414 1410 1519 1455 me
1548 1389 1631 1454 ad
1658 1389 1818 1455 haec
1845 1390 2169 1476 inpellere,
2205 1391 2516 1457 hodierno
2547 1415 2832 1458 sermone

776 1482 1108 1548 conficiam
1120 1528 1137 1560 ,
1175 1504 1391 1568 spei-0,
1428 1482 1551 1548 hoc
1585 1484 1959 1569 praesertim
1997 1484 2130 1551 die:
2185 1486 2373 1552 video
2409 1486 2587 1553 enim
2621 1486 2836 1553 Plato-

773 1600 923 1644 nem
962 1577 1137 1642 idem
1181 1578 1411 1644 fecisse
1452 1599 1836 1663 omnemque
1883 1579 2234 1645 orationem
2279 1579 2417 1647 eius
2463 1582 2550 1647 de
2584 1582 2833 1669 legibus

773 1683 1136 1759 peroratam
1189 1694 1327 1738 esse
1380 1694 1509 1737 uno
1562 1673 1804 1738 aestivo
1858 1674 1981 1739 die.
2081 1674 2174 1741 sic
2232 1674 2431 1761 igitur
2482 1676 2732 1743 faciam
2780 1690 2836 1743 et

774 1767 984 1833 dicam
1020 1766 1101 1833 de
1137 1766 1613 1852 magistratibus
1624 1790 1643 1843 ;
1679 1766 1748 1831 id
1783 1767 1953 1833 enim
1989 1778 2088 1833 est
2121 1768 2430 1854 profecte,
2467 1772 2656 1854 quod
2690 1794 2836 1838 con-

774 1862 995 1926 stituta
1036 1860 1341 1947 religione
1384 1882 1521 1927 rem
1564 1861 1888 1947 publicam
1933 1862 2255 1930 contineat
2303 1864 2612 1931 maxime.
2707 1870 2834 1933 Aa.

771 1954 876 2020 Tu
910 1977 1064 2021 vero
1100 1955 1203 2021 dic
1238 1964 1303 2021 et
1336 1954 1521 2020 istam
1560 1954 1869 2022 rationem
1907 1978 2102 2041 quam
2139 1958 2408 2045 coepisti
2442 1969 2618 2026 tene.

2864 2181 2880 2203 ,
