3292 4559
1031 302 1139 358 DE
1173 301 1696 359 DIVINATIONE
1732 301 1808 356 11.
1845 302 2082 358 80-86,
2465 291 2591 354 195

532 427 603 496 id
645 426 874 493 melius
920 425 1273 494 videbatur.
1363 425 1525 493 haec
1568 438 1810 512 quanta
1863 424 2174 492 dissensio
2219 423 2340 490 estl
2395 425 2590 512 quid?
2633 446 2684 488 ss
2779 473 2784 476 .

533 522 713 608 quod
756 521 895 588 aliis
938 522 1165 588 avibus
1210 532 1508 600 utuntur,
1556 522 1698 587 aliis
1733 523 1962 608 signis,
2009 523 2192 587 aliter
2225 520 2588 599 observant,

533 617 665 683 alia
712 617 1135 704 respondent?
1184 638 1317 682 non
1366 639 1629 684 necesse
1683 628 1781 682 est
1833 616 2020 682 fateri
2072 615 2305 703 partim
2361 616 2592 681 horum

534 733 745 778 errore
790 722 1159 798 susceptum
1195 734 1364 788 esse,
1409 713 1644 798 partim
1689 711 2166 797 superstitione,
2215 711 2422 776 multa
2472 711 2593 776 fal-

532 806 761 873 leudo?

662 900 884 984 Atque
919 899 1019 963 his
1056 899 1615 983 superstitionibus
1646 921 1780 964 non
1816 896 2124 964 dubitasti
2158 899 2351 965 etiam
2375 899 2592 964 omina
2628 919 2698 972 40

532 994 917 1080 adiungere:
972 993 1256 1058 Aemilia
1296 991 1507 1058 Paulo
1541 992 1814 1058 Persam
1855 992 2128 1077 perisse,
2183 993 2359 1076 quod
2411 1005 2594 1080 pater

532 1109 726 1154 omen
770 1087 1048 1174 accepit3
1105 1084 1390 1152 Caecilia
1441 1110 1511 1153 se
1555 1087 1790 1152 sororis
1834 1087 2004 1152 filiae
2048 1086 2232 1152 sedes
2280 1109 2430 1152 suas
2465 1096 2594 1150 tra-

524 1183 718 1260 ·dere;
762 1182 893 1248 iam
937 1181 1048 1247 illa
1093 1181 1337 1249 ‘favete
1381 1181 1650 1268 linguis'
1699 1192 1764 1246 et
1800 1181 2368 1268 ‘praerogativam,
2405 1201 2595 1245 omen

523 1277 981 1343 ·comitiorum.’
1068 1275 1193 1342 hoc
1230 1287 1327 1342 est
1368 1276 1582 1364 ipsum
1618 1298 1760 1341 esse
1805 1287 2026 1341 contra
2061 1297 2132 1342 se
2167 1275 2496 1363 copiosum
2533 1287 2598 1340 et

532 1371 873 1451 disertum3
926 1372 1185 1456 quando
1231 1372 1401 1438 enim
1446 1371 1571 1438 ista
1616 1371 1966 1438 observans
2012 1372 2230 1456 quieto
2277 1383 2340 1438 et
2392 1370 2594 1436 libero

524 1469 751 1533 animo
785 1491 926 1534 esse
960 1469 1219 1554 poteris,
1254 1479 1328 1533 ut
1362 1468 1447 1533 ad
1481 1490 1617 1534 rem
1651 1468 2004 1556 gerendam
2037 1489 2164 1532 non
2205 1465 2596 1554 superstitio-

534 1585 685 1628 nem
719 1562 978 1640 habeas,
1018 1565 1131 1629 sed
1166 1564 1479 1628 rationem
1516 1562 1790 1631 ducem?
1821 1563 2036 1628 itane?
2082 1563 2136 1627 si
2173 1563 2317 1648 quis
2353 1560 2597 1646 aliquid

532 1679 620 1724 ex
655 1679 773 1722 sua
806 1680 877 1723 re
913 1668 1107 1741 atque
1144 1680 1226 1722 ex
1260 1679 1379 1722 suo
1416 1679 1710 1723 sermone
1744 1656 2008 1733 dixerit,
2053 1667 2120 1722 et
2153 1656 2292 1722 eius
2327 1654 2598 1721 verbum

534 1751 799 1834 aliquod
832 1761 983 1836 apte
1017 1751 1317 1816 ceciderit
1352 1751 1437 1815 ad
1470 1750 1558 1826 id,
1596 1750 1772 1835 quod
1805 1773 1961 1835 ages
1997 1761 2112 1814 aut
2147 1749 2485 1836 cogitabis,
2522 1771 2599 1813 ea

536 1866 641 1908 res
694 1843 811 1907 tibi
865 1854 978 1907 aut
1030 1845 1323 1909 timorem
1371 1843 1619 1908 adferet
1671 1854 1783 1906 aut
1826 1843 2256 1908 alacritatem?
2309 1865 2456 1908 cum
2498 1843 2598 1907 M.
2645 1865 2696 1904 84

542 1935 818 2002 Crassus
856 1937 1207 2002 exercitum
1242 1935 1574 2001 Brundisii
1608 1937 1974 2022 inponeret,
2013 1937 2276 2019 quidam
2309 1936 2378 2000 in
2411 1947 2602 2024 portu

538 2031 781 2096 caricas
828 2027 1059 2096 Cauno
1105 2030 1407 2096 advectas
1452 2030 1740 2096 vendens
1795 2039 1812 2067 ‘
1829 2028 2157 2095 Cauneas'
2213 2029 2599 2117 clamitabat.

537 2127 857 2202 dicamus,
894 2125 949 2190 si
981 2125 1227 2211 placet,
1272 2124 1585 2190 monitum
1620 2123 1703 2189 ab
1741 2147 1817 2192 eo
1855 2123 2169 2190 Crassum
2204 2130 2486 2190 ‘caveret
2520 2147 2602 2189 ne

537 2221 706 2298 iret’3
758 2241 889 2286 non
935 2219 1134 2284 fuisse
1169 2220 1551 2306 periturum,
1605 2219 1661 2284 si
1697 2219 1894 2284 omini
1937 2218 2285 2306 paruisset:
2339 2239 2505 2301 quae
2549 2218 2605 2284 si

520 2313 982 2402 suscipiamus,
1018 2313 1201 2399 pedis
1238 2313 1507 2379 offensio
1540 2313 1730 2378 nobis
1767 2325 1832 2380 et
1866 2313 2163 2399 abruptio
2200 2311 2511 2399 corrigiae
2537 2323 2605 2380 et

524 2419 975 2475 sternumenta
1008 2419 1196 2473 erunt
1229 2407 1653 2473 observanda.

669 2501 889 2572 Sortes
934 2512 1177 2568 restant
1221 2512 1287 2568 et
1333 2499 1678 2578 Chaldaei,
1730 2513 1804 2567 ut
1839 2501 1924 2566 ad
1969 2500 2134 2567 vatis
2167 2501 2501 2567 veniamus
2537 2513 2601 2568 et
2636 2495 2703 2548 41

536 2598 625 2664 ad
674 2599 940 2664 somnia.
1046 2598 1390 2664 dicendum
1451 2596 1650 2682 igitur
1701 2607 1891 2684 putas
1944 2596 2026 2661 de
2079 2595 2394 2661 sortibus?
2446 2569 2682 2681 quid8

536 2694 711 2760 enim
748 2715 883 2759 sors
920 2693 1055 2759 est?
1106 2693 1279 2758 idem
1313 2704 1512 2778 prope
1547 2692 1842 2768 modum,
1898 2691 2074 2776 quod
2107 2691 2371 2766 micare,
2427 2692 2604 2775 quod

536 2789 702 2852 talos
737 2788 974 2864 iacere,
1010 2787 1186 2869 quod
1222 2798 1491 2852 tesseras
1505 2834 1523 2863 ,
1568 2787 1806 2870 quibus
1849 2786 1918 2850 in
1951 2786 2146 2850 rebus
2181 2785 2503 2851 temeritas
2540 2797 2605 2851 et

539 2902 752 2955 casus,
788 2900 919 2943 non
952 2879 1115 2944 ratio
1143 2900 1263 2944 nec
1300 2879 1638 2944 consilium
1665 2879 1856 2944 valet.
1911 2891 2046 2946 tota
2079 2901 2182 2944 res
2211 2890 2308 2945 est
2341 2877 2604 2946 inventa

523 2971 812 3038 fallaciis
857 2983 971 3036 aut
1012 2971 1095 3035 ad
1139 2983 1477 3055 quaestum
1524 2984 1637 3038 aut
1679 2972 1763 3036 ad
1807 2973 2317 3058 superstitionem
2361 2985 2472 3039 aut
2519 2975 2604 3039 ad

524 3085 845 3132 errorem.
899 3081 1120 3149 atque,
1156 3077 1230 3129 ut
1261 3065 1330 3132 in
1363 3064 1774 3152 haruspicina
1806 3065 2104 3146 fecimus,
2141 3069 2234 3134 sic
2268 3069 2602 3135 videamus

540 3160 1063 3228 clarissumarum
1108 3159 1373 3224 sortium
1416 3181 1583 3245 quae
1625 3160 1915 3226 tradatur
1959 3160 2261 3227 inventio.
2357 3165 2602 3230 Nume-

540 3257 711 3320 rium
760 3252 1149 3321 Suffustium
1188 3252 1757 3321 Praenestinorum
1811 3267 2226 3323 monumenta
2279 3257 2604 3322 declara-nt

540 3349 885 3414 honestum
929 3347 1252 3414 hominem
1295 3361 1361 3414 et
1401 3349 1684 3416 nobilem
1727 3351 1988 3417 somniis
2041 3351 2309 3427 crebris,
2363 3351 2447 3414 ad
2492 3372 2604 3415 ex-

538 3456 821 3510 tremum
865 3443 1058 3508 etiam
1099 3442 1489 3522 minacibus,
1543 3466 1694 3511 cum
1735 3444 2064 3510 iuberetur
2114 3453 2290 3509 certo
2340 3443 2410 3508 in
2459 3444 2602 3508 loco

520 3539 788 3606 ‹silicem
822 3537 1087 3604 caedere
1100 3583 1118 3614 ,
1163 3540 1569 3624 perterritum
1611 3538 1770 3605 visis
1811 3537 2234 3603 inridentibus
2280 3537 2412 3602 suis
2449 3536 2604 3602 civi-

542 3634 667 3698 bus
700 3632 771 3697 id
804 3653 998 3717 agere
1043 3631 1327 3718 coepisse
1340 3656 1358 3710 3
1403 3633 1623 3719 itaq'ue
1668 3631 1987 3720 perfracto
2033 3651 2188 3696 saxo
2235 3630 2420 3696 sortis
2458 3651 2603 3697 eru-

540 3729 717 3814 pisse
750 3725 821 3791 in
853 3725 1082 3793 robore
1116 3725 1466 3813 insculptas
1501 3729 1858 3813 priscarum
1893 3727 2247 3792 litterarum
2281 3725 2467 3790 notis.
2546 3725 2602 3791 is

536 3833 643 3886 est
678 3819 867 3886 hodie
901 3821 1083 3886 locus
1119 3832 1377 3908 saeptus
1412 3823 1713 3909 religiose
1744 3832 2007 3910 propter
2040 3820 2216 3886 Iovis
2251 3821 2456 3907 pueri,
2493 3821 2604 3905 qui

540 3913 849 4004 [lactens]
890 3935 1039 3980 cum
1072 3915 1321 3982 Iunone
1356 3916 1688 3983 Fortunae
1731 3917 1802 3982 in
1844 3915 2092 4003 gremio
2135 3914 2365 3980 sedens
2401 3936 2604 3980 mam-

544 4029 722 4072 mam
756 4009 1064 4095 adpetens
1102 4009 1455 4077 castissime
1492 4011 1722 4078 colitur
1757 4035 1797 4076 a
1829 4009 2161 4075 matribus.
2251 4009 2600 4094 eodemque
2645 4029 2694 4069 εῡ

516 4115 834 4190 ·tempore
876 4103 944 4170 in
987 4126 1065 4171 eo
1107 4104 1283 4185 1000,
1334 4105 1449 4174 ubi
1482 4105 1812 4174 Fortunae
1852 4127 2026 4172 nunc
2060 4115 2157 4173 est
2201 4103 2392 4172 aedes
2405 4153 2423 4185 ,
2477 4106 2604 4172 mel

2143 4205 2245 4261 13*
