3292 4559
886 307 994 364 DE
1027 299 1356 390 DEORUM
1389 303 1717 362 NATURA
1750 303 1857 358 m.
1894 285 2151 362 (sl—67(
2414 291 2539 358 111

479 443 702 500 tantus
747 455 920 499 error
961 430 1116 507 fuit,
1159 439 1234 494 ut
1273 427 1644 516 perniciosis
1700 427 1895 494 etiam
1942 429 2137 494 rebus
2189 451 2319 495 non
2361 433 2541 496 modo

481 552 720 596 nomen
755 529 1017 593 deorum
1052 524 1455 601 tribueretur,
1490 523 1607 589 sed
1642 523 1835 589 etiam
1872 545 2055 589 sacra
2082 525 2542 592 constitueren-

482 635 608 688 tur.
659 621 886 690 Febris
923 621 1094 687 enim
1126 620 1350 685 fanum
1381 618 1453 684 in
1485 617 1744 684 Palatio
1776 627 1841 683 et
1882 619 2163 684 Orbonae
2195 623 2286 685 ad
2314 621 2541 688 aedem

481 717 729 784 Larum
775 727 840 782 et
885 738 1062 782 aram
1105 714 1326 781 Malae
1369 713 1696 779 Fortunae
1742 711 2049 796 Esquiliis
2104 725 2540 781 consecratam

479 811 797 878 videmus.
863 810 1074 874 omnis
1119 808 1316 895 igitur
1345 807 1494 872 talis
1524 827 1568 872 a
1602 807 2005 895 philosophia
2036 809 2314 895 pellatur
2347 831 2540 885 error,
2586 825 2637 866 64

479 915 574 984 ut,
611 928 762 970 cum
789 905 869 970 de
898 903 996 968 dis
1026 902 1466 968 inmortalibus
1497 901 1916 988 disputemus,
1954 902 2241 968 dicamus
2272 903 2543 995 indigna

479 999 730 1066 naturis
766 997 1229 1072 inmortalibus,
1265 996 1345 1064 de
1369 996 1608 1082 quibus
1643 996 1852 1062 habeo
1877 997 2015 1083 ipse
2042 999 2217 1082 quod
2250 999 2542 1074 sentiam,

479 1117 616 1160 non
659 1095 869 1160 habeo
907 1104 1120 1160 autem
1165 1093 1338 1176 quod
1383 1092 1499 1158 tibi
1541 1093 1896 1186 adsentiar,
1980 1093 2357 1180 Neptunum
2402 1117 2541 1162 esse

480 1191 643 1258 dicis
689 1190 977 1257 animum
1021 1213 1170 1256 cum
1214 1188 1653 1274 intellegentia
1703 1212 1819 1275 per
1868 1212 2045 1258 mare
2096 1190 2539 1276 pertinentem,

479 1285 654 1352 idem
690 1286 771 1352 de
809 1283 1066 1352 Cerere.
1151 1283 1340 1350 istam
1383 1295 1598 1350 autem
1650 1284 2149 1371 intellegentiam
2194 1296 2307 1352 aut
2344 1285 2541 1352 maris

489 1391 601 1446 aut
636 1390 842 1447 terrae
876 1402 1008 1446 non
1027 1379 1224 1444 modo
1253 1377 1769 1465 conprehendere
1798 1379 2031 1460 animo,
2068 1380 2183 1448 sed
2216 1403 2298 1448 ne
2330 1380 2544 1467 suspi-

481 1474 654 1541 tione
709 1475 968 1560 quidem
1027 1496 1290 1560 possum
1354 1473 1690 1562 attingere.
1788 1473 2011 1560 itaque
2075 1476 2332 1542 aliunde
2386 1476 2543 1544 mihi

480 1570 923 1654 quaerendum
958 1579 1056 1634 est
1089 1579 1164 1634 ut
1200 1579 1266 1634 et
1297 1591 1440 1634 esse
1475 1567 1629 1635 deos
1668 1579 1732 1634 et
1775 1569 1997 1653 quales
2033 1570 2162 1637 sint
2196 1571 2264 1637 di
2298 1571 2542 1636 discere

481 1663 753 1750 possim3
789 1664 998 1748 qualis
1033 1674 1107 1728 tu
1141 1685 1250 1728 eos
1287 1685 1426 1728 esse
1461 1663 1559 1727 vis
1595 1677 1711 1728 Μ.

613 1759 968 1826 Videamus
1022 1780 1126 1833 ea,
1190 1779 1357 1841 quae
1420 1767 1802 1841 sequuntur:
1863 1759 2142 1841 primum
2196 1758 2541 1826 deorumne
2588 1770 2637 1813 ⁶5

480 1852 886 1939 providentia
919 1850 1198 1915 mundus
1225 1860 1507 1934 regatur,
1545 1850 1776 1914 deinde
1805 1851 2221 1917 consulantne
2248 1853 2314 1916 di
2349 1855 2543 1920 rebus

481 1945 811 2022 humanis3
856 1945 1019 2008 haec
1061 1943 1233 2007 enim
1277 1941 1436 2004 mihi
1472 1965 1554 2007 ex
1589 1952 1703 2006 tua
1744 1943 2081 2027 partitione
2115 1955 2357 2010 restant
2392 1946 2541 2023 du0,

485 2039 566 2105 de
595 2037 850 2123 quibus,
887 2037 943 2102 si
972 2035 1154 2100 vobis
1184 2035 1455 2110 videtur,
1493 2035 1851 2100 accuratius
1882 2034 2321 2102 disserendum
2346 2039 2541 2126 puto!

485 2132 671 2200 ‘mihi
716 2131 896 2199 vero'
940 2131 1149 2216 inquit
1181 2129 1472 2198 Velleius
1519 2130 1740 2196 ‘valde
1782 2129 2039 2196 videtur
2047 2155 2066 2208 3
2113 2154 2265 2196 nam
2301 2147 2366 2200 et
2410 2157 2547 2198 ma-

484 2229 622 2293 iora
656 2238 956 2313 exspecto
993 2236 1058 2291 et
1090 2225 1198 2304 iis,
1234 2247 1400 2311 quae
1437 2224 1611 2289 dicta
1645 2227 1823 2302 sunt,
1873 2224 2281 2313 vehementer
2317 2227 2546 2295 adsen-

487 2321 650 2387 tior?
739 2333 878 2388 tum
921 2320 1168 2386 Balbus
1215 2319 1646 2405 ‘interpellare
1691 2330 1755 2385 te
1767 2319 1805 2397 ,’
1842 2319 2051 2404 inquit
2080 2317 2339 2400 ‘Cotta,
2374 2323 2544 2402 nolo,

485 2417 600 2482 sed
635 2439 960 2482 sumemus
996 2425 1248 2501 tempus
1287 2414 1491 2492 aliud3
1541 2413 1817 2480 efficiam
1852 2414 2141 2500 profecto
2175 2429 2249 2482 ut
2283 2417 2544 2484 fateare.

485 2512 599 2578 sed
632 2527 670 2565 a·
685 2527 724 2565 θ
743 2527 781 2564 -ἱέ

611 2645 1017 2708 nequaquam
1052 2623 1218 2687 istuc
1251 2621 1410 2687 istac
1443 2619 1590 2686 ibit:
1627 2643 1868 2708 magna
1900 2621 2067 2687 inest
2098 2624 2381 2688 certatio·

612 2739 762 2782 nam
798 2729 872 2781 ut
907 2739 1028 2803 ego
1063 2717 1188 2781 illis
1223 2715 1652 2803 supplicarem
1686 2725 1864 2781 tanta
1898 2715 2484 2801 blandiloquentia?

485 2850 796 2915 parumne
831 2827 1194 2892 ratiocinari
1229 2827 1483 2892 videtur
1517 2838 1583 2893 et
1617 2827 1741 2891 sibi
1775 2827 1919 2913 ipsa
1952 2827 2265 2896 nefariam
2297 2841 2546 2917 pestem
2580 2816 2651 2930 ἓξ

486 2919 874 2985 machinari?
908 2919 1070 2984 illud
1103 2941 1256 2985 vero
1291 2940 1487 3003 quam
1522 2920 1755 2985 callida
1787 2921 2061 2989 ratione!

617 3021 730 3106 qui
759 3021 892 3085 volt
909 3043 1048 3086 esse
1076 3021 1250 3105 quod
1276 3021 1427 3100 volt,
1462 3021 1554 3086 ita
1581 3023 1693 3087 dat
1718 3046 1788 3090 se
1814 3047 1937 3102 res,
1974 3037 2049 3092 ut
2065 3026 2327 3113 operam
2344 3027 2541 3108 dabit,

489 3133 606 3219 qui
641 3143 738 3199 est
770 3153 994 3197 versus
1031 3132 1315 3196 omnium
1353 3133 1697 3198 seminator
1730 3134 2062 3202 malorum.

614 3236 721 3302 ille
757 3245 1044 3303 traversa
1079 3245 1292 3301 mente
1327 3235 1418 3300 mi
1451 3234 1641 3302 hodie
1677 3236 1940 3305 tradidit
1973 3243 2310 3327 repagula,

616 3330 849 3416 quibus
901 3351 1029 3416 ego
1078 3330 1239 3394 iram
1284 3351 1539 3396 omnem
1581 3331 1911 3398 recludam
1954 3344 2147 3417 atque
2188 3335 2283 3400 illi
2332 3336 2547 3422 perni-

1088 3433 1096 3437 ”
1343 3425 1508 3490 ciem
1542 3426 1739 3505 dab0,

617 3517 775 3587 mihi
809 3540 1150 3615 maerores,
1185 3519 1277 3584 illi
1302 3520 1567 3598 luctum,
1605 3520 1873 3587 exitium
1897 3520 2009 3598 illi,
2045 3521 2341 3587 exsilium
2365 3522 2541 3589 mihi.

487 3633 654 3699 hanc
689 3630 987 3697 videlicet
1028 3631 1370 3708 rationem,
1417 3654 1612 3716 quam
1658 3654 1775 3698 vos
1822 3631 2039 3697 divino
2083 3631 2392 3698 beneficio
2428 3632 2546 3700 ho-

487 3727 642 3792 mini
677 3727 884 3792 solum
922 3723 1226 3792 tributam
1263 3725 1492 3803 dicitis,
1525 3726 1771 3792 bestiae
1806 3750 1936 3791 non
1969 3727 2227 3791 habent.
2280 3728 2543 3796 videsne
2586 3748 2639 3790 67

487 3821 684 3906 igitur
709 3832 949 3906 quanto
975 3843 1240 3887 munere
1269 3822 1534 3888 deorum
1561 3823 1759 3886 simus
1786 3820 2063 3888 adfecti?
2098 3832 2290 3906 atque
2318 3824 2543 3888 eadem

491 3913 728 3981 Medea
761 3925 1011 4002 patrem
1044 3915 1442 4002 patriamque
1477 3915 1765 4002 fugiens,

1859 4041 2175 4106 posquam
2206 4031 2391 4108 pater

621 4111 1088 4198 adpropinquat
1119 4113 1375 4200 iamque
1409 4135 1614 4202 paene
1647 4124 1725 4180 ut
1758 4116 2311 4203 conprehendatur
2338 4129 2544 4204 parat,
