3292 4559
1086 270 1192 327 DE
1231 236 1562 327 ormons
1597 270 1644 325 ι.
1686 271 1924 328 ιι-ιι,
2432 259 2529 327 23

477 410 647 467 nesta
689 397 804 475 sit,
855 394 972 461 sed
1018 394 1212 459 etiam
1253 404 1327 457 ut
1369 392 1606 458 habeat
1650 392 1969 459 efficiendi
2004 392 2405 474 facultatem3
2458 398 2527 463 in

479 516 594 579 quo
625 495 768 603 ipso
807 488 1345 557 considerandum
1380 498 1477 553 est
1510 510 1592 553 ne
1629 499 1743 553 aut
1776 498 2017 554 temere
2052 489 2346 577 desperet
2378 514 2527 577 pro-

478 602 608 677 pter
656 586 992 673 ignaviam
1044 594 1156 649 aut
1205 583 1393 647 nimis
1449 582 1727 647 confidat
1778 594 2040 668 propter
2092 584 2521 670 cupiditatem.

477 685 536 747 in
578 680 880 747 omnibus
931 688 1146 743 autem
1177 676 1452 763 negotiis
1487 676 1667 763 prius
1704 698 1897 759 quam
1934 676 2311 763 adgrediare
2346 680 2525 745 adhi-

477 777 670 842 benda
709 786 813 840 est
849 772 1253 859 praeparatio
1291 770 1581 857 diligens.

591 869 726 937 Sed
789 890 946 934 cum
1007 866 1294 952 plerique
1347 865 1734 931 arbitrentur
1784 888 1886 931 res
1938 866 2200 933 bellicas
2250 869 2523 935 maiores
2558 852 2627 963 ΞΞ

477 988 602 1031 esse
651 986 856 1048 quam
909 961 1220 1038 urbanas,
1273 959 1622 1025 minuenda
1676 971 1774 1025 est
1815 960 1974 1026 haec
2022 960 2255 1048 opinio.
2342 964 2525 1027 multi

478 1060 633 1125 enim
676 1058 856 1123 bella
903 1078 1098 1165 saepe
1143 1054 1598 1139 quaesiverunt
1614 1066 1927 1165 ’propter‘
1936 1054 2177 1163 gloriae
2214 1056 2525 1141 cupidita-

475 1164 617 1230 tem,
663 1163 865 1236 atque
913 1150 984 1214 id
1030 1150 1098 1214 in
1139 1148 1392 1234 magnis
1441 1148 1667 1215 animis
1712 1148 2113 1235 ingeniisque
2148 1150 2523 1236 plerumque
2612 1214 2620 1219 .

478 1246 773 1331 contingit
809 1266 1021 1328 eoque
1057 1243 1283 1329 magis,
1321 1243 1377 1307 si
1410 1254 1561 1307 sunt
1595 1243 1680 1308 ad
1713 1265 1849 1309 rem
1883 1242 2223 1309 militarem
2258 1245 2392 1329 apti
2429 1242 2525 1331 [et

477 1340 674 1425 cupidi
725 1340 1051 1405 bellorum
1105 1335 1583 1427 gerendorum}
1673 1360 1823 1403 vere
1870 1348 2088 1403 autem
2130 1338 2186 1403 si
2228 1340 2523 1405 volumus

476 1434 772 1511 iudicare,
821 1433 1069 1497 multae
1112 1454 1216 1497 res
1261 1432 1642 1497 exstiterunt
1675 1431 1959 1499 urbanae
1993 1432 2264 1498 maiores
2300 1434 2523 1499 clario-

475 1550 686 1614 resque
721 1550 932 1612 quam
965 1525 1252 1591 bellicae.
1341 1526 1635 1609 quamvis
1682 1526 1853 1591 enim
1888 1524 2404 1593 Themistocles'
2385 1551 2523 1594 lure
2559 1546 2609 1588 τις

477 1622 755 1687 laudetur
803 1632 872 1687 et
917 1619 1000 1685 sit
1045 1620 1180 1687 eius
1217 1641 1452 1685 nomen
1486 1642 1683 1704 quam
1718 1618 1977 1685 Solonis
2010 1620 2337 1686 inlustrius
2372 1622 2523 1687 cite-

477 1728 690 1799 turque
729 1714 1020 1781 Salamis
1055 1714 1442 1779 clarissimae
1478 1713 1659 1778 testis
1694 1712 2025 1790 victoriae,
2062 1735 2227 1797 quae
2263 1725 2523 1801 antepo-

478 1821 648 1875 natur
691 1808 966 1875 con'silio
1015 1806 1270 1874 Solonis
1318 1808 1406 1884 ei,
1451 1828 1578 1890 quo
1621 1806 1903 1892 primum
1946 1808 2274 1873 constituit
2315 1809 2525 1875 Areo-

477 1904 733 1989 pagitas,
761 1926 903 1970 non
928 1902 1139 1967 minus
1158 1903 1561 1987 praeclarum
1581 1900 1703 1965 hoc
1722 1922 1917 1984 quam
1932 1900 2093 1965 illud
2109 1900 2523 1967 iudicandum

480 2009 591 2061 est:
638 1998 800 2064 illud
853 1997 1024 2063 enim
1058 1997 1256 2063 semel
1291 1995 1563 2082 profuit,
1607 1994 1731 2060 hoc
1768 2016 2019 2079 semper
2051 1995 2333 2080 proderit
2370 1996 2524 2061 civi-

479 2091 608 2168 tati3
658 2092 782 2157 hoc
835 2090 1103 2157 consilio
1146 2090 1324 2177 leges
1359 2089 1883 2175 Atheniensium,
1920 2088 2043 2153 hoc
2076 2088 2393 2154 maiorum
2427 2091 2525 2155 in·-

483 2185 684 2253 stituta
727 2196 1090 2253 servantur.
1143 2215 1158 2231 ¹·
1181 2196 1246 2251 et
1279 2184 1742 2249 Themistocles
1788 2182 2049 2267 quidem
2082 2183 2239 2249 nihil
2274 2184 2521 2261 dixerit,

483 2278 539 2343 in
569 2300 694 2363 quo
725 2282 874 2368 ipse
909 2280 1329 2365 Areopagum
1365 2277 1700 2356 adiuverit,
1738 2288 1803 2342 at
1836 2277 1943 2343 ille
1977 2299 2129 2343 vere
2162 2302 2205 2343 a
2238 2300 2307 2344 se
2343 2280 2525 2345 adiu-

483 2384 622 2439 tum„
651 2373 1188 2464 Themistoclem3
1261 2383 1358 2437 est
1421 2372 1592 2437 enim
1653 2372 1895 2437 bellum
1954 2383 2209 2458 gestum
2260 2373 2521 2438 consilio

485 2480 719 2535 senatus
755 2470 930 2545 eius,
964 2468 1078 2551 qui
1113 2490 1153 2531 a
1190 2465 1426 2535 Solone
1465 2478 1602 2533 erat
1635 2466 2034 2532 constitutus.
2112 2466 2261 2533 licet
2298 2468 2520 2534 eadem
2558 2498 2610 2537 w

485 2562 556 2627 de
592 2562 920 2630 Pausania
961 2562 1432 2647 Lysandroque
1477 2561 1689 2630 dicere
1702 2610 1721 2640 ,
1768 2583 2043 2646 quorum
2086 2562 2276 2629 rebus
2322 2563 2521 2649 gestis

485 2676 861 2751 quamquam
928 2656 1270 2741 imperium
1322 2669 1579 2742 partum
1647 2656 2179 2723 Lacedaemoniis
2243 2668 2522 2743 putatur,

485 2759 682 2817 tamen
729 2777 816 2822 ne
870 2751 1136 2817 minima
1179 2751 1438 2837 quidem
1476 2773 1556 2815 ex
1604 2761 1785 2836 parte
1830 2750 2122 2858 Lycurgi
2164 2751 2417 2835 legibus
2460 2764 2525 2815 et

487 2842 842 2931 disciplinae
907 2845 1277 2911 conferendi
1337 2854 1514 2921 sunt3
1585 2844 1742 2928 quin
1802 2844 1995 2909 etiam
2044 2844 2131 2908 ob
2182 2843 2298 2908 has
2350 2844 2522 2929 ipsas

489 2958 692 3006 causas
743 2953 813 3009 et
864 2940 1258 3026 parentiores
1309 2939 1675 3004 habuerunt
1726 2937 2039 3003 exercitus
2093 2948 2159 3003 et
2210 2937 2520 3003 fortiores.

487 3032 626 3098 mihi
668 3036 932 3121 quidem
975 3056 1184 3118 neque
1227 3032 1442 3120 pueris
1489 3032 1676 3098 nobis
1721 3031 1820 3096 M.
1860 3029 2143 3097 Scaurus
2193 3030 2271 3099 C.
2308 3032 2523 3099 Mario

488 3147 704 3211 neque,
760 3152 912 3195 cum
954 3150 1356 3194 versaremur
1399 3128 1466 3192 in
1500 3150 1570 3193 re
1613 3127 1901 3212 publica,
1954 3124 2042 3209 Q.
2080 3125 2353 3193 Catulus
2399 3124 2521 3193 Cn.

487 3216 779 3309 Pompeio
823 3224 1052 3289 cedere
1095 3223 1460 3300 videbatur3
1505 3223 1690 3309 parvi
1737 3223 1909 3288 enim
1952 3232 2101 3289 sunt
2135 3223 2289 3288 foris
2328 3247 2524 3299 arma,

485 3312 602 3378 nisi
633 3330 722 3383 est
753 3318 1096 3384 consilium
1129 3318 1322 3381 domi.
1411 3338 1531 3386 nec
1573 3318 1721 3402 plus
1758 3316 2138 3393 Africanus,
2186 3318 2525 3402 singularis

492 3417 552 3469 et
585 3405 676 3473 vir
705 3424 768 3479 et
802 3412 1176 3498 imperator,
1219 3413 1290 3477 in
1333 3410 1767 3477 exscindenda
1801 3410 2152 3475 Numantia
2184 3411 2281 3474 rei
2314 3410 2527 3495 publi-

491 3520 593 3565 cae
640 3506 878 3589 profuit
931 3528 1127 3591 quam
1179 3506 1407 3572 eodem
1454 3516 1743 3591 tempore
1794 3503 1874 3568 P.
1929 3503 2167 3568 Nasica
2217 3502 2525 3588 privatuS,

493 3614 625 3661 eum
664 3598 767 3666 Ti.
804 3599 1178 3669 Gracchum
1221 3598 1568 3664 interemit:
1623 3618 2018 3683 quamquam
2058 3597 2221 3663 haec
2264 3595 2525 3680 quidem

497 3706 582 3753 res
613 3714 738 3760 non
773 3696 982 3760 solum
1015 3718 1099 3761 ex
1134 3693 1482 3761 domestica
1517 3704 1616 3758 est
1647 3692 1893 3761 ratione
1928 3728 2025 3775 ‘'‘3
2042 3691 2300 3776 attingit
2330 3690 2527 3755 etiam

498 3778 787 3867 bellicam,
824 3790 1128 3874 quoniam
1162 3789 1228 3854 vi
1251 3808 1578 3871 manuque
1605 3786 1897 3852 confecta
1922 3797 2021 3852 est
2034 3822 2141 3863 ——,
2173 3784 2285 3850 sed
2312 3795 2527 3849 tamen

492 3875 601 3941 id
583 3904 786 3967 ipsum
822 3896 919 3951 est
951 3897 1207 3973 gestum
1240 3883 1507 3950 consilio
1542 3882 1791 3948 urbano
1828 3882 1964 3947 sine
2000 3880 2303 3947 exercitu.
2367 3878 2526 3943 illud
2562 3897 2612 3937 ιι

497 3984 694 4047 autem
727 3979 1042 4067 optimum
1078 3991 1194 4058 est,
1228 3980 1298 4045 in
1332 3978 1506 4064 quod
1538 3976 1757 4045 invadi
1793 3977 1997 4101 solere
2032 3975 2117 4043 ab
2151 3974 2434 4063 inprobis
2464 3985 2529 4041 et

493 4064 710 4139 invidis
741 4074 964 4141 audio·
