3292 4559
766 229 847 294 76
1368 233 1447 288 Μ.
1485 229 1759 288 TULLII
1793 227 2192 286 CICERONIS

720 371 1068 449 wemmam
1120 380 1221 424 res
1274 368 1373 422 est
1426 356 1509 421 ab
1562 354 1736 419 omni
1787 374 2022 439 genere
2074 353 2404 418 hominum
2449 363 2514 419 et
2559 344 2820 431 ordine,

695 459 995 551 quibus
1048 437 1141 519 ita
1193 451 1425 528 restiti,
1477 462 1552 515 ut
1594 449 1720 514 hoc
1765 459 1969 513 totum
2012 448 2253 512 malum
2299 448 2378 512 de
2429 469 2502 512 re
2555 449 2825 533 publica

758 553 1106 620 tolleretur.
1194 566 1547 630 numquam
1598 564 1720 608 nec
1765 543 1971 608 maius
2025 565 2134 608 aes
2188 542 2467 607 alienum
2517 538 2643 606 fuit
2690 565 2825 608 nec

764 648 988 712 melius
1033 664 1155 708 nec
1197 641 1449 708 facilius
1494 636 1875 704 dissolutum
1919 647 2045 714 est3
2098 633 2438 701 'fraudandi
2485 636 2655 702 enim
2700 660 2825 723 spe

764 744 1016 804 sublata
1061 735 1349 802 solvendi
1396 734 1742 800 necessitas
1787 741 2130 796 consecuta
2180 742 2294 796 est.
2384 741 2451 795 at
2504 752 2655 796 vero
2709 731 2828 796 hic

764 856 932 900 nuns-
968 835 1200 908 victor,
1234 841 1373 895 tum
1409 828 1671 913 quidem
1704 827 1912 891 victus
1923 872 1942 903 ,
1987 847 2154 909 quae
2189 825 2522 911 cogitarat,
2559 847 2637 891 ea
2670 849 2827 911 per-

764 932 932 1004 senit,
976 947 1119 992 eum
1154 926 1295 990 eius
1326 925 1456 988 iam
1490 920 1648 988 nihil
1682 921 2044 986 interesset:
2083 931 2261 985 tanta
2295 919 2362 984 in
2398 942 2474 984 eo
2503 921 2823 1007 peccandi

764 1027 824 1088 li!
840 1024 960 1087 sith-2
1020 1020 1172 1097 fuit„
1233 1031 1308 1082 ut
1368 1017 1491 1084 hoc
1549 1018 1763 1103 ipsum
1827 1036 1975 1080 eum
2026 1014 2396 1089 delectaret,
2461 1012 2815 1100 [peccel-Q]

679 1120 956 1180 &hetia-111
996 1116 1049 1180 εἰ
1084 1135 1280 1179 causa
1313 1133 1444 1177 non
1480 1122 1667 1181 esset.
1753 1111 1838 1174 ab
1873 1109 1997 1174 hoc
2031 1109 2227 1194 igitur
2261 1131 2497 1196 genere
2530 1111 2821 1196 laaegitio-

764 1216 888 1284 nis.
940 1224 1008 1272 ut
1054 1207 1192 1274 aliis
1228 1207 1444 1284 detur,
1493 1204 1633 1271 aliis
1681 1205 2036 1281 auferatur,
2085 1204 2354 1270 aberunt
2398 1205 2473 1281 ii,
2520 1204 2634 1287 qui
2675 1226 2820 1269 rem

760 1308 1081 1388 puhlissam
1133 1300 1511 1378 tuebuntur,
1570 1300 1641 1365 in
1690 1299 2037 1386 primisque
2091 1320 2350 1384 operam
2402 1300 2675 1376 dabunt,
2745 1313 2823 1364 ut

760 1400 912 1463 iuris
976 1408 1037 1460 st
1098 1393 1480 1464 iudiciorum
1539 1394 1863 1478 aequitate
1918 1416 2106 1458 suum
2157 1395 2428 1478 quisque
2481 1405 2698 1461 teneat
2752 1407 2820 1460 et

760 1516 968 1576 neque
1004 1489 1320 1556 tenuiores
1355 1499 1613 1575 propter
1639 1487 2064 1554 humilitatem
2094 1487 2676 1555 circumveniantur
2702 1512 2821 1554 ne-

760 1612 884 1672 qua
912 1583 1331 1670 locupletibus
1362 1582 1445 1647 ad
1473 1605 1590 1649 sua
1618 1583 1723 1648 vel
1752 1582 2029 1648 tenenda
2058 1584 2160 1648 vel
2189 1583 2627 1668 recuperanda
2647 1583 2821 1647 obsit

760 1684 1016 1756 invidia,
1045 1688 1395 1765 praeterea,
1424 1677 1936 1763 quibuscumque
1954 1677 2149 1742 rebus
2177 1677 2279 1741 vel
2313 1677 2467 1742 belli
2499 1678 2606 1742 vel
2643 1677 2820 1742 domi

760 1785 1076 1860 lfflsssrunt,
1112 1795 1251 1838 rem
1282 1771 1608 1858 publicam
1644 1781 1923 1857 augeant
1957 1770 2248 1855 imperio,
2287 1772 2490 1857 agris,
2527 1771 2819 1857 vectiga-

764 1872 944 1932 li};..u.=†-·.
1020 1868 1177 1934 haec
1220 1888 1603 1953 magnorum
1638 1866 1969 1932 hominum
2004 1875 2172 1942 sunt,
2209 1865 2369 1930 haee
2404 1866 2580 1952 apud
2615 1868 2818 1931 maio-

760 1989 860 2028 res
908 1974 1153 2028 nostros
1198 1961 1515 2037 factitata,
1561 1961 1722 2026 haec
1766 1982 2004 2047 genera
2049 1959 2406 2025 officiorum
2450 1961 2566 2043 qui
2599 1983 2818 2046 perse-

760 2072 1042 2140 quuntur
1087 2079 1235 2122 cum
1280 2079 1531 2122 summa
1574 2051 1846 2120 utilitate
1892 2055 1986 2121 rei
2020 2054 2315 2140 publicae
2351 2076 2662 2140 magnam
2694 2055 2817 2140 ipsi

764 2156 1188 2236 adjpisesntur
1220 2161 1287 2216 et
1320 2150 1593 2236 gratiam
1628 2161 1693 2216 et
1725 2149 2015 2236 gloriam.

675 2268 724 2304 ss
888 2248 964 2308 ln
1004 2244 1102 2309 his
1146 2254 1362 2309 autem
1406 2244 1750 2309 utilitatum
1783 2245 2140 2329 praeceptis
2174 2243 2521 2329 Antipater
2554 2243 2813 2329 Tyrius,

760 2340 1043 2412 Stniffls,
1091 2338 1203 2420 qui
1236 2337 1510 2402 Athenis
1554 2361 1762 2423 nuper
1797 2349 1896 2403 est
1929 2349 2246 2416 mortuus,
2292 2338 2422 2410 duo
2469 2340 2814 2423 praeterita

760 2447 972 2496 flfflssffifflt
1016 2452 1155 2496 esse
1200 2452 1239 2494 a
1272 2431 1583 2497 Panaetio
1594 2479 1613 2510 ,
1661 2433 2044 2498 valetudinis
2089 2432 2480 2498 curationem
2517 2444 2582 2498 et
2615 2456 2811 2518 pecu—

756 2532 928 2592 nias:
976 2547 1136 2608 quas
1179 2548 1282 2591 res
1328 2549 1366 2591 a
1394 2548 1652 2614 ‚summo
1687 2525 2069 2615 philosopho
2106 2529 2476 2613 praeteritas
2513 2528 2809 2604 arbitror,

756 2624 924 2707 quad
992 2631 1202 2685 essent
1260 2618 1509 2698 faciles3
1582 2632 1732 2686 sunt
1795 2633 1964 2688 certe
2032 2623 2237 2688 utiles.
2344 2622 2458 2687 sed
2507 2623 2814 2688 valetudo

756 2725 1143 2780 sustentatur
1175 2714 1403 2781 notitia
1437 2714 1538 2779 sui
1574 2716 1858 2801 corporis
1890 2727 1957 2781 et
1994 2717 2467 2793 observatione,
2505 2738 2673 2800 quae
2710 2740 2812 2782 res

756 2827 864 2875 aut
912 2809 1209 2896 prodesse
1254 2809 1499 2874 soleant
1542 2821 1656 2874 aut
1700 2810 1961 2887 obesse,
2008 2821 2075 2875 et
2110 2810 2496 2877 continentia
2529 2810 2600 2874 in
2633 2811 2812 2876 victu

756 2904 924 2968 muni
972 2916 1161 2986 atque
1205 2904 1381 2968 cultu
1426 2904 1706 2989 corporis
1751 2903 1972 2968 tuendi
2025 2925 2221 2970 eausa
2274 2903 2811 2990 [praetermitten-

756 3000 852 3060 dis
920 2994 1411 3082 voluptatibus]
1475 3010 1796 3083 postremo
1861 3010 2021 3064 arte<
2057 3021 2307 3076 eorum,
2376 3020 2655 3081 quorum
2729 3000 2810 3063 ad

667 3112 712 3148 si
756 3092 1080 3152 scientiam
1130 3089 1291 3154 haec
1339 3091 1677 3175 pertinent.
1781 3113 1883 3158 res
1937 3103 2152 3159 autem
2203 3093 2532 3158 familiaris
2573 3095 2811 3178 ’quaeri

755 3188 940 3248 sleiwss
996 3184 1072 3247 iis
1122 3183 1346 3261 rebus,
1400 3207 1440 3248 a
1490 3186 1727 3270 quibus
1782 3189 1965 3254 abest
2025 3189 2379 3274 turpitudo,
2445 3189 2808 3254 conservari

752 3296 964 3344 murm
1012 3276 1339 3364 diligentia
1384 3290 1447 3344 et
1492 3281 1910 3365 parsimonia,
1960 3284 2201 3348 eisdem
2236 3284 2426 3348 etiam
2461 3283 2654 3348 rebus
2692 3305 2807 3347 au-

752 3372 904 3456 geri.
1000 3372 1113 3437 has
1156 3395 1257 3438 res
1302 3375 1815 3442 commodissime
1849 3377 2222 3463 Xenophon
2261 3377 2622 3444 Socraticus
2654 3399 2806 3460 per·-

752 3480 1004 3532 s={·s·,u†us
1068 3477 1166 3531 est
1215 3466 1283 3530 in
1336 3490 1414 3533 eo
1467 3469 1664 3547 libro,
1729 3471 1839 3554 qui
1892 3469 2366 3536 Oeconomicus
2415 3471 2801 3547 inscribitur,

752 3584 834 3644 qu
844 3588 940 3624 13-111
980 3583 1112 3639 nos,
1146 3562 1271 3626 ista
1305 3561 1439 3628 fere
1474 3575 1684 3630 aetate
1721 3585 1869 3629 eum
1906 3588 2208 3644 essemus,
2247 3588 2376 3649 qua
2412 3590 2480 3632 es
2509 3576 2577 3629 tu
2601 3586 2801 3642 nunc,

752 3680 784 3716 s
844 3656 1095 3720 Graeco
1152 3655 1221 3719 in
1272 3655 1583 3720 Latinum
1642 3659 2090 3724 convertimus.
2193 3660 2306 3725 sed
2360 3670 2492 3725 toto
2542 3659 2666 3724 hoc
2717 3660 2805 3725 de

748 3772 1012 3832 gener-s,
1048 3748 1128 3814 de
1162 3751 1557 3833 quaerenda,
1605 3753 1685 3818 de
1721 3753 2115 3819 conlocanda
2149 3755 2450 3840 pecunia,
2489 3755 2684 3819 etiam
2720 3754 2806 3819 de

748 3844 1068 3924 augenda,
1142 3844 1537 3910 commodius
1600 3869 1641 3910 a
1701 3848 2088 3931 quibusdam
2161 3850 2436 3934 optumis
2500 3848 2655 3913 viris
2719 3849 2807 3913 ad

752 3936 976 3996 Ianum
1036 3935 1320 4000 medium
1388 3939 1756 4004 sedentibus
1818 3962 2013 4024 quam
2067 3943 2152 4006 ab
2204 3942 2350 4007 ullis
2402 3941 2803 4028 philosophis

748 4028 876 4088 ulla
920 4028 984 4092 in
1028 4029 1245 4094 schola
1288 4031 1665 4117 disputatur.
1754 4047 1903 4100 sunt
1947 4047 2162 4103 tamen
2207 4060 2284 4104 ea
2320 4037 2771 4123 cognoscenda
2779 4060 2801 4114 ς
