3292 4559
1045 259 1133 323 54
1661 263 1740 319 Μ.
1776 262 2045 320 TULLII
2080 259 2480 318 CICERONIS

1049 391 1221 479 qued
1261 391 1469 475 potine
1517 386 1983 451 eeeemmodem
2018 400 2213 469 quam
2247 394 2319 448 ut
2362 383 2639 469 primum
2672 383 2841 449 hunc
2873 385 3090 472 ipsum

1049 487 1385 559 mundum,
1442 503 1567 567 qun
1605 480 1759 544 nihil
1792 478 2200 545 excellentius
2234 478 2373 543 fieri
2407 488 2645 563 potest,
2699 477 3092 544 animantem

953 599 1009 639 ιε
1053 603 1189 647 eeee
1229 591 1289 643 et
1325 579 1517 639 deum,
1553 575 1844 639 iudicem.
1896 572 2003 638 hic
2038 594 2230 657 quam
2265 572 2436 636 volet
2468 569 2790 656 Epicurus
2824 571 3094 650 iocetur,

1049 675 1241 739 hoino
1285 695 1413 735 nnn
1458 668 1819 754 aptieeimus
1852 665 1935 731 ad
1977 665 2320 731 iocandum
2363 663 2751 749 minimeque
2782 665 3092 751 resipiens

1049 767 1349 851 patriam,
1397 776 1457 827 et
1493 763 1665 827 dieat
1698 783 1767 825 se
1800 781 1929 824 non
1964 780 2153 845 posse
2186 758 2584 843 intellegere,
2620 758 2826 841 qualis
2860 758 2943 822 sit
2975 779 3094 822 vo-

1049 860 1261 923 lubilia
1297 872 1357 923 et
1405 855 1714 919 rutundus
1751 854 1938 931 deus,
1972 864 2186 917 tamen
2220 874 2300 917 ex
2332 852 2485 929 hoc,
2519 850 2692 935 quod
2726 848 2919 916 etiam
2949 852 3095 938 ipse

1049 951 1301 1039 prebat,
1365 970 1715 1031 numquam
1774 969 1880 1011 me
1932 944 2244 1022 movebit3
2314 946 2525 1031 placet
2574 945 2743 1010 enim
2802 945 2894 1009 illi
2947 968 3089 1011 esse

1049 1047 1221 1119 dene,
1257 1043 1405 1127 quie
1441 1063 1698 1107 neeesse
1734 1039 1815 1104 sit
1848 1048 2277 1126 praestantem
2304 1061 2441 1104 esse
2468 1039 2745 1122 aliquam
2771 1050 3090 1115 naturam,

1049 1159 1177 1223 qua
1209 1135 1361 1199 nihil
1397 1139 1477 1199 eit
1513 1135 1768 1199 melius:
1803 1131 2046 1197 mundo
2074 1143 2289 1198 autem
2316 1144 2486 1198 certe
2515 1132 2673 1198 nihil
2698 1143 2795 1199 est
2828 1133 3091 1210 melius3

1045 1255 1165 1295 nee
1213 1231 1473 1295 dubium
1521 1231 1702 1311 quin,
1759 1226 1934 1311 quod
1978 1226 2268 1291 animans
2314 1225 2397 1292 sit
2436 1226 2795 1309 habeatque
2832 1248 3092 1292 sensum

1049 1335 1113 1387 et
1149 1323 1457 1387 rationem
1493 1337 1553 1387 et.
1586 1332 1893 1398 mentem,
1937 1320 2006 1385 id
2042 1320 2125 1386 sit
2156 1319 2382 1386 melius
2419 1341 2611 1404 quam
2644 1320 2741 1398 id,
2779 1320 2953 1405 quod
2986 1320 3091 1384 his

957 1439 1009 1475 m
1061 1427 1285 1479 eareat.
1377 1419 1465 1479 ita
1501 1415 1769 1479 efficitur
1803 1414 2219 1490 animantem,
2256 1434 2510 1490 sensus,
2544 1414 2792 1490 mentis,
2826 1414 3091 1478 rationis

1049 1511 1357 1575 mundun]
1405 1531 1541 1571 esee
1589 1520 1950 1593 eenpotem3
2001 1528 2132 1591 qua
2182 1507 2424 1572 ratione
2470 1508 2662 1573 deum
2713 1529 2852 1573 esse
2901 1529 3090 1572 mun-

1049 1603 1205 1667 dum
1261 1603 1669 1667 eoneludimr.
1758 1601 1871 1666 sed
1920 1601 2080 1667 haec
2130 1601 2323 1685 paulo
2375 1611 2520 1685 post
2561 1600 2809 1666 facilius
2856 1624 3095 1689 cogno-

949 1711 1017 1763 13
1053 1707 1305 1759 ficentur
1341 1719 1418 1759 ex
1462 1695 1537 1759 iis
1577 1695 1763 1759 rebus
1798 1694 1980 1780 ipsis,
2017 1714 2179 1778 quas
2213 1693 2489 1758 mundus
2526 1693 2739 1760 efficit.
2826 1697 3088 1776 interea,

1053 1791 1277 1867 Vellei,
1314 1791 1461 1867 noli,
1501 1811 1755 1872 quaero,
1790 1810 1945 1874 prae
1979 1799 2042 1853 te
2074 1788 2243 1853 ferre
2277 1810 2392 1852 vos
2425 1788 2613 1873 plane
2648 1790 2922 1875 expertis
2948 1813 3090 1857 esse

1049 1883 1385 1947 doetrinae.
1497 1904 1726 1947 cenum
1770 1882 1886 1946 tibi
1938 1881 2033 1946 ais
2078 1893 2142 1947 et
2189 1880 2545 1965 cylindrum
2587 1892 2652 1947 et
2691 1882 3089 1969 pyramidem

1049 1979 1469 2063 pulehrinrem
1505 1999 1699 2059 quain
1736 1976 2071 2061 sphaeram
2106 1974 2337 2040 videri:
2377 1996 2618 2040 novum
2652 1977 2841 2041 etiam
2876 1979 3094 2043 oculo-

1048 2095 1189 2135 rum
1245 2071 1546 2135 iudicium
1610 2069 1875 2135 habetis.
1984 2068 2099 2136 sed
2161 2069 2287 2134 sint
2347 2068 2471 2134 ista
2519 2069 2883 2153 pulchriora
2938 2072 3092 2136 dum

1049 2175 1229 2227 taxat
1273 2177 1530 2247 eepeetu
1569 2199 1653 2211 2-
1686 2162 1861 2245 quod
1910 2163 2067 2227 mihi
2119 2174 2333 2228 tamen
2382 2163 2593 2248 ipsum
2636 2186 2765 2229 non
2808 2164 3091 2242 videtur;

1053 2255 1209 2339 quid
1264 2259 1425 2319 enim
1481 2255 1803 2339 pulchrius
1854 2280 1933 2323 ea
1982 2256 2216 2343 figura,
2270 2278 2436 2340 quae
2491 2257 2625 2322 sola
2675 2259 2879 2323 omnis
2934 2261 3090 2325 alias

1053 2347 1289 2431 figuras
1337 2351 1645 2432 eenplexa
1687 2349 1964 2415 continet
2019 2372 2310 2434 quaeque
2360 2350 2518 2415 nihil
2568 2352 2924 2437 asperitatis
2976 2353 3095 2417 ha-

1053 2439 1225 2515 bere,
1261 2439 1413 2503 nihil
1453 2439 1815 2505 effensionis
1850 2453 2077 2526 potest,
2113 2444 2269 2507 nihil
2301 2444 2573 2508 incisum
2608 2446 2887 2531 anguIiS,
2932 2447 3093 2511 nihil

1057 2531 1461 2611 anfraetihue‚
1497 2535 1653 2599 nihil
1682 2533 1982 2611 eminens,
2009 2536 2163 2601 nihil
2189 2536 2602 2602 lacunosum?
2636 2559 2907 2622 cumque
2924 2539 3093 2605 duae

1053 2627 1293 2691 formae
1345 2639 1737 2711 prae-etentes
1789 2628 1941 2705 sint,
1994 2651 2073 2693 ex
2126 2630 2341 2695 solidis
2392 2631 2621 2716 globus
2655 2668 2745 2679 -
2776 2633 2868 2698 sic
2919 2634 3089 2698 enim

1053 2730 1341 2807 σφαῖραν
1373 2720 1772 2803 interpretari
1813 2722 2023 2806 placet
2057 2759 2174 2800 -,
2212 2746 2293 2788 ex
2326 2725 2533 2809 planis
2567 2738 2782 2792 autem
2817 2728 3091 2793 circulus

1053 2827 1165 2875 aut
1205 2815 1401 2889 orbis,
1449 2815 1558 2895 qui
1601 2815 1827 2892 κύκλος
1864 2812 2111 2882 Graece
2147 2817 2405 2896 dicitur,
2448 2819 2549 2884 his
2585 2820 2833 2885 duabus
2867 2822 3093 2887 formis

1053 2907 1361 2991 esntingit
1397 2908 1565 2983 selis,
1602 2919 1673 2971 ut
1707 2929 1925 2974 omnes
1952 2932 2170 2975 earum
2204 2923 2414 2997 partes
2443 2914 2569 2978 sint
2600 2914 2765 2981 inter
2799 2938 2867 2980 se
2896 2915 3092 2980 simil-

1053 2999 1261 3063 lumae
1301 3023 1337 3061 a
1373 2999 1706 3083 medieque
1738 3004 2115 3069 tantundem
2148 3005 2316 3070 absit
2351 3016 2731 3085 extremum,
2767 3029 2895 3091 quo
2931 3008 3091 3073 nihil

961 3103 1013 3143 45
1057 3087 1190 3151 fieri
1233 3103 1438 3175 peteet
1481 3095 1707 3179 aptius.
1796 3096 1909 3161 sed
1943 3096 1998 3160 si
2041 3097 2199 3163 haec
2244 3120 2375 3163 non
2406 3100 2662 3178 videtis,
2709 3102 2859 3184 quia
2903 3124 3091 3167 num-

1057 3203 1249 3267 quam
1293 3187 1605 3251 eruditum
1641 3187 1821 3252 illum
1854 3187 2183 3274 pulverem
2210 3192 2525 3277 attigistis,
2559 3216 2641 3259 ne
2674 3194 2796 3259 hoc
2831 3194 3092 3278 quidem

1053 3275 1301 3363 phyeiei
1345 3279 1704 3364 intellegere
1745 3284 2069 3368 potuistis,
2122 3284 2289 3351 hanc
2332 3286 2844 3370 aequabilitatem
2877 3298 3094 3352 motus

1053 3371 1593 3455 constantiamque
1641 3376 1930 3442 ordinum
1964 3378 2033 3443 in
2067 3378 2195 3443 alia
2239 3380 2608 3465 figura-non
2640 3381 2923 3466 potuisse
2959 3403 3093 3446 ser-

1053 3467 1225 3527 rari?
1261 3467 1473 3547 itaque
1510 3468 1663 3531 nihil
1696 3481 1907 3555 potest
1942 3494 2083 3536 esse
2117 3472 2431 3537 indoctius
2467 3494 2661 3557 quam
2697 3474 2868 3558 quod
2904 3498 2943 3538 a
2976 3494 3098 3537 vo·

1053 3559 1149 3619 bie
1189 3559 1504 3623 adfirmari
1549 3563 1725 3628 enlet.
1812 3586 1932 3630 nec
1968 3564 2135 3630 enim
2170 3565 2340 3631 hunc
2380 3566 2595 3652 ipsum
2628 3569 2939 3633 mundum
2971 3590 3098 3653 pro

1053 3664 1221 3719 nerto
1269 3655 1613 3719 rutundum
1657 3679 1796 3723 esse
1842 3658 2074 3736 dicitis3
2126 3682 2275 3725 nam
2318 3683 2506 3747 posse
2550 3661 2688 3727 fieri
2723 3674 2795 3727 ut
2838 3664 2919 3727 sit
2965 3661 3095 3727 alia

1053 3747 1285 3831 figura,
1329 3747 1931 3834 innumerabilisque
1971 3753 2243 3818 mundos
2280 3753 2435 3819 alios
2480 3755 2745 3820 aliarum
2780 3778 2919 3822 esse
2955 3756 3097 3820 for-

961 3852 1009 3891 *fl
1053 3859 1317 3903 marum.
1409 3863 1601 3923 quae,
1645 3843 1702 3907 si
1732 3842 1831 3907 bis
1868 3844 2021 3909 bina
2054 3857 2210 3930 quot
2244 3860 2454 3913 essent
2488 3848 2813 3915 didicisset
2844 3848 3092 3934 Epicu-

1057 3955 1183 4004 me,
1221 3947 1385 3999 eei-te
1424 3959 1549 3999 nen
1578 3936 1831 4013 dieeret,
1868 3938 1981 4002 sed
2007 3939 2162 4005 dum
2194 3941 2427 4026 palato,
2460 3944 2615 4027 quid
2649 3943 2731 4008 sit
2758 3942 3097 4030 optimum,

1057 4023 1321 4100 iudicat,
1385 4031 1573 4091 ‘caeli
1625 4030 1908 4115 palatum
1919 4032 1958 4109 ,’
2011 4044 2085 4099 ut
2134 4035 2222 4098 ait
2269 4034 2552 4115 Ennius,
2603 4058 2734 4102 non
2785 4034 3099 4122 suspexit.

1137 4551 1225 4559 ἡ
1279 4552 1334 4559 ==
1458 4552 1482 4559 Ε
1519 4544 1694 4559 ,ὴηᾹ--ο-
1717 4545 2429 4557 —————————je-———
2470 4393 3281 4559 ff———Qxi
