<?xml version="1.0" encoding="UTF-8"?>
<!DOCTYPE html PUBLIC "-//W3C//DTD XHTML 1.0 Transitional//EN"
    "http://www.w3.org/TR/xhtml1/DTD/xhtml1-transitional.dtd">
<html xmlns="http://www.w3.org/1999/xhtml" xml:lang="en" lang="en">
 <head>
  <title>
</title>
<meta http-equiv="Content-Type" content="text/html;charset=utf-8" />
  <meta name='ocr-system' content='tesseract 3.04.00' />
  <meta name='ocr-capabilities' content='ocr_page ocr_carea ocr_par ocr_line ocrx_word'/>
</head>
<body>
  <div class='ocr_page' id='page_1' title='image "./mtulliiciceroni03unkngoog_0479.png"; bbox 0 0 3292 4559; ppageno 0'>
   <div class='ocr_carea' id='block_1_1' title="bbox 443 0 936 57">
    <p class='ocr_par' dir='ltr' id='par_1_1' title="bbox 443 0 936 57">
     <span class='ocr_line' id='line_1_1' title="bbox 443 0 936 42; baseline -0.002 -27"><span class='ocrx_word' id='word_1_1' title='bbox 443 1 454 4; x_wconf 74' lang='grc'><strong>’”</strong></span> <span class='ocrx_word' id='word_1_2' title='bbox 491 1 500 4; x_wconf 77' lang='lat'><strong><em>&#39;</em></strong></span> <span class='ocrx_word' id='word_1_3' title='bbox 509 0 526 7; x_wconf 63' lang='lat'><strong>⁸*</strong></span> <span class='ocrx_word' id='word_1_4' title='bbox 533 0 680 42; x_wconf 47' lang='lat' dir='ltr'><strong>“uz-‘w</strong></span> <span class='ocrx_word' id='word_1_5' title='bbox 689 1 700 3; x_wconf 86' lang='grc'><em>“</em></span> <span class='ocrx_word' id='word_1_6' title='bbox 716 0 764 42; x_wconf 43' lang='lat' dir='ltr'><strong>’‘h*</strong></span> <span class='ocrx_word' id='word_1_7' title='bbox 772 0 842 23; x_wconf 51' lang='grc' dir='ltr'><strong>ι’·ῑί</strong></span> <span class='ocrx_word' id='word_1_8' title='bbox 925 15 936 23; x_wconf 46' lang='grc' dir='ltr'>ἱ</span> 
     </span>
     <span class='ocr_line' id='line_1_2' title="bbox 631 45 771 57; baseline 0 0"><span class='ocrx_word' id='word_1_9' title='bbox 631 49 639 57; x_wconf 74' lang='grc' dir='ltr'><strong>ο</strong></span> <span class='ocrx_word' id='word_1_10' title='bbox 659 45 667 57; x_wconf 76' lang='grc' dir='ltr'>Ι</span> <span class='ocrx_word' id='word_1_11' title='bbox 762 45 771 52; x_wconf 73' lang='lat'>&#39;</span> 
     </span>
    </p>
   </div>
   <div class='ocr_carea' id='block_1_2' title="bbox 664 235 2548 339">
    <p class='ocr_par' dir='ltr' id='par_1_2' title="bbox 664 235 2548 339">
     <span class='ocr_line' id='line_1_3' title="bbox 664 235 2548 339; baseline 0.002 -19"><span class='ocrx_word' id='word_1_12' title='bbox 664 263 1115 323; x_wconf 72' lang='lat' dir='ltr'><strong>PARADOXAI</strong></span> <span class='ocrx_word' id='word_1_13' title='bbox 1136 265 1581 326; x_wconf 79' lang='lat' dir='ltr'><strong>sTomoRUM</strong></span> <span class='ocrx_word' id='word_1_14' title='bbox 1595 259 1926 338; x_wconf 27' lang='lat'><strong>11&#39;‚..18--19.</strong></span> <span class='ocrx_word' id='word_1_15' title='bbox 1964 269 2072 339; x_wconf 92' lang='lat'>111,</span> <span class='ocrx_word' id='word_1_16' title='bbox 2093 271 2334 326; x_wconf 80' lang='lat'>20-24,</span> <span class='ocrx_word' id='word_1_17' title='bbox 2376 235 2396 269; x_wconf 75' lang='lat'>⁸</span> <span class='ocrx_word' id='word_1_18' title='bbox 2421 257 2548 324; x_wconf 83' lang='lat'><strong>121</strong></span> 
     </span>
    </p>
   </div>
   <div class='ocr_carea' id='block_1_3' title="bbox 477 381 2551 853">
    <p class='ocr_par' dir='ltr' id='par_1_3' title="bbox 477 381 2551 853">
     <span class='ocr_line' id='line_1_4' title="bbox 478 381 2548 479; baseline 0 -22"><span class='ocrx_word' id='word_1_19' title='bbox 478 392 637 457; x_wconf 85' lang='lat' dir='ltr'><strong>ieris</strong></span> <span class='ocrx_word' id='word_1_20' title='bbox 650 438 669 467; x_wconf 93' lang='lat'><strong>,</strong></span> <span class='ocrx_word' id='word_1_21' title='bbox 736 391 822 455; x_wconf 82' lang='lat' dir='ltr'><strong>ad</strong></span> <span class='ocrx_word' id='word_1_22' title='bbox 884 391 1245 478; x_wconf 83' lang='lat' dir='ltr'><strong>augendam</strong></span> <span class='ocrx_word' id='word_1_23' title='bbox 1309 381 1683 457; x_wconf 76' lang='lat' dir='ltr'><strong>transeundi</strong></span> <span class='ocrx_word' id='word_1_24' title='bbox 1736 391 1992 477; x_wconf 85' lang='lat' dir='ltr'><strong>culpam</strong></span> <span class='ocrx_word' id='word_1_25' title='bbox 2046 392 2205 458; x_wconf 88' lang='lat' dir='ltr'>nihil</span> <span class='ocrx_word' id='word_1_26' title='bbox 2255 395 2548 479; x_wconf 77' lang='lat' dir='ltr'><strong>pertinet.</strong></span> 
     </span>
     <span class='ocr_line' id='line_1_5' title="bbox 477 484 2551 576; baseline -0 -22"><span class='ocrx_word' id='word_1_27' title='bbox 477 509 761 575; x_wconf 83' lang='lat' dir='ltr'><strong>peccare</strong></span> <span class='ocrx_word' id='word_1_28' title='bbox 790 497 961 576; x_wconf 78' lang='lat' dir='ltr'><strong>certe</strong></span> <span class='ocrx_word' id='word_1_29' title='bbox 995 485 1145 550; x_wconf 88' lang='lat' dir='ltr'><strong>licet</strong></span> <span class='ocrx_word' id='word_1_30' title='bbox 1177 484 1418 550; x_wconf 88' lang='lat' dir='ltr'><strong>nemini</strong></span> <span class='ocrx_word' id='word_1_31' title='bbox 1430 510 1448 562; x_wconf 84' lang='lat'><em>3</em></span> <span class='ocrx_word' id='word_1_32' title='bbox 1486 485 1670 569; x_wconf 84' lang='lat' dir='ltr'><strong>quod</strong></span> <span class='ocrx_word' id='word_1_33' title='bbox 1705 497 1922 550; x_wconf 83' lang='lat' dir='ltr'><strong>autem</strong></span> <span class='ocrx_word' id='word_1_34' title='bbox 1956 508 2086 551; x_wconf 91' lang='lat' dir='ltr'><strong>non</strong></span> <span class='ocrx_word' id='word_1_35' title='bbox 2120 487 2289 565; x_wconf 90' lang='lat' dir='ltr'><strong>licet,</strong></span> <span class='ocrx_word' id='word_1_36' title='bbox 2325 488 2395 553; x_wconf 91' lang='lat' dir='ltr'><strong>id</strong></span> <span class='ocrx_word' id='word_1_37' title='bbox 2428 488 2551 554; x_wconf 92' lang='lat' dir='ltr'><strong>hoc</strong></span> 
     </span>
     <span class='ocr_line' id='line_1_6' title="bbox 478 579 2551 666; baseline -0 -17"><span class='ocrx_word' id='word_1_38' title='bbox 478 604 618 649; x_wconf 88' lang='lat' dir='ltr'><strong>uno</strong></span> <span class='ocrx_word' id='word_1_39' title='bbox 654 593 937 657; x_wconf 87' lang='lat' dir='ltr'><strong>tenetur,</strong></span> <span class='ocrx_word' id='word_1_40' title='bbox 983 580 1038 644; x_wconf 90' lang='lat' dir='ltr'><strong>si</strong></span> <span class='ocrx_word' id='word_1_41' title='bbox 1073 579 1365 666; x_wconf 83' lang='lat' dir='ltr'>arguitur</span> <span class='ocrx_word' id='word_1_42' title='bbox 1397 601 1528 643; x_wconf 91' lang='lat' dir='ltr'><strong>non</strong></span> <span class='ocrx_word' id='word_1_43' title='bbox 1560 579 1782 644; x_wconf 79' lang='lat' dir='ltr'><strong>licere:</strong></span> <span class='ocrx_word' id='word_1_44' title='bbox 1835 579 1904 644; x_wconf 89' lang='lat' dir='ltr'><strong>id</strong></span> <span class='ocrx_word' id='word_1_45' title='bbox 1948 581 2006 644; x_wconf 91' lang='lat' dir='ltr'><strong>si</strong></span> <span class='ocrx_word' id='word_1_46' title='bbox 2037 601 2157 646; x_wconf 89' lang='lat' dir='ltr'><strong>nec</strong></span> <span class='ocrx_word' id='word_1_47' title='bbox 2189 582 2397 648; x_wconf 83' lang='lat' dir='ltr'><strong>maius</strong></span> <span class='ocrx_word' id='word_1_48' title='bbox 2431 605 2551 648; x_wconf 91' lang='lat' dir='ltr'><strong>nec</strong></span> 
     </span>
     <span class='ocr_line' id='line_1_7' title="bbox 483 673 2548 761; baseline -0.001 -18"><span class='ocrx_word' id='word_1_49' title='bbox 483 679 701 742; x_wconf 75' lang='lat' dir='ltr'><strong>minu·</strong></span> <span class='ocrx_word' id='word_1_50' title='bbox 735 696 1046 758; x_wconf 82' lang='lat' dir='ltr'><strong>umquam</strong></span> <span class='ocrx_word' id='word_1_51' title='bbox 1078 673 1217 739; x_wconf 86' lang='lat' dir='ltr'><strong>fieri</strong></span> <span class='ocrx_word' id='word_1_52' title='bbox 1251 683 1481 759; x_wconf 84' lang='lat' dir='ltr'><strong>potest,</strong></span> <span class='ocrx_word' id='word_1_53' title='bbox 1517 673 1822 756; x_wconf 88' lang='lat' dir='ltr'><strong>quoniam</strong></span> <span class='ocrx_word' id='word_1_54' title='bbox 1854 674 1923 739; x_wconf 93' lang='lat' dir='ltr'><strong>in</strong></span> <span class='ocrx_word' id='word_1_55' title='bbox 1957 696 2034 739; x_wconf 88' lang='lat' dir='ltr'><strong>eo</strong></span> <span class='ocrx_word' id='word_1_56' title='bbox 2066 685 2164 741; x_wconf 83' lang='lat' dir='ltr'><strong>est</strong></span> <span class='ocrx_word' id='word_1_57' title='bbox 2189 687 2548 761; x_wconf 87' lang='lat' dir='ltr'><strong>peccatum,</strong></span> 
     </span>
     <span class='ocr_line' id='line_1_8' title="bbox 485 768 2548 853; baseline -0.001 -16"><span class='ocrx_word' id='word_1_58' title='bbox 485 772 541 838; x_wconf 88' lang='lat' dir='ltr'><strong>si</strong></span> <span class='ocrx_word' id='word_1_59' title='bbox 586 793 718 836; x_wconf 88' lang='lat' dir='ltr'><strong>non</strong></span> <span class='ocrx_word' id='word_1_60' title='bbox 763 770 973 846; x_wconf 91' lang='lat' dir='ltr'><strong>licuit,</strong></span> <span class='ocrx_word' id='word_1_61' title='bbox 1020 768 1194 853; x_wconf 89' lang='lat' dir='ltr'><strong>quod</strong></span> <span class='ocrx_word' id='word_1_62' title='bbox 1238 789 1493 853; x_wconf 81' lang='lat' dir='ltr'><strong>semper</strong></span> <span class='ocrx_word' id='word_1_63' title='bbox 1534 789 1738 832; x_wconf 88' lang='lat' dir='ltr'><strong>unum</strong></span> <span class='ocrx_word' id='word_1_64' title='bbox 1781 779 1843 833; x_wconf 90' lang='lat' dir='ltr'><strong>et</strong></span> <span class='ocrx_word' id='word_1_65' title='bbox 1878 768 2055 834; x_wconf 88' lang='lat' dir='ltr'><strong>idem</strong></span> <span class='ocrx_word' id='word_1_66' title='bbox 2087 780 2210 846; x_wconf 90' lang='lat' dir='ltr'><strong>est,</strong></span> <span class='ocrx_word' id='word_1_67' title='bbox 2263 790 2432 852; x_wconf 86' lang='lat' dir='ltr'><strong>quae</strong></span> <span class='ocrx_word' id='word_1_68' title='bbox 2467 793 2548 836; x_wconf 84' lang='lat' dir='ltr'><strong>ex</strong></span> 
     </span>
    </p>
   </div>
   <div class='ocr_carea' id='block_1_4' title="bbox 482 862 2633 953">
    <p class='ocr_par' dir='ltr' id='par_1_4' title="bbox 482 862 2633 953">
     <span class='ocr_line' id='line_1_9' title="bbox 482 862 2633 953; baseline -0.005 -21"><span class='ocrx_word' id='word_1_69' title='bbox 482 889 562 932; x_wconf 90' lang='lat' dir='ltr'><strong>eo</strong></span> <span class='ocrx_word' id='word_1_70' title='bbox 598 875 867 953; x_wconf 86' lang='lat' dir='ltr'><strong>peccata</strong></span> <span class='ocrx_word' id='word_1_71' title='bbox 901 873 1252 929; x_wconf 86' lang='lat' dir='ltr'><strong>nascuntur</strong></span> <span class='ocrx_word' id='word_1_72' title='bbox 1287 862 1584 946; x_wconf 83' lang='lat' dir='ltr'><strong>aequalia</strong></span> <span class='ocrx_word' id='word_1_73' title='bbox 1618 863 1744 926; x_wconf 88' lang='lat' dir='ltr'><strong>sint</strong></span> <span class='ocrx_word' id='word_1_74' title='bbox 1777 873 2046 948; x_wconf 85' lang='lat' dir='ltr'><strong>oportet.</strong></span> <span class='ocrx_word' id='word_1_75' title='bbox 2119 863 2294 947; x_wconf 87' lang='lat' dir='ltr'><strong>quod</strong></span> <span class='ocrx_word' id='word_1_76' title='bbox 2329 864 2384 928; x_wconf 91' lang='lat' dir='ltr'><strong>si</strong></span> <span class='ocrx_word' id='word_1_77' title='bbox 2419 865 2547 929; x_wconf 87' lang='lat' dir='ltr'><strong>vir-</strong></span> <span class='ocrx_word' id='word_1_78' title='bbox 2581 883 2633 922; x_wconf 69' lang='grc' dir='ltr'><strong>ει</strong></span> 
     </span>
    </p>
   </div>
   <div class='ocr_carea' id='block_1_5' title="bbox 481 956 2545 1896">
    <p class='ocr_par' dir='ltr' id='par_1_5' title="bbox 481 956 2545 1896">
     <span class='ocr_line' id='line_1_10' title="bbox 485 956 2544 1043; baseline -0 -18"><span class='ocrx_word' id='word_1_79' title='bbox 485 971 659 1025; x_wconf 86' lang='lat' dir='ltr'><strong>tutes</strong></span> <span class='ocrx_word' id='word_1_80' title='bbox 707 970 857 1023; x_wconf 85' lang='lat' dir='ltr'><strong>sunt</strong></span> <span class='ocrx_word' id='word_1_81' title='bbox 898 979 1087 1043; x_wconf 85' lang='lat' dir='ltr'><strong>pares</strong></span> <span class='ocrx_word' id='word_1_82' title='bbox 1131 957 1297 1021; x_wconf 85' lang='lat' dir='ltr'><strong>inter</strong></span> <span class='ocrx_word' id='word_1_83' title='bbox 1330 979 1429 1033; x_wconf 88' lang='lat' dir='ltr'><strong>se,</strong></span> <span class='ocrx_word' id='word_1_84' title='bbox 1473 957 1658 1042; x_wconf 82' lang='lat' dir='ltr'><strong>paria</strong></span> <span class='ocrx_word' id='word_1_85' title='bbox 1691 979 1832 1023; x_wconf 84' lang='lat' dir='ltr'><strong>esse</strong></span> <span class='ocrx_word' id='word_1_86' title='bbox 1867 956 2061 1022; x_wconf 85' lang='lat' dir='ltr'><strong>etiam</strong></span> <span class='ocrx_word' id='word_1_87' title='bbox 2095 957 2252 1022; x_wconf 84' lang='lat' dir='ltr'><strong>vitia</strong></span> <span class='ocrx_word' id='word_1_88' title='bbox 2285 979 2544 1024; x_wconf 85' lang='lat' dir='ltr'><strong>necesse</strong></span> 
     </span>
     <span class='ocr_line' id='line_1_11' title="bbox 482 1050 2545 1138; baseline -0.001 -19"><span class='ocrx_word' id='word_1_89' title='bbox 482 1067 611 1119; x_wconf 84' lang='lat' dir='ltr'><strong>est:</strong></span> <span class='ocrx_word' id='word_1_90' title='bbox 650 1052 832 1137; x_wconf 85' lang='lat' dir='ltr'><strong>atqui</strong></span> <span class='ocrx_word' id='word_1_91' title='bbox 866 1051 1037 1138; x_wconf 89' lang='lat' dir='ltr'><strong>paris</strong></span> <span class='ocrx_word' id='word_1_92' title='bbox 1075 1073 1215 1116; x_wconf 87' lang='lat' dir='ltr'><strong>esse</strong></span> <span class='ocrx_word' id='word_1_93' title='bbox 1252 1050 1519 1116; x_wconf 86' lang='lat' dir='ltr'><strong>virtutes</strong></span> <span class='ocrx_word' id='word_1_94' title='bbox 1553 1073 1674 1116; x_wconf 88' lang='lat' dir='ltr'><strong>nec</strong></span> <span class='ocrx_word' id='word_1_95' title='bbox 1709 1051 1881 1116; x_wconf 87' lang='lat' dir='ltr'><strong>bono</strong></span> <span class='ocrx_word' id='word_1_96' title='bbox 1905 1051 2044 1116; x_wconf 83' lang='lat' dir='ltr'><strong>viro</strong></span> <span class='ocrx_word' id='word_1_97' title='bbox 2071 1050 2399 1117; x_wconf 88' lang='lat' dir='ltr'><strong>meliorem</strong></span> <span class='ocrx_word' id='word_1_98' title='bbox 2412 1075 2545 1118; x_wconf 71' lang='lat' dir='ltr'><strong>‘nec</strong></span> 
     </span>
     <span class='ocr_line' id='line_1_12' title="bbox 482 1137 2545 1234; baseline -0 -21"><span class='ocrx_word' id='word_1_99' title='bbox 482 1157 884 1234; x_wconf 76' lang='lat' dir='ltr'><strong>temperante</strong></span> <span class='ocrx_word' id='word_1_100' title='bbox 928 1145 1486 1232; x_wconf 79' lang='lat' dir='ltr'><strong>temperantiorem</strong></span> <span class='ocrx_word' id='word_1_101' title='bbox 1532 1167 1656 1210; x_wconf 89' lang='lat' dir='ltr'><strong>nec</strong></span> <span class='ocrx_word' id='word_1_102' title='bbox 1697 1145 1850 1211; x_wconf 88' lang='lat' dir='ltr'><strong>forti</strong></span> <span class='ocrx_word' id='word_1_103' title='bbox 1901 1137 2245 1212; x_wconf 79' lang='lat' dir='ltr'><strong>fortiorem</strong></span> <span class='ocrx_word' id='word_1_104' title='bbox 2279 1169 2400 1212; x_wconf 89' lang='lat' dir='ltr'><strong>nec</strong></span> <span class='ocrx_word' id='word_1_105' title='bbox 2443 1170 2545 1212; x_wconf 83' lang='lat' dir='ltr'><strong>sa-</strong></span> 
     </span>
     <span class='ocr_line' id='line_1_13' title="bbox 484 1239 2541 1328; baseline 0 -22"><span class='ocrx_word' id='word_1_106' title='bbox 484 1242 686 1328; x_wconf 84' lang='lat' dir='ltr'><strong>pienti</strong></span> <span class='ocrx_word' id='word_1_107' title='bbox 730 1239 1181 1326; x_wconf 72' lang='lat' dir='ltr'><strong>sapientiorem</strong></span> <span class='ocrx_word' id='word_1_108' title='bbox 1215 1261 1405 1325; x_wconf 89' lang='lat' dir='ltr'><strong>posse</strong></span> <span class='ocrx_word' id='word_1_109' title='bbox 1438 1241 1605 1318; x_wconf 85' lang='lat' dir='ltr'><strong>fieri,</strong></span> <span class='ocrx_word' id='word_1_110' title='bbox 1642 1240 1968 1306; x_wconf 80' lang='lat' dir='ltr'><strong>facillume</strong></span> <span class='ocrx_word' id='word_1_111' title='bbox 2003 1251 2218 1326; x_wconf 88' lang='lat' dir='ltr'><strong>potest</strong></span> <span class='ocrx_word' id='word_1_112' title='bbox 2249 1239 2541 1326; x_wconf 80' lang='lat' dir='ltr'><strong>perspici.</strong></span> 
     </span>
     <span class='ocr_line' id='line_1_14' title="bbox 484 1333 2542 1420; baseline -0 -19"><span class='ocrx_word' id='word_1_113' title='bbox 484 1360 570 1401; x_wconf 84' lang='lat' dir='ltr'><strong>an</strong></span> <span class='ocrx_word' id='word_1_114' title='bbox 604 1334 818 1400; x_wconf 85' lang='lat' dir='ltr'><strong>virum</strong></span> <span class='ocrx_word' id='word_1_115' title='bbox 850 1334 1092 1400; x_wconf 89' lang='lat' dir='ltr'><strong>bonum</strong></span> <span class='ocrx_word' id='word_1_116' title='bbox 1129 1333 1331 1411; x_wconf 74' lang='lat' dir='ltr'><strong>diceS,</strong></span> <span class='ocrx_word' id='word_1_117' title='bbox 1380 1334 1492 1418; x_wconf 92' lang='lat' dir='ltr'><strong>qui</strong></span> <span class='ocrx_word' id='word_1_118' title='bbox 1536 1335 1900 1420; x_wconf 86' lang='lat' dir='ltr'><strong>depositum</strong></span> <span class='ocrx_word' id='word_1_119' title='bbox 1935 1335 2110 1400; x_wconf 87' lang='lat' dir='ltr'><strong>nullo</strong></span> <span class='ocrx_word' id='word_1_120' title='bbox 2154 1347 2348 1412; x_wconf 86' lang='lat' dir='ltr'><strong>teste,</strong></span> <span class='ocrx_word' id='word_1_121' title='bbox 2395 1355 2542 1400; x_wconf 86' lang='lat' dir='ltr'><strong>cum</strong></span> 
     </span>
     <span class='ocr_line' id='line_1_15' title="bbox 482 1429 2540 1516; baseline -0 -20"><span class='ocrx_word' id='word_1_122' title='bbox 482 1431 721 1496; x_wconf 85' lang='lat' dir='ltr'><strong>lucrari</strong></span> <span class='ocrx_word' id='word_1_123' title='bbox 763 1429 1005 1516; x_wconf 89' lang='lat' dir='ltr'><strong>inpune</strong></span> <span class='ocrx_word' id='word_1_124' title='bbox 1047 1440 1264 1514; x_wconf 87' lang='lat' dir='ltr'><strong>posset</strong></span> <span class='ocrx_word' id='word_1_125' title='bbox 1308 1430 1448 1495; x_wconf 88' lang='lat' dir='ltr'><strong>auri</strong></span> <span class='ocrx_word' id='word_1_126' title='bbox 1490 1429 1706 1514; x_wconf 93' lang='lat' dir='ltr'><strong>pondo</strong></span> <span class='ocrx_word' id='word_1_127' title='bbox 1753 1430 1975 1495; x_wconf 85' lang='lat' dir='ltr'><strong>decem</strong></span> <span class='ocrx_word' id='word_1_128' title='bbox 1989 1477 2006 1506; x_wconf 92' lang='lat'>‚</span> <span class='ocrx_word' id='word_1_129' title='bbox 2063 1430 2440 1507; x_wconf 81' lang='lat' dir='ltr'><strong>reddiderit,</strong></span> <span class='ocrx_word' id='word_1_130' title='bbox 2487 1431 2540 1494; x_wconf 89' lang='lat' dir='ltr'><strong>si</strong></span> 
     </span>
     <span class='ocr_line' id='line_1_16' title="bbox 481 1523 2540 1610; baseline 0 -21"><span class='ocrx_word' id='word_1_131' title='bbox 481 1526 657 1591; x_wconf 90' lang='lat' dir='ltr'><strong>idem</strong></span> <span class='ocrx_word' id='word_1_132' title='bbox 708 1524 779 1588; x_wconf 89' lang='lat' dir='ltr'><strong>in</strong></span> <span class='ocrx_word' id='word_1_133' title='bbox 831 1524 1054 1590; x_wconf 89' lang='lat' dir='ltr'><strong>decem</strong></span> <span class='ocrx_word' id='word_1_134' title='bbox 1104 1523 1366 1589; x_wconf 85' lang='lat' dir='ltr'><strong>milibus</strong></span> <span class='ocrx_word' id='word_1_135' title='bbox 1418 1545 1547 1590; x_wconf 91' lang='lat' dir='ltr'><strong>non</strong></span> <span class='ocrx_word' id='word_1_136' title='bbox 1590 1524 1764 1589; x_wconf 88' lang='lat' dir='ltr'><strong>idem</strong></span> <span class='ocrx_word' id='word_1_137' title='bbox 1809 1524 2070 1591; x_wconf 86' lang='lat' dir='ltr'><strong>fecerit?</strong></span> <span class='ocrx_word' id='word_1_138' title='bbox 2141 1536 2253 1590; x_wconf 87' lang='lat' dir='ltr'><strong>aut</strong></span> <span class='ocrx_word' id='word_1_139' title='bbox 2295 1536 2540 1610; x_wconf 88' lang='lat' dir='ltr'><strong>tempe-</strong></span> 
     </span>
     <span class='ocr_line' id='line_1_17' title="bbox 482 1617 2542 1703; baseline -0.001 -17"><span class='ocrx_word' id='word_1_140' title='bbox 482 1617 764 1696; x_wconf 82' lang='lat' dir='ltr'><strong>rantem,</strong></span> <span class='ocrx_word' id='word_1_141' title='bbox 810 1617 922 1702; x_wconf 89' lang='lat' dir='ltr'><strong>qui</strong></span> <span class='ocrx_word' id='word_1_142' title='bbox 966 1640 1035 1684; x_wconf 87' lang='lat' dir='ltr'><strong>se</strong></span> <span class='ocrx_word' id='word_1_143' title='bbox 1077 1618 1145 1683; x_wconf 88' lang='lat' dir='ltr'><strong>in</strong></span> <span class='ocrx_word' id='word_1_144' title='bbox 1189 1618 1406 1703; x_wconf 86' lang='lat' dir='ltr'><strong>aliqua</strong></span> <span class='ocrx_word' id='word_1_145' title='bbox 1446 1619 1710 1684; x_wconf 89' lang='lat' dir='ltr'><strong>libidine</strong></span> <span class='ocrx_word' id='word_1_146' title='bbox 1757 1619 2167 1696; x_wconf 84' lang='lat' dir='ltr'><strong>continuerit,</strong></span> <span class='ocrx_word' id='word_1_147' title='bbox 2213 1620 2282 1683; x_wconf 93' lang='lat' dir='ltr'><strong>in</strong></span> <span class='ocrx_word' id='word_1_148' title='bbox 2326 1620 2542 1702; x_wconf 84' lang='lat' dir='ltr'><strong>aliqua</strong></span> 
     </span>
     <span class='ocr_line' id='line_1_18' title="bbox 482 1711 2541 1798; baseline -0.001 -18"><span class='ocrx_word' id='word_1_149' title='bbox 482 1714 825 1780; x_wconf 79' lang='lat' dir='ltr'><strong>effuderit?</strong></span> <span class='ocrx_word' id='word_1_150' title='bbox 868 1737 999 1779; x_wconf 86' lang='lat' dir='ltr'><strong>una</strong></span> <span class='ocrx_word' id='word_1_151' title='bbox 1032 1713 1233 1778; x_wconf 82' lang='lat' dir='ltr'><strong>virtus</strong></span> <span class='ocrx_word' id='word_1_152' title='bbox 1270 1724 1367 1779; x_wconf 91' lang='lat' dir='ltr'><strong>est</strong></span> <span class='ocrx_word' id='word_1_153' title='bbox 1400 1715 1802 1780; x_wconf 84' lang='lat' dir='ltr'><strong>consentiens</strong></span> <span class='ocrx_word' id='word_1_154' title='bbox 1839 1735 1987 1779; x_wconf 90' lang='lat' dir='ltr'><strong>cum</strong></span> <span class='ocrx_word' id='word_1_155' title='bbox 2019 1713 2264 1780; x_wconf 86' lang='lat' dir='ltr'><strong>ratione</strong></span> <span class='ocrx_word' id='word_1_156' title='bbox 2301 1711 2364 1778; x_wconf 84' lang='lat' dir='ltr'><strong>et</strong></span> <span class='ocrx_word' id='word_1_157' title='bbox 2397 1736 2541 1798; x_wconf 89' lang='lat' dir='ltr'><strong>per-</strong></span> 
     </span>
     <span class='ocr_line' id='line_1_19' title="bbox 484 1806 2538 1896; baseline -0.002 -20"><span class='ocrx_word' id='word_1_158' title='bbox 484 1819 681 1896; x_wconf 80' lang='lat' dir='ltr'><strong>petua</strong></span> <span class='ocrx_word' id='word_1_159' title='bbox 716 1807 1102 1885; x_wconf 58' lang='lat' dir='ltr'><strong>constantim</strong></span> <span class='ocrx_word' id='word_1_160' title='bbox 1136 1807 1297 1872; x_wconf 88' lang='lat' dir='ltr'><strong>nihil</strong></span> <span class='ocrx_word' id='word_1_161' title='bbox 1329 1807 1457 1873; x_wconf 89' lang='lat' dir='ltr'><strong>huc</strong></span> <span class='ocrx_word' id='word_1_162' title='bbox 1492 1807 1642 1874; x_wconf 86' lang='lat' dir='ltr'><strong>addi</strong></span> <span class='ocrx_word' id='word_1_163' title='bbox 1680 1819 1910 1893; x_wconf 89' lang='lat' dir='ltr'><strong>potest,</strong></span> <span class='ocrx_word' id='word_1_164' title='bbox 1947 1829 2075 1892; x_wconf 89' lang='lat' dir='ltr'><strong>quo</strong></span> <span class='ocrx_word' id='word_1_165' title='bbox 2103 1806 2310 1893; x_wconf 85' lang='lat' dir='ltr'><strong>magis</strong></span> <span class='ocrx_word' id='word_1_166' title='bbox 2337 1806 2538 1872; x_wconf 85' lang='lat' dir='ltr'><strong>virtus</strong></span> 
     </span>
    </p>
   </div>
   <div class='ocr_carea' id='block_1_6' title="bbox 2577 1730 2627 1770">
    <p class='ocr_par' dir='ltr' id='par_1_6' title="bbox 2577 1730 2627 1770">
     <span class='ocr_line' id='line_1_20' title="bbox 2577 1730 2627 1770; baseline 0.04 -2"><span class='ocrx_word' id='word_1_167' title='bbox 2577 1730 2627 1770; x_wconf 79' lang='lat'><strong>22</strong></span> 
     </span>
    </p>
   </div>
   <div class='ocr_carea' id='block_1_7' title="bbox 486 1901 2584 1987">
    <p class='ocr_par' dir='ltr' id='par_1_7' title="bbox 486 1901 2584 1987">
     <span class='ocr_line' id='line_1_21' title="bbox 486 1901 2584 1987; baseline -0.001 -18"><span class='ocrx_word' id='word_1_168' title='bbox 486 1905 599 1981; x_wconf 83' lang='lat' dir='ltr'><strong>sit,</strong></span> <span class='ocrx_word' id='word_1_169' title='bbox 642 1904 803 1968; x_wconf 87' lang='lat' dir='ltr'><strong>nihil</strong></span> <span class='ocrx_word' id='word_1_170' title='bbox 838 1901 1038 1980; x_wconf 90' lang='lat' dir='ltr'><strong>demi,</strong></span> <span class='ocrx_word' id='word_1_171' title='bbox 1072 1913 1147 1967; x_wconf 90' lang='lat' dir='ltr'><strong>ut</strong></span> <span class='ocrx_word' id='word_1_172' title='bbox 1180 1902 1433 1967; x_wconf 86' lang='lat' dir='ltr'><strong>virtutis</strong></span> <span class='ocrx_word' id='word_1_173' title='bbox 1466 1924 1703 1968; x_wconf 89' lang='lat' dir='ltr'><strong>nomen</strong></span> <span class='ocrx_word' id='word_1_174' title='bbox 1737 1903 2159 1987; x_wconf 82' lang='lat' dir='ltr'><strong>relinquatur:</strong></span> <span class='ocrx_word' id='word_1_175' title='bbox 2215 1903 2450 1969; x_wconf 88' lang='lat' dir='ltr'><strong>etenim</strong></span> <span class='ocrx_word' id='word_1_176' title='bbox 2487 1904 2542 1968; x_wconf 90' lang='lat' dir='ltr'><strong>si</strong></span> <span class='ocrx_word' id='word_1_177' title='bbox 2579 1951 2584 1955; x_wconf 82' lang='lat'>-</span> 
     </span>
    </p>
   </div>
   <div class='ocr_carea' id='block_1_8' title="bbox 475 1997 2541 4165">
    <p class='ocr_par' dir='ltr' id='par_1_8' title="bbox 475 1997 2541 4165">
     <span class='ocr_line' id='line_1_22' title="bbox 484 1997 2541 2075; baseline 0.001 -13"><span class='ocrx_word' id='word_1_178' title='bbox 484 2001 648 2065; x_wconf 89' lang='lat' dir='ltr'><strong>bene</strong></span> <span class='ocrx_word' id='word_1_179' title='bbox 684 1998 856 2063; x_wconf 85' lang='lat' dir='ltr'><strong>facta</strong></span> <span class='ocrx_word' id='word_1_180' title='bbox 898 2007 1071 2063; x_wconf 87' lang='lat' dir='ltr'><strong>recte</strong></span> <span class='ocrx_word' id='word_1_181' title='bbox 1116 1997 1291 2062; x_wconf 85' lang='lat' dir='ltr'><strong>facta</strong></span> <span class='ocrx_word' id='word_1_182' title='bbox 1334 2008 1486 2062; x_wconf 90' lang='lat' dir='ltr'><strong>sunt</strong></span> <span class='ocrx_word' id='word_1_183' title='bbox 1528 2008 1593 2062; x_wconf 88' lang='lat' dir='ltr'><strong>et</strong></span> <span class='ocrx_word' id='word_1_184' title='bbox 1633 1997 1795 2062; x_wconf 90' lang='lat' dir='ltr'><strong>nihil</strong></span> <span class='ocrx_word' id='word_1_185' title='bbox 1838 2007 2012 2062; x_wconf 89' lang='lat' dir='ltr'><strong>recto</strong></span> <span class='ocrx_word' id='word_1_186' title='bbox 2058 1997 2292 2062; x_wconf 86' lang='lat' dir='ltr'><strong>rectius</strong></span> <span class='ocrx_word' id='word_1_187' title='bbox 2306 2045 2325 2075; x_wconf 91' lang='lat'><strong>,</strong></span> <span class='ocrx_word' id='word_1_188' title='bbox 2371 2009 2541 2064; x_wconf 89' lang='lat' dir='ltr'><strong>certe</strong></span> 
     </span>
     <span class='ocr_line' id='line_1_23' title="bbox 484 2090 2541 2176; baseline -0.001 -18"><span class='ocrx_word' id='word_1_189' title='bbox 484 2115 567 2158; x_wconf 90' lang='lat' dir='ltr'><strong>ne</strong></span> <span class='ocrx_word' id='word_1_190' title='bbox 620 2093 793 2157; x_wconf 88' lang='lat' dir='ltr'><strong>bono</strong></span> <span class='ocrx_word' id='word_1_191' title='bbox 846 2091 1108 2175; x_wconf 90' lang='lat' dir='ltr'><strong>quidem</strong></span> <span class='ocrx_word' id='word_1_192' title='bbox 1158 2090 1389 2157; x_wconf 90' lang='lat' dir='ltr'><strong>melius</strong></span> <span class='ocrx_word' id='word_1_193' title='bbox 1432 2091 1778 2175; x_wconf 85' lang='lat' dir='ltr'><strong>quicquam</strong></span> <span class='ocrx_word' id='word_1_194' title='bbox 1817 2091 2090 2157; x_wconf 85' lang='lat' dir='ltr'><strong>inveniri</strong></span> <span class='ocrx_word' id='word_1_195' title='bbox 2133 2101 2362 2176; x_wconf 88' lang='lat' dir='ltr'><strong>potest.</strong></span> <span class='ocrx_word' id='word_1_196' title='bbox 2441 2114 2541 2156; x_wconf 89' lang='lat' dir='ltr'><strong>se-</strong></span> 
     </span>
     <span class='ocr_line' id='line_1_24' title="bbox 486 2185 2538 2272; baseline -0.001 -20"><span class='ocrx_word' id='word_1_197' title='bbox 486 2187 707 2271; x_wconf 88' lang='lat' dir='ltr'><strong>quitur</strong></span> <span class='ocrx_word' id='word_1_198' title='bbox 744 2185 943 2272; x_wconf 85' lang='lat' dir='ltr'><strong>igitur</strong></span> <span class='ocrx_word' id='word_1_199' title='bbox 985 2196 1058 2251; x_wconf 89' lang='lat' dir='ltr'><strong>ut</strong></span> <span class='ocrx_word' id='word_1_200' title='bbox 1102 2186 1296 2251; x_wconf 84' lang='lat' dir='ltr'><strong>etiam</strong></span> <span class='ocrx_word' id='word_1_201' title='bbox 1331 2185 1489 2250; x_wconf 85' lang='lat' dir='ltr'><strong>vitia</strong></span> <span class='ocrx_word' id='word_1_202' title='bbox 1523 2185 1650 2251; x_wconf 87' lang='lat' dir='ltr'><strong>sint</strong></span> <span class='ocrx_word' id='word_1_203' title='bbox 1684 2185 1891 2271; x_wconf 82' lang='lat' dir='ltr'><strong>paria,</strong></span> <span class='ocrx_word' id='word_1_204' title='bbox 1941 2185 1996 2250; x_wconf 88' lang='lat' dir='ltr'><strong>si</strong></span> <span class='ocrx_word' id='word_1_205' title='bbox 2031 2185 2292 2270; x_wconf 91' lang='lat' dir='ltr'><strong>quidem</strong></span> <span class='ocrx_word' id='word_1_206' title='bbox 2326 2187 2538 2271; x_wconf 80' lang='lat' dir='ltr'><strong>pravi-</strong></span> 
     </span>
     <span class='ocr_line' id='line_1_25' title="bbox 484 2280 2536 2366; baseline -0.001 -19"><span class='ocrx_word' id='word_1_207' title='bbox 484 2293 647 2347; x_wconf 85' lang='lat' dir='ltr'><strong>tates</strong></span> <span class='ocrx_word' id='word_1_208' title='bbox 700 2281 895 2346; x_wconf 88' lang='lat' dir='ltr'><strong>animi</strong></span> <span class='ocrx_word' id='word_1_209' title='bbox 948 2292 1119 2346; x_wconf 86' lang='lat' dir='ltr'><strong>recte</strong></span> <span class='ocrx_word' id='word_1_210' title='bbox 1170 2280 1329 2346; x_wconf 82' lang='lat' dir='ltr'><strong>vitia</strong></span> <span class='ocrx_word' id='word_1_211' title='bbox 1372 2280 1689 2345; x_wconf 89' lang='lat' dir='ltr'><strong>dicuntur.</strong></span> <span class='ocrx_word' id='word_1_212' title='bbox 1778 2280 1958 2366; x_wconf 89' lang='lat' dir='ltr'><strong>atqui</strong></span> <span class='ocrx_word' id='word_1_213' title='bbox 2002 2280 2308 2364; x_wconf 87' lang='lat' dir='ltr'><strong>quoniam</strong></span> <span class='ocrx_word' id='word_1_214' title='bbox 2350 2302 2536 2366; x_wconf 88' lang='lat' dir='ltr'><strong>pares</strong></span> 
     </span>
     <span class='ocr_line' id='line_1_26' title="bbox 484 2373 2539 2460; baseline -0.002 -18"><span class='ocrx_word' id='word_1_215' title='bbox 484 2377 753 2442; x_wconf 86' lang='lat' dir='ltr'><strong>virtutes</strong></span> <span class='ocrx_word' id='word_1_216' title='bbox 788 2386 964 2450; x_wconf 89' lang='lat' dir='ltr'><strong>sunt,</strong></span> <span class='ocrx_word' id='word_1_217' title='bbox 1012 2385 1184 2448; x_wconf 77' lang='lat' dir='ltr'><strong>recte</strong></span> <span class='ocrx_word' id='word_1_218' title='bbox 1219 2375 1419 2452; x_wconf 87' lang='lat' dir='ltr'><strong>facta,</strong></span> <span class='ocrx_word' id='word_1_219' title='bbox 1466 2375 1771 2458; x_wconf 88' lang='lat' dir='ltr'><strong>quoniam</strong></span> <span class='ocrx_word' id='word_1_220' title='bbox 1816 2398 1856 2439; x_wconf 88' lang='lat' dir='ltr'><strong>a</strong></span> <span class='ocrx_word' id='word_1_221' title='bbox 1897 2374 2238 2439; x_wconf 85' lang='lat' dir='ltr'><strong>virtutibus</strong></span> <span class='ocrx_word' id='word_1_222' title='bbox 2286 2373 2539 2460; x_wconf 87' lang='lat' dir='ltr'><strong>profici-</strong></span> 
     </span>
     <span class='ocr_line' id='line_1_27' title="bbox 483 2468 2540 2554; baseline -0.001 -19"><span class='ocrx_word' id='word_1_223' title='bbox 483 2481 767 2545; x_wconf 89' lang='lat' dir='ltr'><strong>scuntur,</strong></span> <span class='ocrx_word' id='word_1_224' title='bbox 801 2469 982 2554; x_wconf 82' lang='lat' dir='ltr'><strong>paria</strong></span> <span class='ocrx_word' id='word_1_225' title='bbox 1018 2491 1157 2535; x_wconf 87' lang='lat' dir='ltr'><strong>esse</strong></span> <span class='ocrx_word' id='word_1_226' title='bbox 1192 2468 1448 2546; x_wconf 89' lang='lat' dir='ltr'><strong>debent,</strong></span> <span class='ocrx_word' id='word_1_227' title='bbox 1482 2469 1767 2553; x_wconf 89' lang='lat' dir='ltr'><strong>itemque</strong></span> <span class='ocrx_word' id='word_1_228' title='bbox 1799 2479 2084 2554; x_wconf 82' lang='lat' dir='ltr'><strong>peecata,</strong></span> <span class='ocrx_word' id='word_1_229' title='bbox 2120 2469 2422 2551; x_wconf 87' lang='lat' dir='ltr'><strong>quoniam</strong></span> <span class='ocrx_word' id='word_1_230' title='bbox 2457 2490 2540 2533; x_wconf 83' lang='lat' dir='ltr'><strong>ex</strong></span> 
     </span>
     <span class='ocr_line' id='line_1_28' title="bbox 483 2561 2534 2648; baseline -0.001 -19"><span class='ocrx_word' id='word_1_231' title='bbox 483 2563 653 2629; x_wconf 81' lang='lat' dir='ltr'><strong>vitiis</strong></span> <span class='ocrx_word' id='word_1_232' title='bbox 686 2573 981 2640; x_wconf 82' lang='lat' dir='ltr'><strong>manant,</strong></span> <span class='ocrx_word' id='word_1_233' title='bbox 1018 2563 1146 2626; x_wconf 87' lang='lat' dir='ltr'><strong>sint</strong></span> <span class='ocrx_word' id='word_1_234' title='bbox 1181 2563 1473 2647; x_wconf 81' lang='lat' dir='ltr'><strong>aequalia</strong></span> <span class='ocrx_word' id='word_1_235' title='bbox 1504 2585 1766 2629; x_wconf 88' lang='lat' dir='ltr'><strong>necesse</strong></span> <span class='ocrx_word' id='word_1_236' title='bbox 1803 2574 1917 2630; x_wconf 89' lang='lat' dir='ltr'><strong>est.</strong></span> <span class='ocrx_word' id='word_1_237' title='bbox 2007 2571 2078 2628; x_wconf 87' lang='lat' dir='ltr'><strong>‘a</strong></span> <span class='ocrx_word' id='word_1_238' title='bbox 2110 2561 2534 2648; x_wconf 86' lang='lat' dir='ltr'><strong>philosophis’</strong></span> 
     </span>
     <span class='ocr_line' id='line_1_29' title="bbox 478 2656 2532 2740; baseline -0.001 -18"><span class='ocrx_word' id='word_1_239' title='bbox 478 2657 691 2740; x_wconf 91' lang='lat' dir='ltr'><strong>inquit</strong></span> <span class='ocrx_word' id='word_1_240' title='bbox 741 2656 893 2721; x_wconf 88' lang='lat' dir='ltr'><strong>‘ista</strong></span> <span class='ocrx_word' id='word_1_241' title='bbox 945 2656 1182 2721; x_wconf 62' lang='lat' dir='ltr'><strong>sumis?</strong></span> <span class='ocrx_word' id='word_1_242' title='bbox 1270 2657 1639 2723; x_wconf 88' lang='lat' dir='ltr'><strong>metuebam</strong></span> <span class='ocrx_word' id='word_1_243' title='bbox 1679 2680 1763 2723; x_wconf 90' lang='lat' dir='ltr'><strong>ne</strong></span> <span class='ocrx_word' id='word_1_244' title='bbox 1809 2681 1847 2722; x_wconf 85' lang='lat' dir='ltr'><strong>a</strong></span> <span class='ocrx_word' id='word_1_245' title='bbox 1891 2657 2226 2722; x_wconf 85' lang='lat' dir='ltr'><strong>lenonibus</strong></span> <span class='ocrx_word' id='word_1_246' title='bbox 2273 2656 2532 2722; x_wconf 88' lang='lat' dir='ltr'><strong>diceres.</strong></span> 
     </span>
     <span class='ocr_line' id='line_1_30' title="bbox 482 2749 2534 2836; baseline -0.002 -18"><span class='ocrx_word' id='word_1_247' title='bbox 482 2760 501 2790; x_wconf 90' lang='lat'>‘</span> <span class='ocrx_word' id='word_1_248' title='bbox 514 2751 813 2818; x_wconf 78' lang='lat' dir='ltr'><strong>Socrates</strong></span> <span class='ocrx_word' id='word_1_249' title='bbox 866 2749 1236 2836; x_wconf 85' lang='lat' dir='ltr'><strong>disputabat</strong></span> <span class='ocrx_word' id='word_1_250' title='bbox 1285 2751 1407 2816; x_wconf 90' lang='lat' dir='ltr'><strong>isto</strong></span> <span class='ocrx_word' id='word_1_251' title='bbox 1450 2751 1685 2816; x_wconf 91' lang='lat' dir='ltr'><strong>modo.’</strong></span> <span class='ocrx_word' id='word_1_252' title='bbox 1773 2751 1939 2816; x_wconf 88' lang='lat' dir='ltr'><strong>bene</strong></span> <span class='ocrx_word' id='word_1_253' title='bbox 1983 2750 2240 2816; x_wconf 91' lang='lat' dir='ltr'><strong>hercule</strong></span> <span class='ocrx_word' id='word_1_254' title='bbox 2284 2773 2534 2826; x_wconf 85' lang='lat' dir='ltr'><strong>narras3</strong></span> 
     </span>
     <span class='ocr_line' id='line_1_31' title="bbox 480 2843 2539 2930; baseline -0.001 -20"><span class='ocrx_word' id='word_1_255' title='bbox 480 2869 629 2910; x_wconf 83' lang='lat' dir='ltr'><strong>nam</strong></span> <span class='ocrx_word' id='word_1_256' title='bbox 676 2846 873 2910; x_wconf 89' lang='lat' dir='ltr'><strong>istum</strong></span> <span class='ocrx_word' id='word_1_257' title='bbox 914 2845 1177 2911; x_wconf 87' lang='lat' dir='ltr'><strong>doctum</strong></span> <span class='ocrx_word' id='word_1_258' title='bbox 1222 2856 1287 2910; x_wconf 89' lang='lat' dir='ltr'><strong>et</strong></span> <span class='ocrx_word' id='word_1_259' title='bbox 1330 2846 1683 2930; x_wconf 83' lang='lat' dir='ltr'><strong>sapientem</strong></span> <span class='ocrx_word' id='word_1_260' title='bbox 1717 2844 1926 2908; x_wconf 87' lang='lat' dir='ltr'><strong>virum</strong></span> <span class='ocrx_word' id='word_1_261' title='bbox 1959 2844 2157 2908; x_wconf 89' lang='lat' dir='ltr'><strong>fuisse</strong></span> <span class='ocrx_word' id='word_1_262' title='bbox 2191 2843 2539 2908; x_wconf 37' lang='lat' dir='ltr'><strong>memoriae*</strong></span> 
     </span>
     <span class='ocr_line' id='line_1_32' title="bbox 481 2935 2536 3022; baseline -0.002 -17"><span class='ocrx_word' id='word_1_263' title='bbox 481 2939 788 3005; x_wconf 85' lang='lat' dir='ltr'><strong>traditum</strong></span> <span class='ocrx_word' id='word_1_264' title='bbox 830 2951 947 3004; x_wconf 90' lang='lat' dir='ltr'><strong>est.</strong></span> <span class='ocrx_word' id='word_1_265' title='bbox 1036 2939 1151 3004; x_wconf 89' lang='lat' dir='ltr'><strong>sed</strong></span> <span class='ocrx_word' id='word_1_266' title='bbox 1193 2949 1409 3004; x_wconf 89' lang='lat' dir='ltr'><strong>tamen</strong></span> <span class='ocrx_word' id='word_1_267' title='bbox 1454 2959 1695 3022; x_wconf 90' lang='lat' dir='ltr'><strong>quaero</strong></span> <span class='ocrx_word' id='word_1_268' title='bbox 1732 2961 1812 3002; x_wconf 86' lang='lat' dir='ltr'><strong>ex</strong></span> <span class='ocrx_word' id='word_1_269' title='bbox 1846 2946 1938 3013; x_wconf 77' lang='lat' dir='ltr'><strong>te‘,</strong></span> <span class='ocrx_word' id='word_1_270' title='bbox 1983 2935 2289 3020; x_wconf 85' lang='lat' dir='ltr'><strong>quoniam</strong></span> <span class='ocrx_word' id='word_1_271' title='bbox 2324 2935 2536 3001; x_wconf 88' lang='lat' dir='ltr'><strong>verbis</strong></span> 
     </span>
     <span class='ocr_line' id='line_1_33' title="bbox 478 3031 2538 3122; baseline -0.001 -23"><span class='ocrx_word' id='word_1_272' title='bbox 478 3035 646 3102; x_wconf 87' lang='lat' dir='ltr'><strong>inter</strong></span> <span class='ocrx_word' id='word_1_273' title='bbox 706 3057 824 3099; x_wconf 92' lang='lat' dir='ltr'><strong>nos</strong></span> <span class='ocrx_word' id='word_1_274' title='bbox 886 3033 1325 3122; x_wconf 86' lang='lat' dir='ltr'><strong>contendimus</strong></span> <span class='ocrx_word' id='word_1_275' title='bbox 1340 3081 1357 3110; x_wconf 91' lang='lat'>‚</span> <span class='ocrx_word' id='word_1_276' title='bbox 1418 3055 1548 3097; x_wconf 91' lang='lat' dir='ltr'><strong>non</strong></span> <span class='ocrx_word' id='word_1_277' title='bbox 1598 3032 1866 3118; x_wconf 80' lang='lat' dir='ltr'><strong>pugnis:</strong></span> <span class='ocrx_word' id='word_1_278' title='bbox 1935 3043 2151 3096; x_wconf 88' lang='lat' dir='ltr'><strong>utrum</strong></span> <span class='ocrx_word' id='word_1_279' title='bbox 2202 3031 2386 3097; x_wconf 91' lang='lat' dir='ltr'><strong>nobis</strong></span> <span class='ocrx_word' id='word_1_280' title='bbox 2441 3041 2538 3096; x_wconf 90' lang='lat' dir='ltr'><strong>est</strong></span> 
     </span>
     <span class='ocr_line' id='line_1_34' title="bbox 479 3127 2534 3213; baseline -0.001 -19"><span class='ocrx_word' id='word_1_281' title='bbox 479 3129 919 3213; x_wconf 83' lang='lat' dir='ltr'><strong>quaerendum</strong></span> <span class='ocrx_word' id='word_1_282' title='bbox 965 3129 1121 3212; x_wconf 89' lang='lat' dir='ltr'><strong>quid</strong></span> <span class='ocrx_word' id='word_1_283' title='bbox 1146 3127 1359 3194; x_wconf 81' lang='lat' dir='ltr'><strong>baioli</strong></span> <span class='ocrx_word' id='word_1_284' title='bbox 1394 3138 1587 3212; x_wconf 83' lang='lat' dir='ltr'><strong>atque</strong></span> <span class='ocrx_word' id='word_1_285' title='bbox 1624 3127 1900 3212; x_wconf 86' lang='lat' dir='ltr'><strong>operarii</strong></span> <span class='ocrx_word' id='word_1_286' title='bbox 1935 3151 2019 3192; x_wconf 89' lang='lat' dir='ltr'><strong>an</strong></span> <span class='ocrx_word' id='word_1_287' title='bbox 2053 3127 2210 3212; x_wconf 91' lang='lat' dir='ltr'><strong>quid</strong></span> <span class='ocrx_word' id='word_1_288' title='bbox 2244 3127 2534 3193; x_wconf 89' lang='lat' dir='ltr'><strong>homines</strong></span> 
     </span>
     <span class='ocr_line' id='line_1_35' title="bbox 479 3222 2536 3309; baseline 0 -21"><span class='ocrx_word' id='word_1_289' title='bbox 479 3224 836 3290; x_wconf 88' lang='lat' dir='ltr'><strong>doctissimi</strong></span> <span class='ocrx_word' id='word_1_290' title='bbox 880 3224 1232 3290; x_wconf 79' lang='lat' dir='ltr'><strong>senserint?</strong></span> <span class='ocrx_word' id='word_1_291' title='bbox 1301 3223 1676 3309; x_wconf 85' lang='lat' dir='ltr'><strong>praesertim</strong></span> <span class='ocrx_word' id='word_1_292' title='bbox 1721 3244 1868 3288; x_wconf 86' lang='lat' dir='ltr'><strong>eum</strong></span> <span class='ocrx_word' id='word_1_293' title='bbox 1902 3222 2024 3288; x_wconf 83' lang='lat' dir='ltr'><strong>hac</strong></span> <span class='ocrx_word' id='word_1_294' title='bbox 2058 3224 2372 3289; x_wconf 85' lang='lat' dir='ltr'><strong>sententia</strong></span> <span class='ocrx_word' id='word_1_295' title='bbox 2405 3247 2536 3288; x_wconf 88' lang='lat' dir='ltr'><strong>non</strong></span> 
     </span>
     <span class='ocr_line' id='line_1_36' title="bbox 478 3317 2536 3402; baseline -0 -20"><span class='ocrx_word' id='word_1_296' title='bbox 478 3319 673 3384; x_wconf 89' lang='lat' dir='ltr'><strong>modo</strong></span> <span class='ocrx_word' id='word_1_297' title='bbox 718 3319 957 3395; x_wconf 78' lang='lat' dir='ltr'><strong>verior,</strong></span> <span class='ocrx_word' id='word_1_298' title='bbox 1004 3320 1117 3384; x_wconf 89' lang='lat' dir='ltr'><strong>sed</strong></span> <span class='ocrx_word' id='word_1_299' title='bbox 1159 3342 1241 3384; x_wconf 91' lang='lat' dir='ltr'><strong>ne</strong></span> <span class='ocrx_word' id='word_1_300' title='bbox 1285 3318 1501 3383; x_wconf 85' lang='lat' dir='ltr'><strong>utilior</strong></span> <span class='ocrx_word' id='word_1_301' title='bbox 1545 3317 1808 3402; x_wconf 90' lang='lat' dir='ltr'><strong>quidem</strong></span> <span class='ocrx_word' id='word_1_302' title='bbox 1851 3317 2184 3382; x_wconf 90' lang='lat' dir='ltr'><strong>hominum</strong></span> <span class='ocrx_word' id='word_1_303' title='bbox 2231 3319 2400 3384; x_wconf 88' lang='lat' dir='ltr'><strong>vitae</strong></span> <span class='ocrx_word' id='word_1_304' title='bbox 2435 3341 2536 3382; x_wconf 89' lang='lat' dir='ltr'><strong>re-</strong></span> 
     </span>
     <span class='ocr_line' id='line_1_37' title="bbox 478 3411 2537 3498; baseline -0.002 -20"><span class='ocrx_word' id='word_1_305' title='bbox 478 3412 677 3498; x_wconf 87' lang='lat' dir='ltr'><strong>periri</strong></span> <span class='ocrx_word' id='word_1_306' title='bbox 718 3413 851 3478; x_wconf 88' lang='lat' dir='ltr'><strong>ulla</strong></span> <span class='ocrx_word' id='word_1_307' title='bbox 894 3413 1116 3498; x_wconf 91' lang='lat' dir='ltr'><strong>possit.</strong></span> <span class='ocrx_word' id='word_1_308' title='bbox 1205 3435 1371 3496; x_wconf 82' lang='lat' dir='ltr'><strong>quae</strong></span> <span class='ocrx_word' id='word_1_309' title='bbox 1404 3413 1502 3477; x_wconf 84' lang='lat' dir='ltr'><strong>vis</strong></span> <span class='ocrx_word' id='word_1_310' title='bbox 1540 3423 1637 3477; x_wconf 90' lang='lat' dir='ltr'><strong>est</strong></span> <span class='ocrx_word' id='word_1_311' title='bbox 1673 3412 1842 3476; x_wconf 90' lang='lat' dir='ltr'><strong>enim</strong></span> <span class='ocrx_word' id='word_1_312' title='bbox 1878 3432 2044 3496; x_wconf 84' lang='lat' dir='ltr'><strong>quae</strong></span> <span class='ocrx_word' id='word_1_313' title='bbox 2079 3411 2284 3496; x_wconf 86' lang='lat' dir='ltr'><strong>magis</strong></span> <span class='ocrx_word' id='word_1_314' title='bbox 2323 3427 2537 3476; x_wconf 85' lang='lat' dir='ltr'><strong>arceat</strong></span> 
     </span>
     <span class='ocr_line' id='line_1_38' title="bbox 478 3505 2538 3592; baseline -0.002 -20"><span class='ocrx_word' id='word_1_315' title='bbox 478 3507 771 3572; x_wconf 88' lang='lat' dir='ltr'><strong>homines</strong></span> <span class='ocrx_word' id='word_1_316' title='bbox 808 3508 893 3572; x_wconf 85' lang='lat' dir='ltr'><strong>ab</strong></span> <span class='ocrx_word' id='word_1_317' title='bbox 926 3506 1310 3592; x_wconf 86' lang='lat' dir='ltr'><strong>inprobitate</strong></span> <span class='ocrx_word' id='word_1_318' title='bbox 1346 3507 1545 3582; x_wconf 89' lang='lat' dir='ltr'><strong>omni,</strong></span> <span class='ocrx_word' id='word_1_319' title='bbox 1593 3528 1789 3589; x_wconf 83' lang='lat' dir='ltr'><strong>quam</strong></span> <span class='ocrx_word' id='word_1_320' title='bbox 1835 3506 1889 3570; x_wconf 89' lang='lat' dir='ltr'><strong>si</strong></span> <span class='ocrx_word' id='word_1_321' title='bbox 1935 3505 2245 3570; x_wconf 90' lang='lat' dir='ltr'><strong>senserint</strong></span> <span class='ocrx_word' id='word_1_322' title='bbox 2287 3505 2538 3568; x_wconf 89' lang='lat' dir='ltr'><strong>nullum</strong></span> 
     </span>
     <span class='ocr_line' id='line_1_39' title="bbox 476 3598 2536 3685; baseline -0.002 -20"><span class='ocrx_word' id='word_1_323' title='bbox 476 3601 547 3665; x_wconf 90' lang='lat' dir='ltr'><strong>in</strong></span> <span class='ocrx_word' id='word_1_324' title='bbox 594 3601 839 3668; x_wconf 89' lang='lat' dir='ltr'><strong>delictis</strong></span> <span class='ocrx_word' id='word_1_325' title='bbox 888 3624 1028 3674; x_wconf 81' lang='lat' dir='ltr'><strong>esse</strong></span> <span class='ocrx_word' id='word_1_326' title='bbox 1064 3600 1445 3667; x_wconf 84' lang='lat' dir='ltr'><strong>discrimen?</strong></span> <span class='ocrx_word' id='word_1_327' title='bbox 1514 3621 1718 3684; x_wconf 87' lang='lat' dir='ltr'><strong>aeque</strong></span> <span class='ocrx_word' id='word_1_328' title='bbox 1753 3607 2020 3685; x_wconf 85' lang='lat' dir='ltr'><strong>peccare</strong></span> <span class='ocrx_word' id='word_1_329' title='bbox 2057 3622 2146 3675; x_wconf 86' lang='lat' dir='ltr'><strong>se,</strong></span> <span class='ocrx_word' id='word_1_330' title='bbox 2183 3599 2238 3663; x_wconf 89' lang='lat' dir='ltr'><strong>si</strong></span> <span class='ocrx_word' id='word_1_331' title='bbox 2271 3598 2536 3684; x_wconf 82' lang='lat' dir='ltr'><strong>privatis</strong></span> 
     </span>
     <span class='ocr_line' id='line_1_40' title="bbox 478 3693 2538 3780; baseline -0.002 -21"><span class='ocrx_word' id='word_1_332' title='bbox 478 3717 557 3760; x_wconf 84' lang='lat' dir='ltr'><strong>ac</strong></span> <span class='ocrx_word' id='word_1_333' title='bbox 608 3696 664 3760; x_wconf 92' lang='lat' dir='ltr'><strong>si</strong></span> <span class='ocrx_word' id='word_1_334' title='bbox 716 3695 1198 3780; x_wconf 77' lang='lat' dir='ltr'><strong>magistratibus</strong></span> <span class='ocrx_word' id='word_1_335' title='bbox 1252 3715 1482 3759; x_wconf 85' lang='lat' dir='ltr'><strong>manus</strong></span> <span class='ocrx_word' id='word_1_336' title='bbox 1542 3693 1874 3759; x_wconf 80' lang='lat' dir='ltr'><strong>adferant?</strong></span> <span class='ocrx_word' id='word_1_337' title='bbox 1945 3713 2417 3778; x_wconf 86' lang='lat' dir='ltr'><strong>quamcumque</strong></span> <span class='ocrx_word' id='word_1_338' title='bbox 2471 3693 2538 3755; x_wconf 88' lang='lat' dir='ltr'><strong>in</strong></span> 
     </span>
     <span class='ocr_line' id='line_1_41' title="bbox 476 3787 2537 3876; baseline -0.002 -22"><span class='ocrx_word' id='word_1_339' title='bbox 476 3791 744 3855; x_wconf 88' lang='lat' dir='ltr'><strong>domum</strong></span> <span class='ocrx_word' id='word_1_340' title='bbox 796 3801 1089 3876; x_wconf 85' lang='lat' dir='ltr'><strong>stuprum</strong></span> <span class='ocrx_word' id='word_1_341' title='bbox 1132 3789 1486 3867; x_wconf 86' lang='lat' dir='ltr'><strong>intulerint,</strong></span> <span class='ocrx_word' id='word_1_342' title='bbox 1541 3789 1813 3854; x_wconf 86' lang='lat' dir='ltr'><strong>eandem</strong></span> <span class='ocrx_word' id='word_1_343' title='bbox 1857 3811 1999 3855; x_wconf 88' lang='lat' dir='ltr'><strong>esse</strong></span> <span class='ocrx_word' id='word_1_344' title='bbox 2043 3788 2256 3853; x_wconf 85' lang='lat' dir='ltr'><strong>labem</strong></span> <span class='ocrx_word' id='word_1_345' title='bbox 2303 3787 2537 3851; x_wconf 90' lang='lat' dir='ltr'><strong>lubidi-</strong></span> 
     </span>
     <span class='ocr_line' id='line_1_42' title="bbox 475 3880 2532 3971; baseline -0.002 -22"><span class='ocrx_word' id='word_1_346' title='bbox 475 3884 615 3949; x_wconf 88' lang='lat' dir='ltr'><strong>nis?</strong></span> <span class='ocrx_word' id='word_1_347' title='bbox 686 3884 957 3950; x_wconf 87' lang='lat' dir='ltr'><strong>‘nihilne</strong></span> <span class='ocrx_word' id='word_1_348' title='bbox 990 3885 1188 3971; x_wconf 83' lang='lat' dir='ltr'><strong>igitur</strong></span> <span class='ocrx_word' id='word_1_349' title='bbox 1219 3884 1512 3948; x_wconf 86' lang='lat' dir='ltr'><strong>interest’</strong></span> <span class='ocrx_word' id='word_1_350' title='bbox 1532 3919 1621 3930; x_wconf 92' lang='lat'><strong>--</strong></span> <span class='ocrx_word' id='word_1_351' title='bbox 1644 3905 1814 3947; x_wconf 83' lang='lat' dir='ltr'><strong>nam·</strong></span> <span class='ocrx_word' id='word_1_352' title='bbox 1832 3883 1956 3948; x_wconf 90' lang='lat' dir='ltr'><strong>hoc</strong></span> <span class='ocrx_word' id='word_1_353' title='bbox 1990 3882 2160 3947; x_wconf 91' lang='lat' dir='ltr'><strong>dicet</strong></span> <span class='ocrx_word' id='word_1_354' title='bbox 2193 3880 2421 3964; x_wconf 81' lang='lat' dir='ltr'><strong>aliquis</strong></span> <span class='ocrx_word' id='word_1_355' title='bbox 2446 3917 2532 3926; x_wconf 89' lang='lat'><strong>—-</strong></span> 
     </span>
     <span class='ocr_line' id='line_1_43' title="bbox 477 3975 2534 4063; baseline -0.001 -21"><span class='ocrx_word' id='word_1_356' title='bbox 477 3985 759 4063; x_wconf 88' lang='lat' dir='ltr'><strong>‘patrem</strong></span> <span class='ocrx_word' id='word_1_357' title='bbox 810 3978 955 4061; x_wconf 88' lang='lat' dir='ltr'><strong>quis</strong></span> <span class='ocrx_word' id='word_1_358' title='bbox 1006 3989 1192 4045; x_wconf 90' lang='lat' dir='ltr'><strong>necet</strong></span> <span class='ocrx_word' id='word_1_359' title='bbox 1239 4001 1404 4043; x_wconf 90' lang='lat' dir='ltr'><strong>anne</strong></span> <span class='ocrx_word' id='word_1_360' title='bbox 1449 3978 1769 4042; x_wconf 84' lang='lat' dir='ltr'><strong>servum?&#39;</strong></span> <span class='ocrx_word' id='word_1_361' title='bbox 1824 3977 1997 4054; x_wconf 80' lang='lat' dir='ltr'><strong>nuda</strong></span> <span class='ocrx_word' id='word_1_362' title='bbox 2048 3977 2172 4040; x_wconf 86' lang='lat' dir='ltr'><strong>ista</strong></span> <span class='ocrx_word' id='word_1_363' title='bbox 2215 3975 2270 4040; x_wconf 90' lang='lat' dir='ltr'><strong>si</strong></span> <span class='ocrx_word' id='word_1_364' title='bbox 2310 3997 2534 4061; x_wconf 86' lang='lat' dir='ltr'><strong>ponas,</strong></span> 
     </span>
     <span class='ocr_line' id='line_1_44' title="bbox 476 4069 2536 4165; baseline -0.001 -28"><span class='ocrx_word' id='word_1_365' title='bbox 476 4072 765 4138; x_wconf 82' lang='lat' dir='ltr'><strong>iudicare</strong></span> <span class='ocrx_word' id='word_1_366' title='bbox 808 4073 1025 4156; x_wconf 85' lang='lat' dir='ltr'><strong>qualia</strong></span> <span class='ocrx_word' id='word_1_367' title='bbox 1058 4072 1185 4138; x_wconf 89' lang='lat' dir='ltr'><strong>sint</strong></span> <span class='ocrx_word' id='word_1_368' title='bbox 1218 4092 1347 4137; x_wconf 90' lang='lat' dir='ltr'><strong>non</strong></span> <span class='ocrx_word' id='word_1_369' title='bbox 1382 4071 1571 4137; x_wconf 88' lang='lat' dir='ltr'><strong>facile</strong></span> <span class='ocrx_word' id='word_1_370' title='bbox 1606 4072 1864 4158; x_wconf 89' lang='lat' dir='ltr'><strong>possim.</strong></span> <span class='ocrx_word' id='word_1_371' title='bbox 1955 4081 2201 4165; x_wconf 80' lang='lat' dir='ltr'><strong>patrem</strong></span> <span class='ocrx_word' id='word_1_372' title='bbox 2240 4070 2373 4136; x_wconf 79' lang='lat' dir='ltr'><strong>vita</strong></span> <span class='ocrx_word' id='word_1_373' title='bbox 2406 4069 2536 4156; x_wconf 88' lang='lat' dir='ltr'><strong>pri·-</strong></span> 
     </span>
    </p>
   </div>
   <div class='ocr_carea' id='block_1_9' title="bbox 2569 3900 2620 3938">
    <p class='ocr_par' dir='ltr' id='par_1_9' title="bbox 2569 3900 2620 3938">
     <span class='ocr_line' id='line_1_45' title="bbox 2569 3900 2620 3938; baseline 0 0"><span class='ocrx_word' id='word_1_374' title='bbox 2569 3900 2620 3938; x_wconf 76' lang='lat'><strong>24</strong></span> 
     </span>
    </p>
   </div>
  </div>
 </body>
</html>
