3292 4559
723 234 853 303 266
1347 242 1426 297 Μ.
1463 242 1740 298 TULLII
1772 240 2176 301 CICERONIS

723 371 896 437 enim
928 392 1138 447 nemo,
1177 368 1351 454 quod
1387 367 1650 452 quidem
1684 366 1892 453 magis
1921 368 2132 444 cred0,
2170 379 2301 446 aut,
2338 368 2393 433 si
2430 368 2789 455 quisquam,

718 466 828 531 ille
871 465 1127 551 sapiens
1173 463 1315 529 fuit.
1405 482 1535 545 quo
1578 462 1802 539 mod0,
1855 472 1929 526 ιιι
1972 462 2099 527 alia
2143 463 2465 543 omittam,
2519 480 2788 533 mortem

722 559 838 625 filii
871 558 1046 625 tulit!
1101 558 1518 623 memineram
1553 555 1868 634 Paulum,
1922 555 2208 622 videram
2246 556 2520 637 Galum,
2573 561 2688 627 sed
2720 562 2789 627 hi

645 680 696 719 10
722 653 791 717 in
832 653 1078 739 pueris,
1125 648 1293 717 Cato
1335 650 1404 714 in
1446 648 1735 735 perfecto
1782 660 1845 715 et
1890 661 2177 735 spectato
2222 650 2380 717 viro.
2470 674 2667 737 quam
2701 655 2787 720 ob

719 771 859 813 rem
922 770 1078 813 cave
1134 742 1370 811 Catoni
1433 755 1785 829 anteponas
1847 766 1930 809 ne
1980 744 2178 809 istum
2230 746 2488 830 quidem
2549 748 2784 833 ipsum,

723 864 916 927 quem
967 841 1207 927 Apollo
1220 888 1238 917 ,
1299 850 1374 904 ut
1425 838 1554 916 ais,
1607 838 2146 924 sapientissimum
2197 838 2531 906 iudicavit:
2592 842 2783 909 huius

722 937 892 1003 enim
927 937 1120 1012 facta,
1155 935 1329 1001 illius
1365 934 1536 1000 dicta
1566 934 1931 999 laudantur.
2023 934 2103 999 de
2137 956 2243 1000 me
2279 947 2515 1013 autem,
2548 948 2621 1001 ut
2653 937 2784 1003 iam

651 1056 685 1109 3
723 1054 869 1097 cum
905 1042 1180 1115 utroque
1215 1030 1471 1114 loquar,
1510 1028 1602 1093 sic
1634 1026 1967 1093 habetote:
2012 1050 2135 1113 ego
2170 1027 2226 1094 si
2264 1028 2584 1117 Scipionis
2620 1031 2784 1097 desi-

723 1125 899 1193 derio
934 1148 1038 1191 me
1073 1124 1318 1191 moveri
1359 1145 1623 1209 negem,
1668 1144 1864 1206 quam
1905 1121 1975 1187 id
2009 1133 2182 1189 recte
2228 1124 2466 1191 faciam
2511 1126 2782 1192 viderint

723 1220 1075 1305 sapientes,
1121 1218 1236 1285 sed
1279 1228 1450 1283 certe
1501 1216 1793 1282 mentiar.
1882 1238 2147 1283 moveor
2192 1218 2363 1283 enim
2416 1220 2529 1285 tali
2578 1221 2783 1285 amico

723 1313 1014 1390 orbatus,
1049 1312 1289 1397 qualis,
1324 1322 1401 1376 ut
1433 1310 1734 1387 arbitror,
1770 1332 1958 1377 nemo
1995 1332 2305 1395 umquam
2340 1313 2489 1391 erit,
2526 1325 2597 1378 ιιι
2632 1317 2783 1378 con'-

719 1408 974 1473 firmare
1009 1428 1292 1491 possum,
1328 1426 1518 1471 nemo
1547 1416 1717 1471 certe
1752 1404 1904 1483 fuit3
1942 1406 2057 1472 sed
2091 1428 2220 1471 non
2247 1428 2406 1493 egeo
2434 1406 2781 1471 medicina:

721 1524 826 1568 me
860 1502 998 1588 ipse
1033 1501 1325 1566 consolor
1360 1512 1424 1567 ει
1467 1500 1747 1566 maxime
1788 1500 1900 1566 illo
1938 1502 2171 1568 solacio
2182 1549 2201 1580 ,
2246 1502 2422 1586 quod
2456 1524 2533 1567 eo
2570 1524 2780 1567 errore

724 1618 929 1673 caree,
968 1617 1097 1681 quo
1133 1596 1484 1661 amicorum
1520 1595 1790 1661 decessu
1824 1595 2113 1681 plerique
2148 1597 2303 1683 angi
2338 1596 2561 1663 solent.
2615 1596 2776 1661 nihil

721 1690 874 1757 mali
902 1690 1208 1755 accidisse
1229 1688 1518 1776 Scipioni
1552 1699 1738 1775 puto·
1777 1689 1935 1755 mihi
1964 1690 2215 1769 accidit,
2252 1691 2305 1755 si
2334 1690 2491 1775 quid
2518 1690 2779 1769 accidit3

723 1786 853 1851 suis
899 1796 1116 1851 autem
1158 1783 1580 1849 incommodis
1613 1782 1899 1869 graviter
1942 1784 2097 1871 angi
2138 1806 2269 1849 non
2313 1784 2621 1863 amicum,
2665 1785 2781 1849 sed

646 1909 694 1947 ιι
724 1901 794 1945 εε
827 1879 1042 1966 ipsum
1087 1878 1360 1944 amantis
1409 1889 1523 1943 εει.
1613 1899 1761 1943 ειιιιι
1804 1876 1914 1943 illo
1950 1900 2105 1943 vero
2141 1878 2285 1962 quis
2327 1888 2523 1965 neget
2566 1889 2779 1943 actum

723 1995 862 2039 esse
894 1974 1259 2061 praeclare?
1303 1972 1430 2039 nisi
1465 1972 1664 2050 enim,
1699 1973 1878 2056 quod
1911 1972 2019 2038 ille
2052 1973 2315 2039 minime
2349 1973 2648 2058 putabat,
2682 1972 2781 2037 in-

721 2068 1172 2134 mortalitatem
1219 2078 1439 2153 optare
1485 2068 1710 2143 vellet,
1764 2067 1921 2151 quid
1954 2088 2085 2133 non
2120 2068 2391 2154 adeptus
2428 2078 2554 2146 εει,
2608 2067 2781 2152 quod

722 2162 963 2227 homini
989 2162 1090 2227 fas
1118 2172 1285 2229 esset
1311 2162 1570 2248 optare?
1605 2160 1719 2245 qui
1738 2182 2057 2225 summam
2095 2183 2274 2246 spem
2303 2162 2558 2239 civium,
2586 2183 2781 2245 quam

723 2257 802 2323 de
840 2278 916 2322 eo
952 2255 1080 2319 iam
1113 2278 1316 2341 puero
1342 2254 1721 2334 habuerant,
1758 2254 2060 2321 continuo
2098 2254 2475 2321 adulescens
2508 2254 2779 2321 incredi-

721 2350 836 2415 bili
871 2350 1106 2415 virtute
1143 2350 1470 2436 superavit
1481 2375 1500 2428 3
1548 2349 1663 2434 qui
1698 2350 2101 2415 consulatum
2144 2349 2373 2435 petivit
2405 2372 2778 2436 numquam,
2808 2366 2825 2385 ·

722 2443 932 2508 factus
969 2440 1252 2531 [consul]
1293 2456 1392 2510 est
1425 2444 1547 2521 bis,
1581 2446 1864 2529 primum
1898 2454 2046 2509 ante
2080 2455 2355 2528 tempus,
2390 2444 2622 2510 iterum
2656 2444 2779 2509 sibi

721 2557 842 2601 suo
877 2547 1192 2623 tempore,
1237 2538 1330 2603 rei
1367 2537 1666 2623 publicae
1700 2560 1908 2624 paene
1944 2560 2115 2616 ser03
2161 2538 2275 2622 qui
2310 2538 2561 2604 duabus
2602 2538 2779 2603 urbi-

723 2630 844 2695 bus
891 2631 1126 2698 eversis
1169 2630 1644 2697 inimicissumis
1690 2632 1841 2698 huic
1884 2632 2154 2718 imperio
2188 2654 2320 2697 non
2364 2633 2556 2698 modo
2590 2654 2779 2719 prae-

723 2725 948 2803 sentia,
983 2748 1208 2791 verum
1243 2726 1436 2791 etiam
1471 2726 1693 2792 futura
1726 2726 1897 2791 bella
1933 2726 2187 2792 delevit.
2260 2727 2417 2811 quid
2452 2727 2659 2793 dicam
2696 2726 2777 2791 de

723 2818 1008 2885 moribus
1044 2818 1414 2897 facillumis,
1459 2820 1540 2885 de
1575 2820 1815 2905 pietate
1848 2819 1918 2885 in
1952 2830 2252 2898 matrem,
2298 2820 2677 2888 liberalitate
2710 2820 2778 2884 in

725 2934 1001 2991 sorores,
1046 2913 1330 2980 bonitate
1374 2915 1441 2979 in
1487 2936 1670 2993 suos,
1717 2914 1963 2979 iustitia
2014 2915 2083 2980 in
2129 2916 2374 2981 omnis?
2423 2927 2581 2981 nota
2632 2926 2779 2979 sunt

722 3008 926 3072 vobis.
979 3030 1175 3092 quam
1207 3021 1425 3077 autem
1460 3010 1704 3077 civitati
1740 3032 1926 3076 carus
1960 3010 2176 3088 fuerit,
2213 3033 2503 3077 maerore
2536 3012 2777 3077 funeris

722 3101 1073 3168 indicatum
1121 3115 1238 3169 est.
1343 3106 1499 3191 quid
1558 3106 1757 3192 igitur
1816 3105 1989 3172 hunc
2050 3127 2405 3193 paucorum
2464 3128 2777 3170 annorum

723 3197 1002 3263 accessio
1036 3198 1257 3265 iuvare
1290 3200 1641 3286 potuisset?
1677 3211 1972 3267 senectus
2004 3199 2177 3267 enim
2212 3199 2502 3283 quamvis
2536 3220 2667 3263 non
2694 3198 2777 3262 sit

721 3290 960 3376 gravis,
994 3302 1068 3358 ut
1101 3294 1362 3359 memini
1393 3292 1712 3359 Catonem
1746 3316 1914 3360 anno
1950 3304 2098 3359 ante
2126 3316 2319 3378 quam
2356 3303 2454 3357 est
2485 3302 2778 3357 mortuus

722 3408 979 3452 mecum
1013 3398 1078 3453 ει
1114 3410 1261 3454 cum
1299 3386 1602 3473 Scipione
1639 3388 1970 3466 disserere,
2008 3398 2221 3453 tamen
2254 3386 2467 3453 aufert
2503 3410 2647 3453 eam
2681 3386 2779 3451 vi-

645 3504 696 3545 ιε
723 3481 1062 3561 riditatem,
1097 3483 1166 3547 in
1202 3503 1332 3566 qua
1365 3483 1560 3549 etiam
1591 3505 1765 3548 nunc
1801 3493 1935 3549 erat
1973 3481 2212 3567 Scipio.
2293 3504 2488 3566 quam
2524 3481 2607 3546 ob
2642 3502 2778 3545 rem

721 3576 856 3641 vita
905 3576 1168 3660 quidem
1221 3575 1365 3642 talis
1419 3576 1546 3641 fuit
1596 3578 1703 3642 vel
1751 3577 2009 3643 fortuna
2060 3575 2163 3641 vel
2214 3574 2450 3662 gloria,
2502 3585 2578 3639 ut
2620 3573 2781 3637 nihil

719 3681 940 3756 posset
994 3671 1330 3747 accedere,
1381 3670 1708 3736 moriundi
1740 3682 1955 3738 autem
1991 3693 2251 3737 sensum
2298 3670 2589 3735 celeritas
2634 3667 2786 3733 abs·

721 3765 896 3830 tulit:
951 3786 1080 3849 quo
1114 3767 1195 3831 de
1227 3788 1467 3852 genere
1509 3767 1734 3834 mortis
1777 3767 2037 3833 difficile
2073 3766 2251 3833 dictu
2294 3777 2421 3842 est,
2466 3764 2626 3849 quid
2668 3764 2785 3829 ho-

720 3859 926 3939 mines
971 3860 1377 3947 suspicentur
1418 3861 1673 3927 videtis.
1761 3860 1885 3928 hoc
1919 3883 2071 3929 vere
2116 3871 2332 3928 tamen
2365 3862 2515 3927 licet
2550 3860 2782 3935 dicere,

720 3952 801 4017 P.
841 3951 1128 4039 Scipioni
1177 3978 1259 4021 ex
1301 3956 1520 4021 multis
1565 3956 1824 4033 diebus,
1869 3977 2033 4039 quos
2066 3958 2135 4022 in
2170 3958 2305 4023 vita
2338 3956 2783 4023 celeberrimos

721 4045 1229 4134 laetissimosque
1282 4049 1544 4127 viderit,
1607 4050 1791 4115 illum
1853 4050 2022 4117 diem
2078 4051 2503 4119 clarissimum
2564 4050 2787 4131 fuisse,
