3292 4559
1100 215 1206 272 DE
1233 212 1572 272 OFFIOHS
1607 213 1715 268 111.
1754 213 1924 272 1-5.
2458 203 2539 270 79

483 345 696 412 dicere
747 341 999 417 liceret,
1063 338 1180 405 sed
1231 338 1284 404 si
1333 338 1544 404 minus
1597 339 1949 406 imitatione
2004 349 2246 405 tantam
2295 341 2539 428 ingenii

483 437 939 526 praestantiam
963 432 1270 517 consequi
1296 454 1658 518 possumne,
1693 435 2023 500 voluntate
2053 445 2221 500 certe
2250 435 2537 520 proxime

483 533 876 607 accedimus3
927 549 1082 596 nam
1123 538 1191 594 et
1233 551 1274 593 a
1314 549 1384 593 re
1428 528 1688 614 publica
1730 528 2219 614 forensibusque
2262 531 2551 618 negotiis·

483 628 676 693 armis
738 624 928 711 inpiis
988 623 1180 707 vique
1229 621 1534 708 prohibiti
1587 621 1789 688 otium
1842 623 2285 709 persequimur
2336 636 2419 690 et·
2452 627 2537 690 ob

484 745 626 788 eam
687 741 949 811 causam
1009 717 1170 782 urbe
1229 716 1452 784 relicta
1501 739 1653 784 rura
1704 729 2119 804 peragrantes
2172 740 2365 806 saepe
2418 721 2533 786 soli

481 837 724 880 sumus.
813 811 931 879 sed
971 833 1093 877 nec
1134 811 1258 877 hoc
1298 810 1501 877 >otium
1546 832 1694 876 cum
1730 811 2025 878 Africani
2060 811 2189 876 otio
2223 835 2343 879 nec
2376 813 2535 880 haec

483 907 756 975 solitudo
803 928 952 972 cum
993 905 1104 970 illa
1149 906 1578 990 comparanda
1612 916 1739 971 este
1784 906 1890 971 ille
1926 904 2097 972 enim
2131 907 2533 990 requiescens

481 1027 523 1069 a
554 1003 650 1069 'rei
693 1000 988 1086 publicae
1034 998 1474 1084 pulcherrimis
1517 999 1891 1065 muneribus
1928 999 2129 1064 otium
2166 1000 2288 1066 sibi
2324 1024 2537 1067 sume-

483 1098 598 1161 bat
640 1093 984 1180 aliquando
1030 1105 1095 1159 et
1137 1115 1173 1158 e
1219 1103 1407 1158 coetu
1450 1090 1781 1159 hominum
1814 1093 2304 1178 frequentiaque
2338 1094 2533 1161 inter·-

485 1192 641 1258 dum
691 1201 1022 1274 tamquam
1067 1186 1137 1252 in
1177 1198 1433 1274 portum
1479 1211 1548 1254 se
1591 1189 1661 1252 in
1706 1188 2112 1254 solitudinem
2154 1189 2531 1276 recipiebat3

483 1297 770 1353 nostrum
821 1294 1039 1349 autem
1089 1281 1290 1348 otium
1343 1282 1585 1368 negotii
1627 1281 1877 1368 inopia,
1921 1305 2050 1348 non
2093 1284 2533 1368 requiescendi

483 1379 694 1447 studio
747 1378 1164 1444 constitutum
1217 1387 1333 1443 est.
1421 1377 1736 1443 exstincto
1792 1377 1961 1442 enim
2006 1388 2231 1444 senatu
2280 1378 2533 1444 deletis-

483 1497 607 1560 que
660 1473 910 1540 iudiciis
959 1472 1118 1556 quid
1171 1482 1268 1537 est
1320 1470 1493 1555 quod
1545 1470 1814 1557 dignum
1860 1471 2047 1536 nobis
2090 1483 2203 1537 aut
2243 1473 2311 1538 in
2356 1475 2533 1540 curia

481 1582 595 1635 aut
627 1568 694 1634 in
727 1567 869 1633 foro
907 1589 1100 1653 agere
1131 1566 1490 1652 possimus?
1575 1566 1668 1654 ita
1702 1567 1814 1650 qui
1849 1565 1917 1631 in
1950 1566 2231 1632 maxima
2267 1568 2560 1635 celebri--

481 1674 614 1729 tate
657 1672 850 1745 atque
893 1661 962 1725 in
1013 1659 1214 1725 oculis
1268 1659 1505 1725 civium
1555 1661 1881 1743 quondam
1934 1660 2308 1738 vixerimus,
2361 1685 2532 1726 nunc

482 1757 800 1841 fugientes
837 1765 1248 1838 conspectum
1283 1753 1755 1830 sceleratorum,
1791 1753 2023 1837 quibus
2061 1754 2273 1819 omnia
2300 1754 2535 1820 redun-

484 1851 668 1926 dant,
723 1847 1016 1912 abdimus
1067 1868 1184 1911 nos
1229 1857 1541 1930 quantum
1583 1846 1733 1913 licet
1786 1857 1853 1911 et
1895 1869 2085 1932 saepe
2131 1847 2250 1913 soli
2292 1870 2531 1914 sumus.
2625 1926 2631 1933 ι

481 1942 596 2009 sed
643 1941 796 2028 quia
839 1940 934 2006 sic
967 1939 1050 2004 ab
1083 1939 1446 2014 hominibus
1485 1940 1688 2006 doctis
1724 1940 2117 2027 accepimus,
2163 1963 2289 2006 non
2326 1943 2535 2008 solum

482 2061 563 2104 ex
607 2036 788 2102 malis
836 2035 1070 2120 eligere
1115 2033 1378 2098 minima
1425 2045 1750 2120 oportere,
1797 2034 1911 2102 sed
1934 2034 2149 2100 -etiam
2194 2057 2532 2122 excerpere

483 2156 563 2199 ex
597 2131 698 2196 his
732 2129 907 2216 ipsis,
941 2129 999 2194 si
1032 2127 1188 2213 quid
1221 2127 1458 2195 inesset
1490 2129 1665 2206 boni,
1700 2141 2037 2215 propterea
2071 2140 2137 2196 et
2170 2129 2297 2195 otio
2332 2131 2530 2208 fruor,

480 2247 612 2296 non
643 2225 754 2290 illo
789 2222 1070 2308 quidem,
1105 2243 1234 2307 quo
1269 2220 1548 2289 debebat
1579 2222 1657 2300 is,
1694 2222 1806 2308 qui
1831 2222 2155 2307 quondam
2182 2224 2529 2310 peperisset

480 2319 683 2384 otium
707 2316 968 2393 civitati,
995 2339 1114 2383 nec
1141 2339 1284 2382 eam
1315 2315 1723 2382 solitudinem
1750 2316 2055 2403 languere
2081 2317 2307 2404 patior,
2336 2339 2529 2402 quam

478 2412 634 2478 mihi
683 2410 892 2476 adfert
932 2410 1306 2487 necessitas,
1351 2432 1480 2475 non
1524 2411 1838 2476 voluntas.
1927 2429 2316 2495 quamquam
2351 2411 2530 2476 Afri-

481 2529 678 2572 canus
713 2504 1020 2570 maiorem
1055 2504 1312 2570 laudem
1348 2526 1493 2571 meo
1527 2505 1765 2572 iudicio
1803 2505 2292 2590 adsequebatur.
2352 2508 2529 2572 nulla

479 2599 648 2667 enim
702 2600 838 2666 eius
892 2598 1133 2686 ingenii
1181 2611 1598 2664 monumenta
1642 2599 1945 2665 mandata
1986 2599 2238 2677 litteris,
2282 2602 2529 2666 nullum

477 2717 640 2780 opus
675 2692 807 2768 otii,
843 2693 1092 2758 nullum
1127 2693 1486 2758 solitudinis
1519 2715 1757 2758 munus
1794 2703 2003 2759 exstat
2010 2717 2028 2769 ;
2066 2715 2147 2758 ex
2182 2714 2309 2777 quo
2344 2695 2531 2760 intel--⁴

475 2787 607 2872 legi
653 2786 846 2852 debet
887 2785 1068 2850 illum
1109 2787 1342 2850 mentis
1389 2786 1739 2871 agitatione
1772 2786 2387 2872 investigationeque
2423 2810 2531 2852 ea-

475 2903 621 2944 rum
655 2901 898 2952 rerum,
941 2898 1102 2961 quas
1139 2878 1479 2964 cogitando
1519 2877 2056 2963 consequebatur,
2100 2901 2220 2947 nec
2255 2879 2529 2946 otiosum

476 2993 620 3055 nec·
641 2972 849 3035 solum
891 2991 1199 3053 umquam
1243 2971 1471 3039 fuisse:
1517 2993 1634 3037 nos
1682 2981 1927 3048 autem,
1972 2971 2084 3056 qui
2117 2993 2247 3037 non
2281 2982 2529 3056 tantum

476 3063 722 3132 roboris
767 3063 1106 3139 habemns,
1151 3075 1226 3128 ut
1267 3064 1653 3151 cogitatione
1699 3065 1895 3131 tacita
1932 3088 1972 3130 a
2007 3065 2344 3134 solitudine
2380 3068 2528 3133 abs-

477 3159 833 3234 trahamur,
879 3155 964 3222 ad
1007 3156 1171 3222 hanc
1215 3157 1534 3224 scribendi
1575 3181 1843 3245 operam
1878 3181 2065 3226 omne
2102 3159 2382 3226 studium
2418 3183 2527 3227 cu-

476 3274 744 3338 ramque
789 3250 1245 3330 convertimus3
1289 3251 1505 3336 itaque
1549 3253 1737 3340 plura
1768 3253 1951 3319 brevi
1986 3264 2270 3340 tempore
2304 3277 2526 3323 eversa

477 3371 689 3433 quarn*
706 3345 922 3412 multis
958 3345 1141 3410 annis
1179 3356 1384 3412 stante
1418 3369 1488 3413 re
1520 3347 1781 3432 publica
1814 3349 2201 3433 scripsimus.

607 3439 745 3506 Sed
795 3461 942 3506 cum
991 3449 1128 3503 tota
1177 3439 1610 3526 philosophia,
1662 3441 1754 3504 mi
1800 3438 2060 3518 Cicer-0,
2106 3441 2417 3528 frugifera
2462 3454 2525 3508 et

476 3539 808 3603 fructuosa
849 3555 970 3600 nec
1015 3535 1147 3599 ulla
1167 3537 1170 3540 ’
1189 3557 1337 3620 pars
1385 3535 1521 3600 eius
1557 3535 1802 3600 inculta
1836 3555 1913 3600 ac
1948 3534 2199 3601 deserta
2236 3536 2342 3614 sit,
2388 3546 2526 3602 tum

477 3633 690 3697 nullus
725 3629 998 3696 feracior
1030 3631 1098 3694 in
1133 3651 1210 3696 ea
1243 3631 1420 3696 locus
1457 3641 1556 3696 est
1589 3651 1711 3698 nec
1742 3631 2001 3697 uberior
2038 3652 2232 3717 quam
2269 3631 2348 3698 de
2384 3632 2529 3697 offi-

479 3726 620 3803 ciis,
675 3749 716 3790 a
759 3725 994 3809 quibus
1041 3735 1401 3791 constanter
1443 3725 1837 3810 honesteque
1882 3727 2138 3793 vivendi
2182 3738 2525 3814 praecepta

479 3819 817 3884 ducuntur.
906 3840 1036 3904 qua
1079 3839 1148 3886 re
1191 3840 1579 3905 quamquam
1625 3843 1666 3886 a
1712 3818 2021 3908 Cratippo
2064 3833 2307 3900 nostro,
2354 3821 2525 3907 prin-

477 3911 622 3997 cipe
674 3910 863 3978 huius
916 3914 1261 3981 memoriae
1311 3913 1864 4002 philosophorum,
1928 3916 2087 3986 haec
2141 3927 2204 3982 te
2258 3916 2523 3982 adsidue

478 4005 700 4072 audire
735 4017 926 4092 atque
963 4009 1249 4096 accipere
1287 4009 1565 4088 confido,
1609 4020 1826 4078 tamen
1863 4009 2218 4078 conducere
2253 4009 2525 4076 arbitror

2574 3431 2608 3544 <7¹10
