3292 4559
978 251 1086 307 DE.
1119 250 1220 305 RE
1255 221 1598 307 PUBmoA'
1622 250 1677 305 1.
1719 251 1961 307 35—40.
2363 240 2493 307 163

429 396 696 460 magna,
749 384 964 440 tamen
1017 396 1161 439 eam
1211 375 1459 451 vinces,
1522 386 1598 440 ut
1650 376 1845 451 soles3
1908 395 2119 459 neque
2172 376 2341 441 enim
2396 390 2495 443 est
2570 403 2574 407 ’

429 470 788 555 periculum
855 492 938 533 ne
1007 479 1070 534 te
1133 470 1216 534 de
1285 490 1356 534 re
1426 469 1689 554 publica
1760 468 2177 535 disserentem
2240 470 2495 537 deficiat

429 564 674 630 oratio?

559 658 692 727 Hic
737 656 984 745 Scipioz
1041 658 1306 725 ‘faciam
1349 658 1524 743 quod
1569 660 1789 736 voltis,
1842 670 1917 723 ut
1957 668 2210 745 potem,
2257 669 2322 725 et
2362 660 2494 725 iam
2526 634 2599 747 ἓξ

429 754 752 840 ingrediar
799 753 870 819 in
912 754 1410 839 disputationem
1443 776 1523 819 ea
1564 754 1739 840 lege,
1784 775 1917 837 qua
1960 752 2151 818 credo
2194 755 2493 819 omnibus

427 849 498 913 in
539 848 732 913 rebus
781 846 1166 914 disserendis
1209 848 1525 913 utendum
1560 870 1731 925 esse,
1767 848 1825 911 si
1860 845 2157 930 errolrem
2212 846 2303 933 [p.
2344 848 2489 913 195.

430 942 589 1009 velis
641 942 892 1019 tollere,
943 952 1016 1006 ut
1066 942 1204 1007 eius
1256 944 1379 1019 rei,
1435 943 1516 1007 de
1568 964 1701 1025 qua
1750 941 2107 1025 quaeritur,
2160 942 2216 1006 si
2261 964 2495 1007 nomen

413 1037 607 1121 ,quod
640 1036 724 1101 sit
758 1035 1112 1112 conveniat,
1149 1037 1504 1122 explicetur
1531 1036 1691 1120 quid
1722 1035 2081 1101 declaretur
2106 1057 2181 1100 eo
2208 1036 2493 1101 nomine:

429 1129 608 1213 quod
651 1131 707 1197 si
752 1130 1151 1209 convenerit,
1197 1141 1336 1195 tum
1381 1130 1642 1195 demum
1690 1130 1943 1196 decebit
1978 1129 2229 1216 ingredi
2261 1130 2331 1195 in
2364 1152 2497 1194 ser-

433 1246 688 1289 monem
699 1248 718 1301 3
771 1245 1128 1308 numquam
1161 1224 1331 1289 enim
1367 1224 1558 1308 quale
1593 1225 1678 1289 sit
1710 1224 1890 1301 illud,
1928 1224 2009 1290 de
2044 1230 2184 1309 quo'
2210 1223 2497 1309 disputa-

433 1318 634 1395 bitur,
685 1318 970 1405 intellegi
1020 1320 1283 1405 poterit,
1333 1319 1460 1384 nisi
1513 1318 1672 1403 quid
1724 1318 1808 1383 sit
1834 1356 1837 1359 ⁴
1860 1318 2049 1384 fuerit
2102 1319 2496 1385 intellectum

431 1411 630 1497 prius.
717 1434 847 1496 qua
879 1434 980 1490 re,
1033 1412 1336 1497 quoniam
1382 1413 1462 1478 de
1507 1436 1577 1479 re
1621 1412 1883 1498 publica
1919 1414 2319 1497 quaerimus,
2372 1412 2496 1478 hoc

431 1506 710 1591 primum
754 1505 1114 1584 videamus,
1159 1508 1319 1591 quid
1361 1507 1444 1572 sit
1488 1506 1557 1572 id
1588 1506 1834 1593 ipsum,
1879 1508 2055 1590 quod
2090 1506 2495 1591 quaerimus?

436 1603 616 1684 lcum
659 1600 1146 1686 adprobavisset
1191 1602 1484 1679 Laelius,
1535 1608 1687 1667 ‘nec
1730 1601 1912 1667 vero’
1956 1602 2166 1685 inquit
2216 1600 2311 1688 [p.
2350 1602 2495 1666 196.

417 1694 782 1759 Africanus
830 1695 948 1761 ‘ita
991 1696 1301 1761 disseram
1345 1696 1432 1761 de
1471 1718 1542 1761 re
1575 1707 1711 1761 tam
1744 1696 1997 1759 inlustri
2032 1706 2293 1779 tamque
2324 1706 2497 1771 nota,

432 1798 506 1852 ut
551 1788 636 1851 ad
673 1788 786 1853 ina
830 1790 1146 1855 elementa
1187 1792 1512 1867 revolvar,
1565 1791 1803 1873 quibus
1849 1789 1944 1853 uti
1988 1788 2160 1853 docti
2204 1788 2495 1854 homines

432 1881 532 1945 his
583 1882 652 1947 in
703 1882 896 1947 rebus
949 1884 1184 1961 solent,
1236 1895 1313 1948 ut
1355 1907 1396 1948 a
1438 1884 1646 1970 prima
1698 1883 2146 1969 congressione
2190 1883 2386 1947 maris
2430 1894 2496 1947 et

431 1976 730 2054 feminae,
765 1976 996 2043 deinde
1033 2001 1072 2045 a
1106 1978 1412 2064 progenie
1447 1989 1513 2043 et
1547 1979 1927 2065 cognatione
1962 1977 2204 2053 ordiar,
2252 1977 2496 2042 verbis-

431 2092 560 2154 que
621 2070 778 2154 quid
839 2072 922 2135 sit
974 2083 1037 2137 et
1089 2082 1248 2156 quot
1298 2072 1506 2137 modis
1557 2074 1843 2158 quidque
1894 2072 2143 2137 dicatur
2194 2071 2495 2137 definiam

429 2164 717 2249 saepius3
773 2165 947 2250 apud
989 2166 1320 2252 prudentis
1367 2167 1538 2232 enim
1581 2168 1873 2233 homines
1912 2178 1976 2232 et
2010 2166 2079 2230 in
2112 2166 2393 2233 maxima
2426 2188 2495 2233 re

431 2257 692 2344 publica
735 2258 1004 2355 sumlma
1039 2282 1188 2325 cum
1221 2261 1426 2347 gloria
1461 2262 1611 2327 belli
1647 2262 1949 2345 domique
1984 2282 2203 2327 versa·
2254 2262 2351 2349 [p.
2390 2259 2493 2325 61.

431 2365 534 2417 tos
569 2374 718 2417 cum
750 2344 996 2439 loquar,
1032 2377 1165 2421 non
1199 2356 1593 2421 committam
1628 2367 1703 2421 ut
1736 2356 1818 2421 sit
1852 2355 2178 2421 inlustrior
2209 2354 2373 2420 illa
2354 2376 2498 2439 ipsa

429 2468 566 2523 res,
612 2447 691 2513 de
735 2470 864 2532 qua
910 2448 1230 2535 disputem
1243 2498 1261 2528 ,
1307 2471 1506 2533 quam
1549 2449 1751 2543 oratio
1785 2472 1961 2515 mea:
2014 2472 2135 2515 nec
2170 2448 2355 2514 enim
2372 2448 2499 2512 hoc

427 2541 707 2626 suscepi,
743 2553 816 2606 ut
850 2553 1180 2626 tamquam
1213 2544 1519 2630 magister
1552 2538 1970 2630 persequerer
2004 2544 2246 2619 omnia,
2281 2538 2493 2625 neque
2572 2577 2579 2582 ·

415 2635 556 2701 ‘hoc
589 2636 892 2721 polliceor
926 2660 1030 2704 me
1065 2639 1477 2716 effecturum,
1524 2650 1596 2703 nt
1639 2660 1723 2703 ne
1760 2659 1889 2721 qua
1922 2637 2289 2723 partioula’
2270 2660 2339 2701 m
2371 2636 2495 2699 hoc

425 2751 722 2794 sermone
793 2734 1244 2815 praetermissa
1313 2733 1448 2797 sit.'
1537 2744 1677 2797 tum
1748 2731 2042 2796 Laelius:
2116 2738 2269 2815 ‘ego
2338 2750 2493 2794 vero

429 2824 656 2887 istud
638 2846 852 2907 lpsum
885 2848 1090 2909 genus
1125 2826 1448 2903 orationis,
1485 2828 1662 2910 quod
1694 2825 2031 2909 polliceris,
2070 2824 2411 2909 exspecto-⁹

567 2916 716 2981 ‘Est
749 2916 974 3002 igitur'
1011 2919 1220 3001 inquit
1252 2920 1659 2983 Africanus‘
1671 2942 1773 2983 res
1810 2919 2069 3004 publica
2092 2918 2100 3001 Ι
2123 2940 2225 2983 res
2264 2914 2357 3004 [p.
2386 2917 2491 2983 62.
2527 2910 2597 2965 25

431 3010 685 3097 populi,
731 3012 1008 3096 populus
1054 3023 1268 3077 autem
1303 3034 1434 3078 non
1469 3014 1677 3077 omnis
1711 3013 2043 3077 hominum
2078 3023 2299 3078 coetus
2330 2984 2561 3121 quo-⁵

435 3126 566 3189 quo
625 3104 820 3169 modo
883 3117 1339 3192 congregatus,
1403 3108 1520 3171 sed
1582 3117 1801 3173 coetus
1863 3106 2287 3173 multitudinis
2336 3107 2493 3172 iuris

433 3221 753 3265 consensu
783 3210 864 3263 ‘et
906 3200 1196 3265 utilitatis
1245 3200 1693 3267 communione
1728 3201 2025 3267 sociatus.
2106 3202 2243 3269 eius
2278 3213 2494 3267 autem

431 3294 644 3381 prima
679 3314 874 3357 causa
909 3293 1182 3358 coe‘undi
1219 3305 1318 3359 est
1349 3316 1480 3360 non
1514 3305 1648 3360 tam
1680 3295 2059 3361 inbecillitas
2086 3316 2284 3379 quam
2308 3306 2494 3359 natu-

431 3387 585 3453 ralis
621 3386 938 3470 quaedam
971 3386 1300 3453 hominum
1334 3390 1521 3473 quasi
1557 3390 2000 3475 congregatim
2036 3410 2167 3453 non
2203 3400 2300 3453 est
2327 3387 2494 3452 enim

433 3482 760 3567 singulare
801 3502 922 3545 nec
967 3482 1324 3567 solivagum
1369 3505 1574 3569 genus
1617 3484 1770 3561 hoc,
1814 3485 1931 3549 sed
1972 3484 2063 3547 ita
2096 3492 2493 3569 generatum,

434 3586 510 3641 ut
534 3599 624 3661 ne
658 3576 726 3640 in
759 3573 1046 3641 omnium
1081 3576 1342 3660 quidem
1378 3599 1592 3643 rerum
1629 3576 1979 3643 adfluentia
2012 3576 2049 3615 ⁴¹*
2085 3578 2121 3613 ³*
2156 3578 2195 3613 ⁴*

953 3669 1433 3759 [Ποεὶάεναηιαν
1456 3676 1735 3759 payinae
1771 3670 1979 3759 duaa]
2136 3689 2149 3695 “

543 3764 772 3850 [de
803 3779 892 3831 est
923 3790 1018 3831 res
1043 3768 1302 3853 publica
1337 3771 1459 3833 nisi
1491 3790 1586 3833 res
1612 3764 1878 3854 populi?
1923 3790 2018 3833 res
2054 3788 2197 3853 erqo
2232 3785 2493 3830 commu·-
2526 3784 2581 3823 40

436 3862 556 3933 nis,
601 3882 696 3923 res
730 3864 935 3947 utique
971 3864 1249 3927 civitatis.
1341 3866 1493 3949 quid
1525 3875 1612 3928 est
1647 3874 1849 3927 autem
1884 3864 2096 3927 civitas
2130 3863 2257 3925 nisi
2288 3860 2495 3923 mulli-

429 3952 588 4017 ‘tudo
640 3952 950 4018 hominum
999 3958 1068 4020 in
1113 3960 1424 4043 quoddam
1467 3958 1777 4021 vinculum
1818 3960 2065 4020 redacta
2108 3949 2495 4019 concordiae?

435 4048 612 4132 apud
643 4068 738 4111 eos
774 4046 1074 4131 (auctores
1107 4052 1454 4135 Romanos)
1489 4054 1651 4117 enim
1684 4053 1777 4116 ita
1814 4052 2062 4136 leyitur:
2116 4047 2297 4116 brevi
2330 4046 2495 4112 mul·-

2036 4150 2103 4205 11
2126 4151 2149 4179 ⁸¹
