3292 4559
296 4409 304 4442 -
296 4259 300 4290 v·-
298 4187 300 4190 v

777 206 885 263 DE
918 173 1255 261 LEGIBUS
1291 203 1400 257 111.
1434 204 1680 259 47-49.
1742 168 2250 276 FRAGMENTA.
2385 189 2508 255 311

1128 420 1336 487 ΕΒΑ
1348 418 1416 488 Gr
1431 421 1511 486 M
1529 420 1589 487 E
1610 420 1678 486 N
1688 421 1746 486 Τ
1759 422 1827 487 Α

898 532 1403 605 LIBBOBUM
1454 539 1585 605 DE
1638 538 2077 608 LEGIBUS.

586 704 645 769 1.
716 702 1097 768 Lactantius
1149 702 1347 767 instit.
1401 701 1529 768 diV.
1582 702 1680 779 V,
1727 702 1790 767 8.
1877 702 2066 767 Nunc
2117 714 2316 767 autem
2367 704 2520 767 mali

449 808 596 861 sunt
640 798 1025 881 iqnoratione
1068 796 1217 861 recti
1252 818 1325 859 ac
1363 796 1526 860 boni.
1618 798 1786 883 quod
1817 798 2058 885 quidem
2099 794 2304 861 Cicero
2337 798 2520 871 vidit,-

451 893 778 975 disputans
833 892 991 953 enim
1044 891 1119 954 de
1173 890 1401 974 leqibus
1491 886 1678 955 Sicut
1736 912 1868 956 una
1919 891 2121 975 inquit
2165 889 2521 972 eademque

451 996 687 1049 natura
730 983 1009 1049 mundus
1056 984 1355 1049 omnibus
1389 984 1682 1070 partibus
1715 984 1881 1049 inter
1915 1006 1984 1049 se
2020 983 2520 1069 congruentibus

454 1078 755 1145 cohaeret
798 1099 874 1143 ac
917 1077 1172 1155 nititur,
1220 1079 1311 1145 sic
1354 1099 1578 1145 omnes
1622 1078 1914 1145 homines
1967 1078 2136 1143 inter
2178 1100 2247 1144 se
2291 1089 2522 1144 natura

455 1172 710 1237 confusi
744 1172 1063 1257 pravitate
1100 1170 1505 1252 dissentiunt,
1540 1196 1662 1239 nee
1697 1196 1768 1239 se
1794 1174 2175 1260 intellegunt
2201 1196 2340 1241 esse
2369 1195 2522 1239 con-

454 1266 845 1351 sanguineos
896 1276 960 1329 et
1013 1266 1331 1333 subiectos
1377 1268 1499 1333 sub
1541 1290 1738 1333 unam
1782 1263 2180 1351 eandemque
2224 1268 2520 1335 tutelamz

454 1361 633 1447 quod
652 1360 711 1425 si
724 1370 1065 1438 teneretur,
1094 1360 1362 1427 deorum
1379 1363 1668 1447 profecto
1687 1362 1886 1433 vitam
1905 1363 2194 1429 homines
2213 1364 2520 1430 viverent.

586 1454 649 1518 2.
719 1454 1099 1519 Lactantius
1143 1456 1290 1520 inst.
1337 1456 1465 1520 div.
1503 1456 1559 1533 Ι,
1598 1457 1704 1521 20.
1792 1455 2116 1543 Magnum
2157 1457 2360 1523 Cicero
2407 1480 2522 1523 au-

457 1549 713 1632 daxque
751 1549 1085 1613 consilium
1120 1550 1475 1635 suscepisse
1512 1548 1858 1617 Graeciam
1894 1554 2070 1626 dicit,
2109 1551 2282 1635 quod
2320 1550 2521 1637 Cupi-

458 1642 682 1707 dinum
728 1653 792 1707 et
826 1642 1145 1707 Amorum
1192 1644 1533 1710 simulacra
1567 1645 1635 1708 in
1669 1643 2022 1731 gymnasiis
2058 1657 2520 1723 consecrasset3

459 1738 746 1801 adulatus
795 1749 880 1801 est
924 1740 1195 1803 videlicet
1229 1740 1435 1803 Attico
1472 1752 1527 1803 et
1560 1743 1758 1804 irrisit
1792 1740 2092 1804 hominem
2113 1738 2518 1826 familiarem.

587 1830 649 1895 3.
721 1829 1099 1896 Lactantius
1133 1832 1279 1897 inst.
1320 1832 1448 1898 div.
1485 1833 1614 1911 III,
1655 1834 1756 1899 19.
1830 1836 1920 1899 At
1953 1835 2070 1908 illi,
2109 1836 2220 1919 qui
2253 1837 2326 1899 de
2358 1859 2523 1899 mor-

460 1928 538 1989 tis
594 1924 749 1989 bono
806 1928 1150 2011 disputant,
1206 1930 1293 1991 sic
1348 1940 1884 2013 arqumentantwr:
1936 1932 1992 1991 si
2045 1928 2207 1993 nihil
2254 1941 2342 1994 est
2373 1944 2524 2016 post

458 2029 738 2109 mortem,
793 2042 917 2083 non
964 2032 1051 2085 est
1094 2022 1327 2084 malum
1374 2044 1571 2097 mor83
1625 2022 1829 2105 aufert
1873 2024 2033 2085 enim
2073 2044 2315 2087 constan
2347 2026 2519 2089 mali.

458 2115 515 2175 si
550 2124 749 2177 autem
784 2126 1110 2199 mavei-sunt
1144 2117 1412 2191 animae,
1461 2127 1549 2180 est
1594 2117 1776 2179 etiam
1813 2115 2054 2190 boumn,
2093 2118 2240 2201 quia
2272 2119 2524 2182 immor-

462 2208 667 2273 talitas
702 2211 990 2293 sequitur.
1070 2230 1255 2295 quam
1290 2212 1647 2274 sententiam
1689 2209 1892 2275 Cicero
1930 2212 2002 2273 de
2039 2210 2266 2295 leqibus
2301 2213 2388 2275 sic
2422 2234 2524 2275 ea·-

448 2302 739 2389 plicavit:
782 2304 1308 2387 gratulemurque
1342 2303 1560 2382 nobis,
1607 2303 1914 2387 quoniam
1947 2325 2120 2367 mors
2155 2314 2266 2370 aut
2300 2305 2524 2370 melio-

461 2418 597 2459 rem
660 2416 855 2479 quam
916 2396 1028 2481 qui
1090 2408 1187 2462 est
1246 2397 1314 2461 in
1376 2397 1511 2463 vita
1572 2410 1686 2465 aut
1737 2408 1906 2463 certe
1960 2420 2090 2462 non
2143 2398 2524 2466 deteriorem

462 2489 753 2555 adlatura
804 2501 899 2555 est
952 2502 1217 2570 statum3
1280 2516 1433 2559 nam
1487 2494 1623 2559 sine
1678 2514 1943 2578 corpore
1997 2492 2208 2557 animo
2263 2493 2520 2579 vigente

464 2585 680 2649 divina
714 2584 847 2651 vita
880 2596 997 2663 est,
1034 2608 1227 2651 sensu
1264 2598 1521 2653 carente
1556 2586 1718 2651 nihil
1752 2587 2040 2674 profecto
2078 2598 2175 2653 est
2209 2588 2380 2652 mali.

596 2680 685 2765 [4.
756 2680 1165 2763 Augustinus
1212 2680 1291 2744 de
1329 2682 1449 2745 civ.
1489 2682 1593 2745 dei
1626 2680 1842 2754 XXI,
1883 2680 1986 2743 11.
2076 2678 2246 2744 Octo
2283 2702 2524 2765 genera

462 2796 814 2863 poenarum
856 2774 924 2837 in
964 2773 1217 2857 legibus
1254 2794 1394 2839 esse
1430 2776 1640 2837 scribit
1683 2774 1955 2847 Tullius,
2004 2772 2341 2847 damnum,
2384 2772 2525 2837 vin-

464 2869 639 2945 cula,
684 2867 981 2943 verbera,
1026 2866 1355 2943 talionem,
1398 2864 1849 2952 ignominiam,
1897 2864 2186 2943 exilium,
2229 2875 2526 2942 mortem,

467 2962 855 3029 servitutem.
944 2958 1220 3044 (Eadem
1275 2960 1461 3024 verba
1502 2963 1589 3025 sic
1632 2961 1812 3046 affert
1853 2960 2132 3024 Isidorus
2184 2959 2394 3045 Ori99.
2439 2960 2530 3036 V,

465 3058 578 3123 27:
634 3054 804 3123 Octo
850 3078 1088 3143 genera
1129 3076 1483 3141 poenarum
1533 3054 1604 3118 in
1645 3054 1898 3140 legibus
1937 3052 2244 3119 contineri
2288 3055 2524 3119 Tullius

465 3154 734 3237 scripsit,
781 3151 1087 3216 damnum
1120 3185 1151 3198 -
1168 3184 1199 3197 -
1234 3149 1605 3214 servitutem
1643 3158 1708 3215 et
1741 3156 2033 3211 mortem.
2122 3148 2218 3213 his
2263 3170 2526 3233 namque

461 3236 675 3333 poenis
712 3247 1057 3308 vindicatur
1091 3266 1263 3308 omne
1288 3254 1708 3329 perpetratum
1731 3240 2098 3327 peccatum.)

595 3336 657 3402 5.
731 3334 997 3403 Servius
1033 3337 1117 3401 ad
1150 3338 1354 3423 Verg.
1390 3338 1559 3400 Aen.
1590 3336 1678 3413 V,
1709 3335 1812 3399 16.
1885 3334 2087 3400 Cicero
2123 3336 2214 3398 ait
2246 3336 2314 3397 in
2353 3334 2524 3397 libris

473 3436 699 3519 layum.-
760 3432 990 3517 stipem
1044 3431 1382 3517 prohibe03
1446 3453 1595 3495 nam
1651 3438 1848 3514 auget
1899 3427 2412 3513 superstitionem
2464 3437 2528 3491 et

469 3524 765 3593 exhaurit
799 3526 1044 3591 domos.
1134 3528 1340 3611 diqnis
1375 3528 1567 3612 i9itur
1603 3526 1986 3611 laryiendum
2020 3518 2154 3607 esa]

599 3620 659 3685 6.
730 3619 1107 3686 Macrobius
1160 3620 1241 3686 de
1292 3618 1668 3686 differentiis
1724 3629 1788 3684 et
1833 3616 2244 3683 societatibus
2290 3612 2527 3681 Graeci

472 3716 819 3801 Latinique
852 3716 1033 3782 verbi
1072 3714 1176 3795 17,
1212 3714 1273 3780 6.
1313 3725 1379 3782 et
1412 3715 1664 3779 Auctor
1697 3714 1975 3779 incertus
2011 3712 2094 3777 de
2128 3710 2326 3777 verbo
2351 3709 2436 3789 V,
2465 3709 2525 3776 6.

474 3810 555 3876 ed
597 3809 735 3875 Ian.
782 3834 849 3897 p.
896 3810 1043 3877 160.
1088 3810 1191 3877 ed.
1235 3808 1431 3875 Endl.
1530 3806 1750 3875 Graeci
1801 3810 1869 3872 in
1921 3807 2296 3872 coniunctivo
2346 3807 2526 3869 modo

476 3917 747 3990 tempora
808 3906 955 3970 bina
1016 3908 1421 3991 coniunyunt3
1480 3905 1812 3991 proprium
1863 3901 2235 3967 Latinorum
2277 3910 2401 3992 est,
2462 3907 2530 3961 ut

474 4002 651 4064 modo
686 4001 1021 4066 indicativa
1041 4025 1168 4090 pro
1206 4002 1617 4075 coniunctivis,
1655 4000 1833 4063 modo
1871 3998 2248 4063 coniunctiva
2271 4016 2396 4080 pro
2430 3994 2529 4057 in-
