3292 4559
895 301 978 362 ffi}
1498 309 1574 362 M.
1614 308 1887 364 TULLII
1920 305 2322 363 CICERONIS

892 438 1058 498 nisse
1100 433 1419 499 existimas
1467 442 1532 497 et
1575 431 1905 495 victoriam
1948 427 2172 514 populi
2205 428 2481 493 Romani
2515 429 2777 494 Vatinio
2821 451 2932 516 po-

891 530 1044 602 tius,
1104 523 1346 590 homini
1396 524 1663 600 rustice,
1718 545 1908 607 quam
1963 522 2063 585 M.
2112 520 2373 598 Catoni,
2437 522 2550 605 qui
2612 534 2748 587 tum
2801 537 2933 588 erat

891 622 1214 704 princeps,
1265 617 1698 683 nuntiavisse?
1760 637 1912 701 ergo
1960 615 2150 680 etiam
2192 614 2347 680 illud
2394 615 2463 680 in
2505 615 2708 692 silice,
2764 617 2932 701 quod

891 714 971 774 lm
979 714 1078 777 die
1131 713 1392 798 adparet
1446 710 1618 796 apud
1662 709 1987 794 Regillum
2040 720 2368 792 tamquam
2424 709 2764 794 vestigium
2815 732 2933 773 un-

820 830 863 866 11
895 806 1111 890 gulae,
1151 804 1434 870 Castoris
1470 804 1620 888 equi
1656 803 1861 868 credis
1897 802 2073 868 esse?
2123 822 2335 868 nonne
2368 802 2571 866 mavis
2607 802 2765 866 illud
2800 824 2934 868 cre·

895 902 1060 976 1111111,
1081 899 1253 981 quod
1279 897 1537 983 probari
1562 907 1793 982 potest,
1821 895 2064 960 animos
2091 895 2560 979 praeclarorum
2587 895 2932 974 hominum,

895 994 1108 1074 quales
1143 991 1250 1056 isti
1284 989 1695 1076 Tyndaridae
1730 990 2017 1066 fuerunt,
2065 989 2312 1055 divinos
2348 1009 2489 1054 esse
2524 999 2589 1054 et
2623 1000 2933 1066 aeternos,

895 1108 1084 1166 qnam
1119 1106 1258 1161 eOS,
1305 1085 1419 1168 qui
1455 1084 1653 1148 semel
1696 1083 1957 1148 cremati
1993 1092 2234 1159 essent,
2279 1081 2563 1166 equitare
2599 1092 2664 1149 et
2696 1083 2764 1148 in
2799 1084 2933 1148 acie

892 1200 1177 1262 pugnare
1211 1177 1534 1263 potuisse?
1577 1186 1719 1252 aut,
1757 1177 1811 1240 si
1843 1175 1966 1241 hoc
2000 1176 2137 1241 fieri
2170 1176 2454 1261 potuisse
2490 1175 2668 1253 dicis,
2705 1176 2933 1242 doceas

823 1294 867 1330 13
899 1281 1174 1354 oportet,
1230 1292 1356 1354 quo
1410 1270 1631 1346 modo,
1680 1292 1803 1334 nec
1845 1269 2114 1338 fabellas
2159 1269 2343 1335 anilis
2385 1269 2711 1355 proferas!
2798 1281 2933 1335 tum

892 1364 1184 1427 Lucilius
1220 1370 1334 1427 ‘an
1367 1363 1511 1428 tibi’
1546 1362 1754 1446 inquit
1789 1363 2088 1428 ‘fabellae
2122 1362 2454 1427 videntur?
2488 1383 2696 1428 nonne
2732 1365 2810 1428 ab
2844 1365 2931 1438 A,

895 1457 1225 1522 Postumio
1278 1457 1502 1522 aedem
1544 1454 1800 1522 Castori
1850 1468 1916 1522 et
1957 1457 2210 1523 Pochi
2260 1458 2327 1521 in
2369 1456 2511 1522 foro
2554 1457 2930 1536 dedicatam,

899 1570 1109 1615 nmine
1138 1559 1394 1614 senatus
1431 1551 1790 1615 consultum
1834 1552 1915 1616 de
1950 1550 2210 1617 Vatinio
2245 1547 2463 1616 vides?
2512 1574 2663 1619 nam
2699 1552 2777 1616 de
2815 1552 2935 1618 Sa-

895 1666 1011 1726 ura
1046 1641 1445 1708 Graecorum
1481 1642 1674 1708 etiam
1709 1654 1808 1708 ent
1842 1644 2102 1730 volgare
2135 1643 2571 1729 proverbium,
2615 1644 2725 1727 qui
2770 1665 2932 1728 quac

898 1738 1230 1802 adfirmant
1264 1738 1530 1802 certiora
1565 1760 1706 1802 esse
1740 1737 1960 1803 dicunt
2002 1758 2197 1820 quam
2228 1737 2369 1813 illa,
2405 1758 2569 1821 quae
2606 1738 2778 1822 apud
2814 1737 2935 1805 Sa-

895 1830 1280 1910 ,ες-1111111113
1321 1831 1517 1916 igitur
1552 1829 1917 1896 auctoribus
1952 1846 2163 1896 nonne
2197 1830 2392 1897 debes
2437 1832 2741 1896 moveri?
2796 1842 2931 1896 tum

891 1886 1086 1988 Cotta
1139 1925 1557 1989 ‘rumoribus'
1612 1925 1822 2008 inquit
1875 1933 2155 1992 ‘mecum
2199 1946 2478 2009 pugnas,
2522 1924 2758 2003 Balbe,
2812 1946 2935 2012 ego

820 2018 863 2129 1ss
895 2030 1106 2083 uitem
1141 2042 1180 2084 a
1213 2030 1275 2084 te
1311 2019 1591 2084 rationes
1625 2035 1664 2071 ὓ
1692 2034 1729 2071 ³*
1748 2034 1806 2083 ὓ.
1895 2030 2269 2102 sequuntur,
2306 2040 2469 2104 quae
2503 2019 2723 2084 futura
2756 2033 2931 2097 sunt3

820 2094 1176 2198 Mssffugere
1211 2114 1381 2178 enim
1415 2135 1605 2178 nemo
1640 2112 1712 2177 id
1745 2122 1974 2197 potest,
2011 2112 2183 2195 quod
2215 2112 2502 2177 futurum
2539 2124 2653 2178 cst.
2742 2135 2935 2222 saepe

895 2218 1107 2270 ⁵int-„sm
1139 2229 1222 2271 ne
1255 2207 1412 2271 utile
1449 2203 1709 2290 quidem
1744 2216 1841 2271 est
1874 2206 2055 2282 scire,
2091 2206 2241 2289 quid
2278 2205 2563 2271 futurum
2598 2207 2709 2283 sit;
2744 2208 2935 2272 mise-

891 2326 1035 2362 111111
1069 2310 1166 2366 est
1200 2301 1381 2365 enimv
1403 2301 1560 2365 nihil
1594 2300 2030 2386 proficientem
2065 2300 2215 2385 angi
2251 2322 2369 2367 nec
2403 2300 2640 2366 habere
2675 2323 2756 2368 ne
2794 2301 2932 2385 spei

895 2393 1150 2474 quidem
1187 2404 1538 2458 extremum
1574 2405 1638 2460 et
1673 2405 1889 2458 tamen
1923 2414 2257 2459 commune
2285 2393 2611 2469 solacium,
2646 2416 2936 2478 praeser-

895 2490 1007 2550 tim
1044 2508 1188 2551 cum
1223 2509 1336 2552 vos
1380 2488 1551 2552 idem
1598 2487 1733 2552 fato
1769 2485 1908 2551 fieri
1943 2487 2165 2552 dicatis
2214 2488 2454 2564 omnia,
2501 2487 2672 2570 quod
2718 2499 2935 2554 autem

895 2605 1140 2667 semper
1175 2606 1255 2648 ex
1292 2583 1466 2647 omni
1501 2583 1870 2647 aeternitate
1906 2605 2128 2646 verum
2163 2581 2385 2659 fuerit,
2429 2582 2497 2645 id
2533 2593 2669 2648 esse
2705 2583 2935 2648 fatum.

891 2677 1043 2758 quid
1077 2677 1271 2763 igitur
1314 2678 1492 2741 iuvat
1528 2685 1640 2739 aut
1676 2675 1829 2758 quid
1865 2675 2070 2740 adfert
2115 2676 2198 2739 ad
2234 2676 2588 2741 cavendum
2624 2677 2782 2742 scire
2816 2677 2937 2741 ali-

891 2774 1042 2854 quid
1075 2771 1384 2845 futurum,
1421 2791 1569 2833 cum
1603 2769 1671 2832 id
1708 2780 1875 2834 certe
1911 2768 2197 2834 futurum
2233 2771 2351 2835 sit?
2386 2771 2555 2835 unde
2590 2792 2777 2856 porro
2806 2772 2939 2836 ista

891 2866 1230 2930 [lisinatioi’
1276 2864 1422 2947 quis
1454 2863 1694 2928 invenit
1736 2864 1957 2928 fissum
1991 2863 2253 2928 iecoris?
2299 2865 2442 2948 quis
2479 2866 2743 2930 cornicis
2780 2887 2939 2930 can·

887 2974 1023 3018 tum
1057 2957 1344 3020 notavit?
1387 2956 1529 3039 quis
1565 2957 1789 3021 sortis?
1834 2956 2067 3040 quibus
2104 2978 2225 3042 ego
2260 2957 2480 3033 cred0,
2516 2980 2634 3024 nec
2667 2980 2935 3044 possum

892 3050 1035 3114 11111
1074 3050 1266 3114 Navii
1279 3096 1298 3126 ,
1353 3072 1541 3133 quem
1595 3050 2166 3126 commemorabas,
2217 3051 2445 3116 lituum
2498 3063 2936 3118 contemnere:

891 3146 1003 3206 ssd
1045 3142 1154 3227 qui
1198 3144 1320 3208 ista
1362 3143 1679 3209 intellecta
1714 3145 1869 3220 sint,
1914 3168 1953 3208 a
1994 3144 2385 3229 philosophis
2423 3145 2626 3214 debeo
2661 3147 2933 3224 discere,

888 3235 1256 3322 praesertim
1292 3259 1437 3302 cum
1483 3238 1772 3322 plurimis
1809 3237 1888 3302 de
1922 3237 2115 3302 rebus
2152 3238 2347 3302 divini
2382 3239 2489 3304 isti
2520 3239 2934 3306 mentiantur.

815 3350 859 3390 15
887 3342 903 3366 ⁶
923 3342 983 3394 at
1011 3330 1242 3396 medici
1259 3331 1532 3415 qucque'
1551 3331 1747 3394 —ita
1763 3330 1933 3395 enim
1951 3330 2207 3396 dicebas
2226 3367 2311 3379 -
2330 3339 2549 3417 ‘saepe
2577 3332 2935 3397 falluntur!

887 3426 1039 3506 quid
1073 3424 1274 3489 simile
1308 3424 1656 3499 medicina,
1694 3424 1874 3488 cuius
1911 3446 2031 3509 ego
2066 3425 2377 3490 rationem
2411 3425 2599 3491 video
2607 3472 2627 3502 ,
2666 3436 2730 3491 et
2765 3427 2940 3490 divi-

884 3518 1087 3593 natio,
1139 3538 1303 3600 quae
1339 3516 1510 3581 unde
1546 3517 1785 3580 oriatur
1816 3539 1945 3583 non
1986 3517 2327 3603 intellego?
2379 3529 2451 3583 tu
2487 3530 2701 3585 autem
2734 3520 2938 3584 etiam

884 3610 1232 3674 Deciorum
1278 3610 1721 3674 devotionibus
1766 3613 2047 3695 placatos
2084 3611 2235 3677 deos
2282 3634 2420 3678 esse
2456 3633 2706 3678 censes:
2760 3634 2939 3697 quae

884 3706 1003 3766 fuit
1057 3724 1279 3768 eorum
1331 3715 1507 3767 tanta
1556 3703 1856 3787 iniquitas
1868 3752 1885 3781 ,
1938 3716 2011 3770 ut
2063 3707 2301 3790 placari
2351 3709 2587 3792 populo
2631 3708 2942 3783 Romano

883 3822 1011 3858 nnn
1054 3808 1342 3880 possent,
1400 3797 1524 3860 nisi
1567 3797 1687 3861 viri
1731 3799 1901 3863 tales-
1935 3798 2348 3864 occidissent?
2389 3800 2725 3867 consilium
2767 3802 2943 3866 illud

883 3890 1357 3970 imperatorium
1399 3891 1550 3967 fuit,
1605 3892 1780 3973 quod
1824 3889 2061 3957 Graeci
2108 3892 2527 3979 στρατήγημα
2580 3894 2944 3980 appellant,

891 3982 999 4042 ssd
1035 4003 1253 4044 eorum
1294 3983 1777 4067 imperatorum,
1829 3984 1941 4065 qui
1982 3986 2224 4068 patriae
2270 3988 2703 4064 consulerent,
2756 3988 2947 4056 vitae

891 4094 1015 4134 non
1056 4087 1414 4154 parcerent3
1465 4076 1770 4139 rebantur
1813 4075 1981 4140 enim
2024 4078 2160 4142 fore
2196 4091 2269 4143 ut
2304 4080 2617 4147 exercitus
2653 4081 2947 4166 impera-
