3292 4559
998 295 1105 351 m:
1138 293 1664 354 DIVINATIONE
1697 293 1777 350 II.
1812 295 2052 356 ενι-72.
2435 281 2558 350 191

494 420 675 486 idem
712 418 838 484 dici
874 418 952 484 de
984 417 1257 484 Moneta
1291 428 1502 505 potest
1510 442 1529 496 ;
1576 441 1616 483 a
1651 439 1808 502 qua,
1843 429 2294 504 praeterquam
2328 419 2410 486 de
2443 443 2560 488 sue

503 517 715 602 plena,
751 513 907 598 quid
940 534 1249 597 umquam
1282 513 1510 577 moniti
1543 513 1804 577 sumus?

634 607 803 674 Satis
842 609 1043 672 multa
1072 607 1151 672 de
1183 608 1468 674 ostentis.
1522 606 1810 692 auspicia
1833 617 2076 674 restant
2101 616 2166 672 et
2189 619 2390 674 sortes
2426 630 2560 687 eae,
2594 609 2666 666 33

503 727 669 790 quae
707 704 1058 780 ducuntur,
1102 723 1232 767 non
1266 701 1444 780 illae,
1494 723 1662 786 quae
1699 701 2149 768 vaticinatione
2183 702 2559 782 funduntur,
2603 683 2658 726 ⁷⁰

498 820 667 882 quae
721 798 937 862 oracla
989 797 1201 861 verius
1256 795 1559 872 dicimus3
1624 795 1706 860 de
1766 796 2002 881 quibus
2063 806 2202 861 tum
2253 795 2558 875 dicemus,

502 915 651 958 cum
687 891 772 956 ad
805 890 1163 955 naturalem
1200 888 1658 955 divinationem
1693 890 2075 956 venerimus.
2135 901 2332 956 restat
2367 893 2561 958 etiam

502 988 585 1052 de
622 984 993 1050 Chaldaeis.
1066 984 1180 1050 sed
1224 984 1503 1070 primum
1538 984 1823 1070 auspicia
1857 985 2210 1051 videamus.
2281 983 2560 1052 difficilis

504 1080 740 1167 auguri
771 1079 952 1144 locus
992 1078 1076 1143 ad
1112 1087 1332 1144 contra
1368 1078 1730 1145 dicendum.
1817 1077 2044 1144 Marso
2091 1079 2391 1156 fortasse,
2446 1080 2562 1146 sed

502 1173 798 1240 Romano
851 1172 1237 1238 facillumus.
1336 1193 1469 1238 non
1515 1172 1684 1237 enim
1730 1196 1951 1238 sumus
1992 1173 2040 1238 ii
2090 1195 2208 1239 nos
2263 1196 2560 1260 augures,

504 1267 617 1353 qui
670 1267 887 1333 avium
942 1268 1417 1352 reliquorumve
1469 1267 1799 1353 signorum
1851 1267 2294 1336 observatione
2344 1270 2564 1334 futura

504 1362 811 1428 dicamus.
900 1372 965 1428 et
1007 1372 1222 1427 tamen
1266 1362 1457 1428 credo
1492 1361 1875 1440 Romulum,
1930 1362 2040 1447 qui
2084 1364 2310 1429 urbem
2345 1363 2561 1449 auspi·

504 1468 647 1522 cato
694 1455 1006 1533 condidit,
1061 1457 1363 1522 habuisse
1419 1456 1783 1544 opinionem
1839 1479 1980 1523 esse
2034 1457 2101 1521 in
2152 1457 2560 1545 providendis

501 1551 694 1616 rebus
730 1550 1091 1637 augurandi
1128 1551 1459 1616 scientiam
1492 1586 1583 1598 —-
1614 1550 1868 1617 errabat
1904 1551 2074 1617 enim
2108 1551 2326 1617 multis
2358 1552 2428 1616 in
2459 1574 2562 1618 re-

501 1643 624 1710 bus
668 1646 1012 1728 antiquitas
1046 1680 1161 1721 -‚
1197 1666 1393 1729 quam
1445 1645 1549 1710 vel
1602 1667 1726 1709 usu
1779 1645 1909 1709 iam
1962 1645 2068 1709 vel
2118 1645 2407 1710 doctrina
2457 1645 2564 1710 vel

501 1749 819 1803 vetustate
869 1739 1274 1803 immutatam
1325 1738 1637 1803 videmus.
1737 1738 2046 1803 retinetur
2070 1748 2312 1818 ,autem
2363 1747 2428 1804 et
2479 1739 2564 1803 ad

504 1831 872 1916 opinionem
898 1831 1075 1916 volgi
1107 1843 1171 1896 et
1200 1831 1284 1895 ad
1316 1854 1587 1915 magnas
1612 1833 1918 1896 utilitates
1944 1831 2039 1896 rei
2073 1832 2370 1916 publicae
2396 1855 2558 1911 mos,

434 1965 437 1968 -
502 1922 752 2009 religio,
789 1923 1143 2009 disciplina,
1178 1923 1279 1988 ius
1316 1924 1680 2008 augurium,
1717 1924 1970 2008 collegii
2005 1925 2368 1990 auctoritas.
2437 1947 2561 1992 nec
2603 1947 2656 1988 n

503 2039 657 2084 vero
710 2039 842 2082 non
894 2015 1069 2082 omni
1122 2016 1438 2103 supplicio
1492 2015 1673 2102 digni
1723 2015 1806 2082 P.
1847 2014 2161 2082 Claudius
2204 2017 2287 2081 L.
2332 2018 2560 2084 Iunius

504 2112 831 2188 consules,
886 2110 999 2196 qui
1051 2120 1274 2176 contra
1315 2110 1605 2197 auspicia
1646 2109 2118 2198 navigaverunt
2125 2135 2146 2190 3
2203 2112 2560 2197 parendum

502 2206 674 2272 enim
707 2205 1001 2292 religioni
1035 2205 1159 2270 fuit
1192 2228 1312 2271 neo
1348 2205 1590 2291 patrius
1624 2227 1767 2270 mos
1804 2216 1936 2270 tam
1971 2205 2429 2271 contumaciter
2459 2229 2561 2273 re-

499 2300 894 2386 pudiandus:
939 2301 1079 2365 iure
1112 2300 1310 2385 igitur
1345 2299 1505 2364 alter
1537 2299 1760 2385 populi
1793 2298 2031 2365 iudicio
2066 2299 2404 2365 damnatus
2439 2310 2557 2378 est,

500 2393 661 2459 alter
694 2406 962 2460 mortem
1008 2394 1131 2460 sibi
1171 2395 1311 2479 ipse
1355 2394 1684 2459 conscivit.
1770 2392 2128 2458 Flaminius
2173 2415 2305 2458 non
2345 2395 2561 2479 paruit

501 2488 820 2574 auspiciis,
855 2490 1075 2574 itaque
1108 2489 1300 2574 periit
1334 2510 1482 2553 cum
1519 2487 1826 2552 exercitu.
1897 2497 1966 2552 at
2001 2508 2169 2552 anno
2203 2499 2352 2575 post
2382 2487 2560 2554 Pau-

499 2579 601 2646 lus
644 2583 888 2668 paruit:
941 2605 1099 2647 num
1144 2581 1359 2647 minus
1401 2581 1633 2648 cecidit
1675 2581 1745 2647 in
1781 2579 2110 2647 Cannensi
2153 2604 2376 2669 pugna
2408 2605 2559 2649 cum

500 2675 823 2741 exercitu?
858 2678 1116 2753 etenim,
1152 2687 1227 2741 ut
1260 2676 1387 2740 sint
1422 2676 1729 2761 auspicia,
1767 2697 1934 2760 quae
1968 2675 2148 2740 nulla
2182 2687 2363 2754 sunt,
2396 2676 2558 2743 haec

502 2779 701 2845 certe,
746 2771 979 2852 quibus
1013 2771 1285 2848 utimur,
1333 2770 1467 2836 sive
1503 2770 1784 2856 tripudio
1821 2770 1956 2835 sive
1991 2770 2072 2834 de
2109 2770 2314 2847 caelo,
2360 2770 2557 2834 simu·

500 2859 677 2924 lacra
712 2871 862 2924 sunt
894 2863 1342 2947 auspiciorum,
1379 2863 1667 2947 auspicia
1699 2863 1877 2928 nullo
1909 2863 2124 2928 modo·
2213 2862 2330 2945 ‘Q.
2365 2863 2553 2941 Fabi,
2588 2870 2662 2926 34

501 2965 567 3019 te
609 2953 769 3017 mihi
812 2954 879 3019 in
924 2956 1209 3040 auspicio
1254 2978 1394 3022 esse
1429 2958 1636 3021 volo':
1683 2958 2026 3042 respondet
2072 2958 2362 3024 ‘audivi’
2448 2959 2555 3025 hic

504 3048 680 3135 apud
713 3048 987 3112 maiores
1024 3048 1450 3114 adhibebatur
1482 3050 1750 3136 peritus,
1783 3073 1958 3115 nunc
1993 3051 2301 3134 quilubet.
2388 3054 2558 3138 peri-

502 3153 642 3207 tum
677 3154 894 3208 autem
930 3164 1070 3206 esse
1104 3165 1365 3208 necesse
1404 3154 1503 3208 est
1537 3165 1716 3220 eum,
1761 3143 1875 3228 qui
1919 3145 2239 3211 silentium
2276 3147 2432 3232 quid
2471 3149 2557 3213 sit

500 3237 859 3323 intellegat3
912 3235 981 3300 id
1025 3235 1195 3300 enim
1231 3236 1551 3301 silentium
1588 3233 1859 3303 dicimus
1891 3238 1962 3302 in
1997 3241 2326 3326 auspiciis,
2380 3241 2562 3325 quod·

503 3331 679 3393 omni
721 3330 877 3395 vitio
924 3339 1115 3396 caret.
1202 3330 1327 3395 hoe
1378 3329 1748 3416 intellegere
1796 3332 2068 3418 perfecti
2111 3333 2375 3418 auguris
2425 3344 2552 3410 est3
2595 3354 2646 3396 ’τε

501 3423 597 3488 illi
640 3435 882 3501 autem,
936 3424 1047 3509 qui
1088 3424 1165 3488 in
1193 3423 1549 3508 auspicium
1594 3425 1965 3503 adhibetur,
2021 3448 2168 3490 cum
2208 3427 2300 3490 ita
2349 3425 2555 3510 impe-

500 3517 668 3582 ravit
700 3517 755 3582 is
768 3565 786 3595 ,
832 3518 943 3602 qui
978 3518 1375 3604 auspicatur,
1422 3517 1645 3584 ‘dicito
1683 3519 1738 3585 si
1773 3518 2096 3583 silentium
2131 3541 2273 3584 esse
2306 3518 2554 3584 videbi-

501 3623 607 3677 tur
616 3613 656 3691 ,’
717 3633 839 3678 nec
902 3612 1171 3698 suspicit
1230 3633 1352 3677 nec
1414 3611 1869 3698 circumspicit3
1933 3611 2148 3676 statim
2208 3613 2553 3698 respondet

503 3706 854 3772 ‘silentium
899 3727 1040 3772 esse
1085 3705 1329 3771 videri?
1427 3715 1566 3771 tum
1607 3707 1746 3773 ille:
1802 3706 2026 3772 ‘dicito
2071 3706 2124 3771 si
2167 3707 2548 3791 pascentur.'

505 3800 927 3883 ‘pascuntur.'
1032 3822 1199 3885 quae
1254 3800 1445 3866 aves?
1507 3811 1621 3866 aut
1673 3800 1826 3866 ubi?
1878 3799 2143 3866 ‘attulit’
2197 3800 2405 3885 inquit
2457 3801 2548 3867 ‘in

504 3913 700 3958 cavea
733 3895 943 3981 pullos
976 3894 1053 3974 is,
1089 3896 1202 3979 qui
1237 3916 1320 3961 ex
1353 3917 1429 3960 eo
1454 3893 1596 3981 ipso
1624 3895 1993 3960 nominatur
2024 3894 2375 3981 pullarius?
2428 3896 2550 3964 hae

504 3996 655 4050 sunt
685 3987 883 4074 igitur
914 4012 1068 4056 aves
1094 3991 1519 4058 internuntiae
1537 3988 1748 4068 Iovis3
1781 4011 1948 4075 quae
1981 4002 2326 4077 pascantur
2350 4012 2552 4057 necne

502 4075 660 4164 quid
692 4082 925 4150 refert?
968 4085 1127 4151 nihil
1162 4086 1248 4150 ad
1284 4085 1570 4173 auspicia
1582 4117 1601 4170 3
1638 4087 1757 4156 sed
1789 4085 1962 4174 quia,
1997 4107 2145 4152 cum
2178 4095 2550 4172 pascuntur,
