3292 4559
959 256 1067 309 DE
1099 255 1200 309 RE
1236 256 1575 313 PUBLICA
1608 258 1708 314 VI.
1746 259 1987 313 16-20.
2370 248 2500 313 243

440 380 757 447 luminum
798 378 1228 463 reliquorum,
1273 402 1454 463 mens
1498 381 1726 447 mundi
1767 392 1834 447 et
1869 382 2273 470 temperatio,
2318 394 2497 449 tanta

323 504 326 547 ι
442 474 916 562 magnitudine,
979 485 1052 539 ut
1114 483 1345 566 cuneta
1408 496 1527 540 sua
1574 477 1722 541 luce
1772 478 2000 545 lustret
2051 489 2114 544 et
2175 478 2497 565 conpleat3

323 620 332 637 .-
442 570 611 637 hunc
654 580 729 635 ut
764 568 1029 633 comites
1067 581 1543 655 consequuntur
1578 570 1852 637 Veneris
1889 573 2077 650 alter,
2125 573 2285 639 alter
2319 573 2498 643 Mer·-

442 663 599 729 eurii
635 685 901 740 cursus,
946 662 1016 730 in
1047 662 1397 747 infimoque
1433 664 1587 730 orbe
1622 665 1778 729 luna
1811 666 2006 730 radiis
2043 667 2194 731 solis
2229 688 2500 732 accensa

441 756 865 823 convertitur:
919 756 1089 821 infra
1140 767 1355 822 autem
1409 758 1539 822 iam
1592 759 1753 823 nihil
1807 770 1905 825 est
1953 759 2077 824 nisi
2129 761 2391 825 mortale
2439 770 2502 825 et

440 852 763 918 caducum
805 862 1063 936 praeter
1106 852 1351 916 animos
1396 874 1662 919 munere
1707 854 1973 919 deorum
2016 853 2347 919 hominum
2388 874 2502 939 ge·

440 946 577 1012 neri
618 946 841 1021 datos,
888 966 1083 1030 supra
1125 945 1349 1009 lunam
1400 956 1549 1011 sunt
1600 956 1860 1013 aeterna
1907 947 2158 1030 omnia3
2205 970 2358 1013 nam
2403 968 2501 1030 ea,

440 1060 605 1123 quae
640 1048 743 1105 est
774 1038 995 1103 media
1030 1048 1093 1104 et
1126 1060 1341 1116 nona,
1354 1039 1576 1117 tellus,
1610 1062 1826 1125 neque
1857 1051 2154 1106 movetur
2186 1051 2252 1107 et
2283 1040 2502 1105 infima
2583 1044 2596 1061 ⁴

441 1143 534 1198 est
566 1142 635 1199 et
668 1134 741 1197 in
778 1154 927 1199 eam
958 1131 1250 1197 feruntur
1284 1133 1501 1199 omnia
1531 1144 1697 1199 nutu
1731 1156 1848 1201 suo
1882 1134 2604 1245 pondera?18

566 1240 671 1336 (53)
726 1224 923 1308 Quae
958 1248 1106 1291 eum
1138 1226 1421 1292 intuerer
1456 1238 1742 1313 stupens,
1777 1238 1850 1293 ut
1875 1252 1980 1295 me
2006 1228 2239 1315 recepi,
2277 1228 2500 1313 ‘quiffi’
2545 1260 2595 1301 13

440 1319 570 1385 hio?
618 1321 893 1403 inquam
940 1320 1115 1403 ‘quis
1164 1331 1262 1387 est
1304 1321 1417 1405 qui
1462 1322 1714 1407 conplet
1759 1323 1932 1388 auris
1973 1344 2150 1387 meas
2185 1332 2400 1387 tantus
2439 1331 2502 1387 et

440 1424 568 1479 tam
616 1414 831 1481 dulcis
870 1412 1131 1479 sonus?'
1205 1413 1339 1481 ‘hic
1375 1416 1499 1481 est'
1543 1416 1752 1499 inquit
1795 1417 1959 1493 ‘ille,
2005 1416 2118 1499 qui
2149 1415 2499 1483 intervallis

438 1505 795 1575 disiunctus
844 1506 1203 1594 inparibus,
1250 1508 1367 1575 sed
1410 1518 1624 1573 tamen
1676 1532 1792 1595 pro
1847 1519 1988 1575 rata
2030 1520 2212 1595 parte
2257 1510 2499 1575 ratione

438 1600 749 1667 distinctis
805 1601 1071 1690 inpulsu
1128 1613 1193 1669 et
1244 1611 1424 1667 motu
1475 1602 1762 1687 ipsorum
1817 1604 2068 1669 orbium
2121 1604 2394 1669 efficitur
2435 1614 2502 1669 ει

436 1705 623 1761 acuta
668 1716 830 1761 cum
872 1695 1179 1780 gravibus
1226 1706 1588 1782 temperans
1636 1698 1848 1763 varios
1895 1697 2313 1781 aequabiliter
2347 1718 2500 1761 con-

438 1799 658 1854 centus
695 1789 933 1865 efficit3
977 1812 1101 1855 nec
1134 1790 1305 1857 enim
1340 1791 1591 1857 silentio
1627 1792 1804 1857 tanti
1823 1802 2038 1857 motus
2071 1791 2320 1856 incitari
2352 1812 2502 1876 pos·-

438 1894 585 1949 sunt
628 1894 695 1948 et
738 1894 981 1948 natura
1024 1884 1150 1949 fert
1192 1895 1268 1949 ut
1311 1895 1597 1951 extrema
1630 1909 1714 1951 ex
1749 1887 1948 1951 altera
1981 1896 2162 1971 parte
2197 1885 2498 1970 graviter,

438 1998 517 2043 ex
562 1978 765 2045 altera
814 1988 1029 2045 autem
1076 1989 1263 2047 acute
1308 1990 1557 2046 sonent.
1646 2000 1843 2065 quam
1889 1979 1974 2045 ob
2019 2000 2282 2045 causam
2327 2000 2502 2044 sum-

438 2094 579 2137 mus
614 2073 723 2138 ille
761 2073 927 2138 caeli
962 2074 1227 2141 stellifer
1262 2096 1521 2152 cursus,
1570 2075 1754 2140 euius
1790 2073 2120 2139 conversio
2157 2083 2254 2137 est
2289 2073 2502 2139 conci·-
2550 2109 2558 2117 -

323 2192 333 2253 g.
440 2167 646 2245 tatior,
684 2176 879 2232 acuto
916 2179 981 2232 et
1016 2169 1289 2233 excitato
1326 2178 1621 2237 movetur
1655 2190 1836 2246 sono,
1871 2167 2248 2254 gravissimo
2285 2176 2518 2231 autem·

323 2256 326 2275 ²
440 2258 541 2324 hic
575 2262 825 2326 lunaris
860 2264 1052 2345 atque
1087 2262 1376 2339 infimus:
1413 2286 1564 2329 nam
1595 2273 1769 2329 terra
1801 2284 1974 2327 nona
2006 2260 2328 2327 inmobilis
2361 2282 2502 2325 ma-

325 2362 328 2367 '
441 2376 595 2418 nens
642 2378 779 2419 una
822 2356 971 2421 sede
1016 2378 1269 2442 semper
1312 2357 1562 2435 haeret,
1612 2357 1925 2441 conplexa
1959 2355 2243 2421 medium
2276 2353 2502 2422 mundi

327 3876 330 3921 i
450 3857 669 3922 oculos
718 3859 801 3923 ad
836 3871 1069 3925 terram
1102 3859 1471 3925 identidem.
1525 3864 1625 3935 (6.)
1679 3869 1818 3923 ιιιιιι
1850 3856 2200 3921 Africanus
2237 3853 2497 3919 ‘sentio'

441 2447 675 2513 locum.
765 2449 861 2513 illi
904 2459 1121 2515 autem
1154 2462 1299 2518 octo
1336 2474 1589 2529 cursus,
1634 2452 1705 2517 in
1740 2450 1974 2534 quibus
2011 2451 2236 2516 eadem
2269 2448 2368 2514 vis
2403 2459 2502 2513 est

444 2541 717 2607 duorum
730 2590 750 2621 ,
786 2555 1033 2629 septem
1069 2545 1354 2611 efficiunt
1388 2546 1720 2611 distinctos
1753 2544 2100 2611 intervallis
2137 2564 2352 2619 sonos,
2389 2544 2502 2625 qui

442 2658 750 2701 numerus
795 2660 1010 2703 rerum
1052 2640 1339 2704 omnium
1382 2640 1519 2707 fere
1552 2641 1760 2705 nodus
1797 2649 1925 2715 est,
1970 2638 2146 2721 quod
2180 2638 2352 2702 docti
2385 2636 2502 2700 ho-

442 2730 649 2795 mines
685 2730 900 2793 nervis
935 2732 1159 2795 imitati
1198 2744 1395 2815 atque
1428 2733 1724 2797 cantibus
1759 2742 2144 2817 aperuerunt
2177 2729 2301 2793 sibi
2333 2729 2503 2793 redi-

443 2834 581 2886 tum
616 2823 687 2885 in
724 2820 896 2885 hunc
929 2822 1163 2899 locum,
1202 2824 1367 2889 sicut
1404 2824 1539 2901 alii,
1577 2824 1689 2905 qui
1723 2822 2196 2908 praestantibus
2229 2820 2500 2907 ingeniis

442 2916 509 2980 in
554 2916 691 2980 vita
734 2915 1015 2981 humana
1050 2916 1269 2982 divina
1300 2918 1513 2983 studia
1546 2918 1897 2982 coluerunt.
1986 2915 2108 2979 hoc
2143 2914 2356 2980 sonitu
2387 2936 2504 3000 op-
2545 2944 2596 2987 19

442 3011 657 3093 pletae
705 3032 893 3075 aures
936 3010 1274 3077 hominum
1316 3012 1814 3087 obsurduerunt3
1870 3032 1991 3077 nec
2037 3020 2135 3075 est
2176 3009 2350 3076 ullus
2389 3008 2503 3075 he·-

444 3104 652 3169 betior
707 3128 931 3171 sensus
982 3106 1053 3170 in
1102 3105 1314 3184 vobis,
1370 3106 1563 3184 siout,
1615 3105 1732 3169 ubi
1775 3105 1963 3171 Nilus
2017 3105 2100 3169 ad
2141 3104 2282 3181 illa,
2335 3125 2502 3189 quae

447 3193 796 3285 Catadupa
828 3200 1266 3277 nominantur,
1311 3200 1769 3285 praecipitatur
1803 3222 1883 3263 ex
1921 3198 2238 3263 altissimis
2270 3200 2504 3263 monti-

445 3292 599 3369 bus,
652 3316 731 3357 ea
764 3316 953 3379 gens,
997 3316 1163 3378 quae
1197 3295 1378 3360 illum
1411 3295 1626 3359 locum
1662 3292 1926 3371 adoolit‚
1963 3301 2222 3377 propter
2253 3292 2504 3376 magni-

446 3388 737 3451 tudinem
785 3389 1028 3453 sonitus
1074 3412 1267 3454 sensu
1312 3388 1613 3454 audiendi
1659 3398 1851 3452 caret.
1939 3386 2046 3451 hio
2090 3407 2242 3451 vero
2286 3396 2500 3449 tantus

442 3492 543 3545 est
608 3482 805 3545 totius
858 3483 1083 3547 mundi
1134 3483 1573 3549 incitatissima
1624 3481 2040 3547 conversione
2094 3479 2366 3554 sonitus,
2430 3488 2504 3543 ιιι

448 3596 597 3639 ειιιιι
650 3597 839 3641 aures
890 3577 1221 3643 hominum
1274 3599 1501 3662 capere
1551 3597 1684 3641 non
1734 3576 2010 3684 possint,
2062 3573 2228 3639 sicut
2269 3572 2502 3637 intueri

448 3670 651 3735 solem
686 3669 1029 3737 adversum
1064 3672 1339 3755 nequitis
1375 3671 1641 3755 eiusque
1674 3670 1870 3735 radiis
1906 3668 2075 3735 acies
2111 3675 2323 3733 vestra
2357 3689 2501 3730 sen-

450 3782 689 3846 susque
734 3765 1047 3831 vincitun'
1135 3765 1297 3831 haec
1348 3787 1471 3851 ego
1524 3764 1846 3829 admirans
1889 3760 2246 3829 referebam
2287 3770 2502 3824 tamen
2480 3835 2658 3947 19...

452 3947 657 4032 inquit
703 3959 793 4018 ‘te
840 3955 1055 4019 sedem
1101 3954 1294 4019 etiam
1337 3972 1511 4017 nunc
1552 3952 1888 4017 hominum
1931 3970 2008 4015 ac
2054 3950 2314 4014 domum
2350 3970 2500 4013 con-

454 4045 771 4131 templari.
826 4070 989 4131 quae
1034 4048 1089 4113 si
1132 4048 1249 4112 tibi
1290 4068 1521 4134 parva,
1575 4058 1647 4111 ut
1694 4055 1822 4121 est,
1872 4045 1964 4109 ita
2006 4044 2286 4121 videtur,
2339 4042 2498 4107 haec

2047 4144 2159 4197 16
