3292 4559
773 263 898 330 112
1115 331 1132 350 ,
1343 249 1458 326 Μ.
1496 268 1771 327 TULLII
1806 267 2211 326 oronssoms

899 420 1169 486 puerum
1236 395 1478 462 interea
1547 394 1885 553 obgungat
1964 391 2379 478 membraque
2448 390 2851 460 articulatim

1676 489 1691 505 .
1740 489 1756 504 .
1810 489 1855 553 ‚t

901 610 1143 676 perque
1177 608 1368 674 agros
1403 585 1644 672 passim
1680 511 1992 672 dispergit
2026 605 2286 670 corpus:
2323 583 2391 650 id
2428 606 2505 650 ea
2538 583 2775 670 gratia,

898 695 990 760 ut,
1025 683 1182 748 dum
1214 681 1350 747 nati
1383 681 1745 766 dissupatos
1780 691 1955 748 artus
1990 689 2277 766 captaret
2307 700 2572 766 parens,

898 777 1042 864 ipsa
1072 777 1318 843 interea
1351 775 1687 862 effugeret,
1720 774 1904 840 illum
1928 784 2003 840 ut
2028 796 2278 840 maeror
2313 773 2597 840 tardaret
2628 773 2845 858 sequi,

901 873 1024 939 sibi
1057 871 1330 938 salutem
1363 881 1439 937 ut
1470 869 1771 936 familiari
1804 880 2057 957 pareret
2090 867 2448 955 parricidio·

675 1001 730 1044 ss
773 984 924 1050 huic
975 996 1050 1050 ut
1097 984 1308 1050 scelus
1322 1030 1341 1061 ,
1394 981 1487 1048 sic
1527 1004 1610 1047 ne
1654 981 1817 1046 ratio
1858 980 2120 1074 quidem
2166 980 2390 1046 defuit.
2478 977 2676 1065 quid?
2728 978 2845 1043 ille

771 1079 1060 1145 funestas
1095 1077 1318 1163 epulas
1352 1073 1534 1141 fratri
1562 1096 1919 1161 conparans
1943 1095 2156 1141 nonne
2182 1085 2397 1141 versat
2428 1071 2557 1140 huc
2581 1083 2649 1140 et
2682 1071 2845 1137 illuc

775 1171 1165 1260 cogitatione
1199 1169 1549 1236 rationem?

687 1261 689 1264 Α
901 1274 1106 1340 maior
1139 1272 1299 1338 mihi
1329 1272 1554 1349 moles,
1589 1271 1797 1337 maius
1831 1258 2248 1336 miscendum’
2250 1281 2312 1336 st
2344 1269 2607 1348 malum,

900 1369 1013 1452 qui
1045 1367 1216 1434 illius
1251 1366 1555 1432 acerbum
1587 1387 1700 1432 cor
1734 1366 2121 1432 contundam
2154 1376 2219 1434 et
2252 1365 2664 1452 conprimam.

668 1485 735 1540 27
773 1492 892 1536 nec
926 1480 1141 1536 tamen
1174 1467 1336 1536 ille
1315 1490 1454 1555 lpse
1489 1479 1588 1535 est
1601 1468 2143 1559 praetereundae,

900 1572 1012 1657 qui
1044 1593 1176 1637 non
1210 1582 1311 1637 sat
1343 1570 1572 1636 habuit
1604 1571 1945 1658 coniugem
1978 1571 2243 1638 inlexe
2222 1595 2291 1636 ιιι
2326 1550 2651 1658 stuprum,

773 1677 854 1742 de
889 1697 1018 1760 quo
1051 1684 1225 1741 recte
1261 1685 1326 1740 et
1358 1674 1712 1740 verissume
1744 1673 2026 1758 loquitur
2060 1674 2327 1740 Atreus·

1111 1776 1288 1862 quod
1319 1799 1390 1842 re
1423 1775 1493 1840 in
1528 1799 1783 1842 summa
1816 1798 2139 1843 summum
2175 1799 2315 1844 esse
2351 1775 2624 1842 arbitror

899 1873 1230 1960 periclum,
1266 1883 1504 1937 matres
1539 1871 1934 1956 coinquinari
1966 1872 2177 1958 regias
2190 1920 2210 1950 ,
2254 1911 2259 1913 -

895 1963 1318 2033 contaminari
1352 1966 1617 2052 stirpem
1654 1988 1731 2032 ac
1764 1965 2018 2032 misceri
2050 1989 2276 2052 genus.

772 2081 838 2136 at
861 2069 976 2135 id
957 2091 1171 2155 lpsum
1188 2090 1383 2154 quam
1415 2068 1663 2146 callide,
1701 2068 1813 2153 qui
1835 2091 2109 2156 regnum
2136 2067 2445 2136 adulterio
2464 2079 2839 2154 quael-eretz

902 2171 1130 2237 ‘addo’
1159 2170 1370 2255 inquit
1396 2171 1574 2248 ‘huc‚
1595 2171 1771 2255 quod
1788 2170 1945 2236 mihi
1967 2181 2262 2258 portento
2282 2171 2631 2241 caelestum
2648 2183 2841 2259 pater

897 2266 1264 2354 prodigium
1299 2265 1471 2330 misit
1501 2265 1687 2352 regni
1722 2264 2082 2331 stabilimen
2114 2259 2284 2344 mei,

901 2379 1141 2446 agnum
1175 2359 1341 2425 inter
1374 2357 1655 2445 pecudes
1690 2380 1887 2424 aurea
1919 2359 2163 2427 clarum
2198 2383 2413 2438 coma,

891 2473 1084 2537 quem
1121 2453 1285 2518 clam
1321 2451 1673 2538 Thyestem
1706 2452 1955 2538 clepere
1989 2474 2219 2520 ausum
2254 2477 2393 2520 esse
2429 2476 2466 2520 ε
2498 2453 2708 2540 regia,

900 2568 1030 2632 qua
1064 2547 1132 2612 in
1164 2569 1236 2612 re
1272 2544 1644 2611 adiutricem
1682 2546 2020 2634 coniugem
2055 2549 2229 2633 cepit
2260 2548 2424 2625 sibi?

677 2681 726 2722 69
771 2658 1104 2726 videturne
1149 2679 1398 2723 summa
1439 2655 1825 2741 inprobitate
1860 2680 2017 2722 usus
2051 2681 2183 2724 non
2228 2659 2367 2724 sine
2403 2683 2655 2724 summa
2690 2682 2833 2725 esse

767 2753 1050 2820 ratione?
1083 2772 1204 2817 nec
1238 2771 1392 2816 vero
1427 2771 1662 2816 scaena
1694 2751 1901 2816 solum
1930 2752 2174 2834 referta„
2193 2764 2293 2818 est
2324 2752 2423 2818 his
2460 2754 2835 2831 sceleribus,

767 2848 884 2914 sed
917 2847 1118 2912 multo
1153 2844 1284 2909 vita
1319 2845 1674 2910 communis
1709 2868 1914 2932 paene
1949 2847 2325 2912 maioribus:
2358 2848 2564 2913 sentit
2599 2848 2830 2912 domus

768 2941 958 3006 unius
995 2939 1325 3025 cuiusque,
1364 2939 1553 3005 sentit
1591 2940 1824 3019 forum,
1863 2941 2054 3008 sentit
2090 2941 2287 3020 curia,
2326 2963 2613 3030 campus,
2650 2943 2826 3022 socii,

765 3032 1166 3121 provinciae,
1218 3053 1320 3112 ut,
1376 3057 1568 3119 quem
1615 3036 1699 3100 ad
1744 3037 2007 3102 modum
2051 3037 2294 3103 ratione
2328 3051 2502 3104 recte
2536 3039 2681 3116 fiat,
2735 3039 2827 3104 sic

764 3128 1010 3194 ratione
1043 3139 1363 3214 peccetur,
1400 3129 1795 3215 alterumque
1832 3145 1895 3195 et
1924 3153 1963 3194 a
1996 3130 2217 3216 paucis
2253 3144 2319 3196 et
2350 3153 2517 3210 raro,
2552 3133 2825 3201 alterum

768 3233 832 3289 et
874 3245 1065 3309 saepe
1109 3234 1173 3289 et
1217 3246 1256 3289 a
1299 3224 1619 3310 plurimis,
1672 3233 1747 3288 ut
1792 3223 1991 3289 satius
2042 3225 2234 3290 fuerit
2276 3226 2519 3291 nullam
2566 3226 2823 3293 omnino

751 3317 950 3384 nobis
979 3341 1019 3383 a
1046 3318 1142 3383 dis
1176 3318 1618 3385 inmortalibus
1645 3317 1863 3382 datam
1898 3341 2038 3384 esse
2071 3319 2385 3386 rationem
2420 3341 2619 3404 quam
2646 3331 2824 3387 tanta

767 3435 914 3478 cum
964 3412 1245 3500 pernicie
1299 3413 1533 3478 datam.
1632 3422 1706 3477 ut
1748 3411 1973 3478 vinum
2017 3414 2313 3498 aegrotis,
2365 3414 2521 3497 quia
2562 3416 2824 3502 prodest

765 3529 938 3586 raro,
984 3519 1174 3574 nocet
1215 3507 1611 3593 saepissime,
1656 3506 1885 3572 melius
1922 3517 2017 3572 est
2058 3528 2189 3571 non
2222 3507 2529 3573 adhibere
2564 3509 2821 3574 omnino

763 3623 962 3685 quam
997 3624 1110 3687 spe
1146 3602 1379 3668 dubiae
1411 3601 1636 3666 salutis
1672 3601 1740 3664 in
1777 3611 2063 3686 apertam
2096 3601 2442 3685 perniciem
2476 3602 2822 3680 incurrere,

767 3697 860 3760 sic
910 3695 1083 3760 haud
1137 3694 1269 3759 scio
1323 3717 1405 3758 an
1457 3694 1687 3760 melius
1733 3693 1927 3761 fuerit
1977 3694 2257 3759 humano
2309 3696 2534 3780 generi
2574 3707 2821 3762 motum

761 3789 958 3856 istum
995 3790 1264 3854 celerem
1299 3788 1724 3875 cogitationis,
1760 3811 2052 3867 acumen,
2087 3789 2452 3870 sollertiam,
2488 3812 2686 3875 quam
2718 3814 2823 3856 ra-

763 3883 1006 3947 tionem
1039 3903 1364 3961 vocamus,
1401 3883 1704 3969 quoniam
1738 3883 2043 3970 pestifera
2068 3894 2165 3950 est
2198 3883 2436 3962 multis,
2470 3885 2823 3950 admodum

764 3974 986 4061 paucis
1023 3977 1349 4057 salutaris,
1394 4000 1524 4044 non
1561 3977 1699 4043 dari
1734 3976 1991 4042 omnino
2025 3997 2219 4061 quam
2253 3987 2386 4042 tam
2419 3978 2721 4044 munifice
2756 3993 2820 4045 et

669 4089 722 4133 w
763 4081 897 4136 tam
929 4070 1108 4158 large
1145 4071 1302 4140 dari.
1357 4095 1552 4158 quam
1579 4072 1663 4138 ob
1689 4094 1825 4137 rem
1862 4070 1914 4136 si
1940 4093 2119 4141 mens
2148 4071 2571 4162 voluntasque
2600 4071 2823 4140 divina
