3292 4559
1015 206 1018 215 ’
1045 216 1154 273 DE
1185 215 1288 271 RE
1322 214 1666 273 PUBLICA
1699 215 1746 269 l.
1782 214 2023 269 20-425.
2430 200 2551 267 157

499 352 821 430 sumptam
865 340 949 405 ab
992 338 1300 417 Eudoxo,
1341 338 1558 403 multis
1605 337 1787 403 annis
1830 347 1977 423 post
2008 358 2138 403 non
2173 338 2553 424 astrologiae

500 436 791 514 scientia,
839 434 951 501 sed
995 434 1250 520 poetica
1293 433 1574 517 quadam
1608 432 1915 498 facultate
1951 430 2239 497 versibus
2274 433 2555 498 Aratum

498 531 820 597 extulisse.
907 528 1030 594 hoc
1083 538 1300 593 autem
1352 526 1659 613 sphaerae
1712 548 1949 615 genus,
2001 526 2068 591 in
2121 547 2249 612 quo
2294 526 2446 591 solis
2491 538 2556 593 et

495 628 686 691 lunae
731 632 942 689 motus
985 621 1270 687 inessent
1312 631 1378 687 et
1411 643 1633 687 earum
1668 620 1950 704 quinque
1986 620 2343 699 stellarum,
2386 642 2554 704 quae

497 729 778 786 errantes
831 729 893 783 et
947 716 1134 801 quasi
1185 709 1392 802 vagae
1443 715 1952 803 nominarentur,
2004 714 2071 779 in
2123 715 2233 779 illa
2284 715 2555 801 sphaera

495 814 714 879 solida·
743 834 875 878 non
917 810 1205 897 potuisse
1246 809 1412 875 finiri
1425 858 1444 887 ,
1489 821 1682 894 atque
1717 810 1787 874 in
1821 831 1898 874 eo
1934 808 2379 874 admirandum
2415 832 2555 875 esse

495 910 828 974 inventum
865 903 876 993 Ι
915 903 1322 981 Archimedi,
1369 903 1541 987 quod
1579 904 2032 989 excogitasset,
2070 925 2263 986 quem
2320 901 2411 989 [p.
2448 904 2553 969 66.

498 1004 584 1069 ad
617 1001 882 1067 modum
916 1000 986 1064 in
1020 998 1456 1064 dissimillimis
1490 997 1773 1061 motibus
1805 996 2229 1081 inaequabilis
2255 1008 2321 1062 et
2345 997 2555 1062 varios

497 1118 722 1163 cursus
775 1103 1058 1161 servaret
1108 1115 1240 1157 una
1291 1092 1639 1157 conversio·
1729 1091 1895 1157 hanc
1939 1091 2275 1177 sphaeram
2323 1090 2554 1158 Gallus

497 1214 648 1257 cum
697 1197 1013 1265 moveret,
1054 1186 1254 1253 fiebat
1285 1197 1356 1250 ut
1393 1185 1511 1251 soli
1546 1185 1699 1270 luna
1734 1185 1997 1251 totidem
2034 1184 2553 1251 conversionibus

496 1288 567 1351 in
612 1306 758 1351 aere
800 1282 940 1358 illo,
996 1292 1152 1365 quot
1197 1280 1424 1346 diebus
1469 1280 1536 1344 in
1579 1279 1722 1365 ipso
1769 1280 1975 1356 caelo,
2020 1279 2418 1357 succederet,
2474 1302 2555 1345 ex

499 1400 630 1464 quo
667 1389 732 1444 et
763 1376 831 1441 in
871 1373 1106 1463 [caelo]
1146 1375 1418 1461 sphaera
1454 1372 1601 1439 solis
1636 1374 1818 1439 fieret
1852 1374 2077 1439 eadem
2110 1373 2223 1439 illa
2256 1374 2557 1451 defectio,

497 1485 564 1540 et
602 1471 911 1539 incideret
952 1470 1109 1535 luna
1151 1480 1289 1534 tum
1332 1469 1400 1535 in
1435 1490 1578 1533 eam
1612 1478 1877 1543 metam,
1924 1489 2089 1551 quae
2126 1479 2294 1535 esset
2326 1468 2555 1535 umbra

495 1581 722 1643 terrae,
761 1587 910 1631 cum
946 1564 1041 1630 sol
1077 1586 1114 1629 e
1146 1562 1409 1649 regione
1445 1563 1482 1599 ⁴¹*
1518 1562 1554 1598 ⁴*
1591 1560 1627 1596 ⁴*
2105 1606 2114 1618 ,

826 1656 1010 1745 [Octo
1036 1659 1310 1743 paqinae
1345 1656 1442 1721 hio
1477 1680 1518 1719 a
1553 1656 1728 1720 Maio
1766 1652 2236 1741 desiderantum]

627 1756 664 1789 ⁴*
700 1755 736 1791 ⁴*
771 1757 808 1789 ¹*
847 1752 857 1839 Ι
894 1751 1047 1829 fuit,
1083 1752 1260 1835 quod
1295 1762 1360 1817 et
1391 1750 1530 1836 ipse
1564 1752 1889 1817 hominem
1925 1752 2269 1837 diligebam
2318 1750 2412 1839 [p.
2447 1752 2553 1817 59.
2589 1736 2660 1847 {ff

501 1860 562 1917 et
607 1848 674 1913 in
719 1846 940 1933 primis
983 1846 1152 1931 patri
1194 1867 1338 1911 meo
1371 1845 1582 1915 Paulo
1625 1846 1969 1932 probatum
2003 1857 2067 1912 et
2102 1869 2322 1913 carum
2356 1847 2553 1914 fuisse

499 1963 948 2029 cognoveram.
1035 1939 1296 2005 memini
1329 1962 1433 2005 me
1471 1940 1819 2005 admodum
1854 1940 2361 2019 adulescentulO,
2382 1988 2388 1997 ·
2408 1963 2554 2009 cum

499 2054 682 2124 pater
733 2036 801 2100 in
843 2033 1232 2101 Macedonia
1284 2035 1530 2099 consul.
1559 2046 1727 2101 esset
1773 2046 1837 2101 et
1881 2058 2164 2101 essemus
2206 2036 2277 2101 in
2312 2038 2553 2115 castris,

499 2130 860 2218 perturbari
911 2127 1263 2194 exercitum
1313 2143 1603 2193 nostrum
1655 2129 1961 2215 religione
2018 2139 2082 2196 et
2122 2141 2328 2208 metu,
2384 2132 2557 2216 quod

501 2247 726 2291 serena
751 2234 938 2289 nocte
967 2221 1178 2287 subito
1216 2223 1496 2289 candens
1532 2233 1593 2289 et
1617 2225 1813 2308 plena
1838 2224 1995 2291 luna
2024 2223 2379 2293 defecisset.
2418 2236 2558 2293 tum

496 2320 624 2397 ille,
653 2324 802 2383 cu'm
816 2318 1070 2403 legatus
1087 2326 1302 2383 noster
1329 2328 1497 2382 esset
1525 2340 1695 2383 anno
1720 2317 1856 2383 fere
1886 2328 2053 2395 ante,
2076 2318 2085 2403 Ι
2106 2340 2301 2402 quam
2332 2316 2427 2405 [p'.
2449 2320 2555 2385 60.

499 2412 722 2478 consul
783 2407 892 2475 est'
934 2410 1322 2486 declaratuS,
1376 2409 1553 2476 haud
1615 2410 1933 2477 dubitavit
1983 2411 2289 2497 postridie
2342 2413 2557 2499 palam

496 2508 565 2571 in
609 2505 830 2572 castris
876 2505 1104 2571 docere
1146 2505 1396 2569 nullum
1439 2528 1578 2571 esse
1624 2506 2021 2592 prodigium,
2072 2507 2268 2591 idque
2312 2518 2377 2573 et
2420 2520 2557 2573 tum

494 2602 741 2668 factum
801 2622 939 2666 esse
1005 2609 1070 2665 et
1131 2599 1319 2666 certis
1383 2602 1778 2686 temporibus
1848 2624 1989 2667 esse
2061 2625 2313 2688 semper
2380 2604 2557 2675 futu-

395 2722 402 2725 ·
495 2718 671 2772 rum,
717 2718 865 2761 cum
909 2695 1004 2759 sol
1045 2695 1138 2759 ita
1176 2694 1423 2759 locatus
1467 2695 1724 2773 fuisset,
1769 2706 1843 2760 ut
1886 2698 2107 2761 lunam
2152 2718 2268 2761 suo
2316 2696 2557 2765 lumine

495 2813 628 2856 non
661 2798 876 2875 posset
911 2788 1262 2873 attingere-³
1327 2788 1462 2853 ‘ain
1498 2788 1827 2853 tandem?’
1873 2790 2083 2873 inquit
2116 2789 2377 2856 Tubero
2414 2791 2557 2855 ‘do-

498 2905 644 2949 cere
685 2882 808 2946 hoc
851 2891 1102 2966 poterat
1134 2881 1241 2945 ille
1277 2881 1568 2947 homines
1603 2905 1809 2967 paene
1845 2884 2113 2967 agrestis
2152 2894 2217 2949 et
2252 2885 2425 2969 apud
2456 2886 2557 2950 in-

496 2978 734 3065 peritos
779 2975 1057 3040 audebat
1103 2974 1262 3039 haec
1309 2976 1584 3041 dicere?'
1659 2976 1795 3043 ‘ille
1839 2998 1991 3043 vero
2038 2987 2103 3042 et
2144 3000 2380 3064 magna
2415 2980 2557 3065 qui-

497 3075 648 3139 dem
683 3093 833 3137 cum
867 3070 902 3105 ⁴⁸*
938 3069 975 3105 ⁴¹*
1011 3070 1048 3106 ⁴¹*

621 3164 778 3253 [Hic
811 3166 984 3231 Maio
1019 3167 1340 3229 minimum
1375 3167 1530 3231 duae
1554 3168 1829 3251 payinae
1862 3168 2145 3231 videntur
2176 3165 2424 3253 decem]
2592 3188 2644 3227 2⁴

498 3284 688 3347 neque
721 3258 1018 3345 inlsolens
1054 3259 1391 3326 ostentatio
1426 3281 1634 3344 neque
1672 3260 1874 3326 oratio
1920 3260 2265 3326 abhorrens
2324 3260 2411 3347 [p.
2453 3263 2554 3327 71.

497 3381 539 3423 a
573 3377 846 3442 persona
887 3354 1160 3420 hominis
1205 3354 1593 3440 gravissimi3
1646 3377 1785 3420 rem
1833 3354 2004 3421 enim
2036 3378 2340 3442 magnam
2374 3358 2559 3421 adse·

499 3460 686 3517 cutus
723 3463 828 3525 est,
866 3449 1041 3534 quod
1075 3450 1442 3515 hominibus
1476 3449 1869 3536 perturbatis
1896 3450 2153 3515 inanem
2182 3450 2559 3537 religionem

497 3546 920 3627 timoremque
965 3544 1300 3610 deiecerat.
1391 3554 1585 3629 atque
1630 3545 1767 3611 eius
1812 3544 1988 3609 modi
2023 3544 2329 3629 quiddam
2365 3544 2560 3613 etiam
2594 3528 2662 3641 ἐξ

497 3640 667 3707 bello
718 3639 828 3705 illo
881 3639 1190 3717 maximo,
1243 3640 1418 3724 quod
1463 3639 1891 3706 Athenienses
1945 3647 2009 3706 et
2060 3640 2560 3707 Lacedaemonii

444 3803 452 3807 ,
499 3756 750 3799 summa
790 3733 960 3801 inter
1000 3757 1069 3800 se
1114 3734 1520 3801 contentione
1554 3745 1920 3821 gesserunt,
1973 3734 2258 3801 Pericles
2302 3734 2441 3813 ille,
2496 3745 2560 3801 et

501 3827 900 3894 auctoritate.
938 3839 1004 3895 et
1065 3828 1426 3913 eloquentia
1487 3841 1552 3895 et
1615 3828 1880 3894 consilio
1931 3828 2229 3915 princeps
2283 3827 2557 3897 civitatis

501 3943 677 3998 suae,
715 3942 860 3987 cum
896 3923 1234 3990 obscurato
1272 3922 1283 4012 Ι
1322 3925 1454 3990 sole
1489 3923 1794 3989 tenebrae
1826 3922 2035 3991 factae
2073 3934 2283 3989 esseut
2318 3920 2414 4011 [p.
2454 3922 2557 3987 72.

497 4026 762 4103 repente
795 4016 1414 4105 Atheniensiumque
1451 4018 1696 4085 animos
1732 4041 2019 4085 summus
2062 4018 2253 4084 timor
2285 4039 2558 4103 occupa·
