3292 4559
764 242 897 310 244
1381 250 1461 304 Μ.
1500 249 1778 307 TULLII
1809 248 2214 307 CICERONIS

764 378 1063 447 caelestia
1114 397 1367 463 semper
1418 384 1737 461 spectato,
1789 373 1901 437 ina
1944 371 2230 439 humana
2273 372 2678 439 contemnito:
2754 385 2826 440 tu

763 476 937 541 enim
990 486 1195 557 quam
1241 470 1678 537 celebritatem
1733 469 2044 535 semonia
2096 468 2430 533 hominum
2483 478 2594 533 aut
2631 490 2827 553 quam

764 568 1191 655 expetendam
1242 566 1515 653 gloriam
1566 563 1912 648 consequi
1927 563 2154 649 potes?
2221 562 2410 629 vides
2450 562 2781 629 habitari
2761 588 2829 643 m

764 675 937 730 terra
975 661 1139 727 raris
1184 672 1249 726 et
1294 659 1599 745 angustis
1628 658 1698 723 in
1730 657 1889 723 locis
1925 668 1990 723 et
2021 657 2092 722 in
2126 656 2286 767 ipsis
2322 658 2515 741 quasi
2541 659 2828 737 maculis,

764 758 881 824 ubi
923 755 1279 831 habitatur,
1326 764 1544 819 vastas
1578 752 1952 818 solitudines
1986 752 2382 830 interiectas,
2419 773 2683 837 eosque,
2717 753 2832 837 qui

764 852 1055 917 incolunt
1097 860 1361 926 terram,
1407 870 1542 913 non
1573 847 1768 911 modo
1803 847 2192 932 interruptos
2228 846 2322 911 ita
2355 868 2531 924 esee,
2571 857 2644 911 ut
2675 846 2832 911 nihil

766 946 931 1013 inter
982 946 1157 1031 ipsos
1206 943 1289 1007 ab
1336 942 1480 1007 aliis
1522 942 1606 1006 ad
1641 940 1801 1005 alios
1845 962 2108 1010 manare
2151 940 2385 1025 pessit,
2439 940 2559 1005 sed
2599 941 2832 1026 partim

768 1040 1083 1125 obliquos,
1119 1037 1353 1125 partim
1388 1047 1810 1111 transversos,
1843 1034 2082 1120 partim
2107 1035 2308 1105 etiam
2331 1034 2638 1100 adversos
2665 1044 2832 1099 stare

768 1133 971 1211 vobis,
1011 1157 1050 1198 a
1086 1131 1327 1215 quibus
1356 1140 1730 1215 exspectare
1765 1129 2039 1215 glutiam
2073 1138 2246 1194 certe
2271 1129 2517 1195 nullam
2544 1130 2830 1215 povesfis.

663 1214 736 1269 20
770 1228 977 1294 cernis
1030 1238 1245 1294 autem
1298 1223 1570 1290 eamdem
1622 1235 1860 1290 terram
1913 1224 2099 1308 quasi
2146 1223 2536 1307 quibusdam
2579 1224 2834 1289 redimi-

673 2386 727 2424 22

769 1335 901 1388 tam
954 1332 1019 1386 et
1073 1319 1535 1386 circumdatam
1586 1318 1894 1405 cingulis,
1957 1342 1992 1384 e
2043 1318 2287 1403 quibus
2341 1318 2514 1383 duos‘
2557 1318 2834 1383 mxime

766 1418 967 1501 inter
995 1436 1065 1479 se
1128 1414 1414 1479 diversos
1477 1423 1542 1479 et
1602 1412 1764 1479 caeli
1815 1412 2163 1478 verticibus
2213 1412 2378 1499 ipsis—
2427 1436 2518 1479 ex
2563 1424 2833 1497 utraque

767 1520 949 1595 parte
994 1508 1303 1573 subnixos
1350 1506 1710 1593 obriguisse
1755 1507 1990 1592 pruina
2033 1506 2246 1584 vides,
2289 1506 2579 1573 medium
2623 1518 2836 1575 autem

766 1605 951 1669 illum
994 1613 1061 1671 et
1106 1602 1460 1667 maximum
1505 1601 1658 1666 sciis
1701 1601 1930 1667 ardore
1965 1602 2211 1667 torreri.
2299 1602 2430 1666 duo
2469 1613 2623 1667 sunt
2658 1602 2835 1669 habi·-
2870 1661 2878 1670 .

770 1699 1032 1777 tabiles,
1067 1695 1357 1782 ¹quorum
1403 1696 1701 1763 australis
1745 1695 1884 1773 ille,
1937 1696 2006 1761 in
2051 1716 2184 1781 quo
2230 1696 2342 1780 qui
2383 1696 2696 1762 insistunt
2729 1696 2838 1761 ad-

770 1814 957 1857 ver-sa
1006 1792 1189 1857 vobis
1242 1801 1523 1877 urguent
1574 1789 1878 1875 vestigia,
1929 1789 2088 1855 nihil
2139 1789 2225 1855 ad
2267 1800 2556 1855 vestrum
2599 1814 2833 1878 genum

768 1887 875 1952 hic
910 1898 1127 1953 autem
1162 1887 1323 1951 alter
1358 1884 1686 1952 subiectus
1721 1884 2028 1968 aquiloni,
2065 1906 2257 1968 quem
2293 1884 2570 1951 incolitis
2584 1931 2605 1961 ,
2653 1908 2836 1951 cerne

768 2002 965 2064 quam
998 1982 1177 2047 tenui
1212 2003 1329 2045 vos
1362 1991 1545 2066 parte
1582 1979 1943 2065 contingat:
1991 1979 2198 2044 omnis
2233 1979 2406 2045 enim
2440 1990 2635 2057 terra,
2675 2001 2838 2065 quae

732 2108 739 2115 ·
770 2076 997 2140 colitur
1032 2098 1073 2141 a
1106 2075 1319 2153 vobis,
1349 2085 1627 2162 angusta
1653 2074 2022 2151 verticibuS,
2057 2074 2369 2139 lateribus-
2391 2074 2604 2152 latior,
2637 2096 2838 2159 parva

770 2170 1089 2255 quaedam
1121 2170 1337 2235 insuia
1370 2181 1489 2246 est,
1536 2168 1928 2235 circumfusa
1959 2169 2070 2233 illo
2105 2169 2296 2245 mari,
2341 2169 2520 2253 quod
2553 2169 2838 2234 Atlanti-

770 2287 939 2343 cum,
974 2263 1151 2347 quod
1184 2285 1515 2349 magnum,
1552 2284 1749 2347 quem
1785 2261 2126 2331 Oceanum
2162 2263 2500 2349 appeliatis
2533 2262 2608 2327 in
2631 2264 2833 2340 terris,

771 2359 883 2441 qui
928 2369 1143 2423 tamen
1186 2368 1365 2422 tanto
1400 2358 1660 2423 nomine
1695 2380 1895 2443 quam
1931 2358 2014 2423 sit
2055 2380 2291 2444 parvus
2325 2357 2526 2423 vides.
2621 2382 2706 2425 ex
2737 2358 2834 2423 his

767 2450 921 2535 ipsis
966 2452 1153 2516 cultis
1188 2452 1483 2536 notisque
1520 2454 1708 2518 terris
1741 2476 1898 2517 num
1933 2463 2048 2518 aut
2081 2463 2266 2517 tuum
2306 2464 2420 2517 aut
2453 2454 2834 2538 cuiusquam

768 2557 1053 2611 vestrum
1076 2568 1325 2612 nomen
1360 2549 1464 2613 vel
1500 2546 1872 2614 Caucasum
1906 2548 2109 2626 hunc,
2158 2570 2354 2632 quem
2389 2550 2625 2626 cernis,
2659 2560 2836 2614 tran-

770 2638 1076 2707 scendere
1108 2642 1319 2727 potuit
1353 2644 1458 2708 vel
1490 2644 1675 2708 illum
1713 2641 1993 2729 Gangen
2041 2644 2400 2709 tranatare?
2452 2643 2598 2727 quis
2630 2643 2700 2707 in
2731 2666 2836 2707 re-

767 2736 959 2820 liquis
1014 2736 1273 2802 orientis
1328 2747 1441 2802 aut
1492 2738 1793 2803 obeuntia⁴
1856 2738 2006 2803 solis
2059 2736 2302 2802 ultimis
2353 2746 2468 2802 aut
2521 2736 2834 2821 aquilonis

770 2833 1051 2897 austrive
1084 2832 1378 2918 partibus
1414 2843 1597 2899 tuum
1633 2854 1870 2899 nomen
1906 2832 2162 2897 audiet?
2217 2831 2452 2915 quibus
2489 2830 2832 2917 amputatis

770 2926 979 2992 cernis
1010 2927 1300 3012 profecto
1337 2928 1593 3009 quantis
1625 2926 1696 2992 in
1731 2926 2045 3012 angustiis
2081 2936 2293 2992 vestra
2327 2949 2398 2992 se
2431 2927 2640 3012 gloria
2675 2926 2834 2990 dila-

768 3021 893 3083 tari
926 3020 1097 3085 velit.
1185 3020 1312 3106 ipsi
1346 3033 1584 3100 autem,
1622 3022 1734 3105 qui
1767 3022 1850 3085 de
1885 3021 2072 3086 vobis
2103 3021 2469 3105 loquuntur,
2507 3041 2708 3103 quam
2741 3021 2834 3085 lo-

663 3099 731 3152 21
770 3126 1047 3197 quentur
1082 3116 1233 3179 diu?
1268 3123 1371 3195 (7.)
1407 3118 1563 3201 quin
1598 3117 1812 3193 etiam,
1850 3116 1906 3179 si
1941 3115 2159 3225 cupiat
2190 3116 2406 3201 proles
2439 3115 2550 3179 illa
2585 3115 2832 3180 futuro—

664 3852 733 3963 ΞΞ
768 3870 1103 3955 pauciores
1136 3882 1202 3937 et
1236 3882 1409 3939 certe
1442 3873 1739 3939 meliores
1774 3872 2036 3939 fuerunt
2071 3871 2220 3950 viri,
2269 3871 2648 3959 praesertim
2683 3890 2834 3935 cum

766 3229 913 3271 rum
957 3207 1290 3275 hominum
1334 3211 1635 3297 deinceps
1681 3210 1905 3275 laudes
1951 3209 2140 3273 unius
2185 3210 2498 3293 cuiusque
2543 3221 2832 3274 nostrum

768 3324 809 3366 a
844 3302 1137 3388 patribus
1172 3317 1467 3393 acceptas
1502 3304 1775 3391 posteris
1811 3304 2103 3390 prodere,
2149 3314 2364 3369 flamen
2398 3314 2661 3391 propter
2693 3305 2832 3369 elu-

769 3396 989 3465 viones
1044 3401 1539 3484 exustionesque
1594 3411 1936 3475 terrarum,
1991 3420 2152 3483 quas
2207 3398 2498 3464 accidere
2543 3408 2830 3483 tempore

769 3504 941 3557 certo
984 3515 1245 3585 necesse
1282 3506 1409 3573 est,
1456 3516 1589 3560 non
1622 3495 1814 3559 modo
1849 3516 1979 3559 non
2015 3505 2371 3571 aeternam,
2419 3493 2536 3559 sed
2569 3516 2654 3559 ne
2688 3493 2830 3557 diu-

767 3598 1023 3652 tumam
1066 3589 1326 3672 quidem
1361 3589 1633 3675 gloriam
1669 3589 1936 3673 adsequi
1969 3608 2330 3675 possumus.
2420 3587 2578 3671 quid
2613 3598 2831 3669 autem

768 3681 1032 3748 interest
1077 3682 1164 3747 ab
1196 3683 1304 3759 iis,
1350 3684 1463 3768 qui
1496 3694 1724 3771 postea
1756 3694 2098 3749 nascentur
2111 3731 2129 3760 ‚
2181 3704 2540 3747 sermonem
2574 3681 2716 3747 fore
2751 3682 2832 3746 de

768 3786 853 3853 te,
892 3796 1041 3840 cum
1076 3777 1160 3841 ab
1194 3777 1273 3841 iis
1307 3778 1523 3843 nullus
1558 3778 1774 3856 filerit,
1819 3777 1933 3863 qui
1967 3787 2115 3843 ante
2149 3776 2285 3842 nati
2325 3776 2514 3841 sunt?
2565 3775 2680 3860 qui
2711 3796 2834 3841 nec

768 3965 942 4047 apud
990 3988 1107 4031 eos
1143 3967 1346 4053 ipsos,
1392 3990 1433 4033 a
1476 3968 1710 4053 quibus
1756 3967 1964 4033 audiri
2004 3968 2238 4033 nomen
2271 3974 2564 4031 nostrum
2595 3973 2834 4051 potest,

766 4078 953 4123 nemo
1006 4060 1195 4125 unius
1250 4063 1401 4127 anni
1452 4064 1826 4129 memoriam
1881 4062 2184 4147 consequi
2226 4060 2446 4147 possit.
2535 4058 2833 4125 homines
