3292 4559
1079 279 1188 336 DE
1221 227 1751 338 DIVIhiATIONE
1782 275 1933 334 LIB.
1969 277 2017 332 Ι.
2454 263 2585 336 123

1053 838 1152 906 M.
1188 807 1520 906 TULLII
1557 833 2063 904 CICERONIS

931 953 1097 1028 DE
1185 957 2159 1028 DIVINATIONE

1278 1095 1550 1157 LIBRI
1601 1092 1825 1156 DUO.

1258 1391 1495 1448 LIBER
1529 1389 1841 1448 PRIMUS.

1221 1509 1891 1568 ARGUMENTUM.

623 1623 702 1678 Μ.
723 1623 920 1680 Cicero
935 1623 1204 1696 perfectis
1223 1623 1403 1680 tribus
1423 1623 1460 1678 d
1473 1640 1504 1680 e
1532 1623 1808 1677 deorum
1834 1627 2082 1676 natura
2108 1619 2286 1693 libris,
2308 1621 2365 1674 in
2384 1621 2587 1692 quibus

521 1701 700 1756 omnis
736 1701 856 1760 eius
891 1702 1004 1758 loci
1039 1701 1294 1772 quaestio
1329 1699 1665 1768 continetur,
1705 1704 1771 1754 ut
1802 1699 1973 1770 plene
2010 1703 2159 1754 esset
2192 1698 2587 1767 cumulateque

520 1779 792 1852 perfecta,
830 1781 1030 1838 eodem
1065 1795 1214 1834 anno
1250 1780 1330 1851 (u.
1359 1796 1406 1834 c.
1437 1777 1564 1850 710)
1589 1777 1695 1832 hos
1722 1777 1803 1832 de
1840 1777 2269 1832 divinatione
2303 1777 2476 1838 libros
2502 1776 2585 1852 in-

523 1873 746 1928 gressus
767 1863 852 1912 est
870 1857 1134 1926 scribere,
1165 1855 1368 1927 quibus
1389 1855 1752 1911 adiuncturus
1770 1859 1910 1922 erat,
1939 1859 2003 1908 ut
2020 1853 2244 1909 abunde
2264 1854 2400 1909 satis
2425 1851 2588 1908 fieret

523 1933 630 1988 toti
645 1933 1132 2002 huicquaestioni,
1168 1933 1375 1986 librum
1403 1933 1482 1988 de
1509 1933 1672 1987 fato.
1711 1931 1850 2003 (Cic.
1872 1931 1943 1986 de
1962 1931 2191 1986 divinat
2210 1929 2288 2000 11,
2310 1930 2388 2002 3.)
2420 1929 2589 1984 Facit

526 2015 734 2080 autem,
771 2027 899 2066 cum
924 2011 986 2065 in
1011 2008 1148 2064 villa
1166 2009 1496 2066 Tusculana
1514 2015 1719 2079 essent,
1756 2008 1825 2076 Q.
1846 2009 2079 2065 stati-em
2096 2024 2287 2064 seeum
2314 2007 2400 2062 ita
2414 2007 2585 2062 collo-

526 2092 806 2159 quentem,
837 2093 918 2157 ut,
947 2091 1249 2158 postquam
1265 2088 1444 2144 frater
1461 2103 1626 2144 omne
1653 2101 1833 2160 genus
1863 2085 2218 2144 divinationis
2238 2103 2270 2142 e
2288 2083 2589 2155 disciplina

529 2164 840 2221 Stoicorum
876 2165 1248 2234 defendisset,
1295 2164 1417 2236 ipse
1454 2165 1630 2221 altero
1676 2166 1823 2221 libro
1860 2171 2059 2222 contra
2093 2165 2213 2220 eius
2246 2162 2587 2219 sententiam

527 2259 672 2314 quae
709 2242 817 2298 sibi
861 2241 1103 2298 dicenda
1144 2241 1469 2298 viderentur
1503 2248 1826 2315 exponeret.
1914 2243 1985 2297 In
2018 2241 2197 2314 primo
2233 2241 2407 2314 igitur
2439 2239 2587 2294 libro

526 2319 720 2376 Cicero
734 2360 749 2390 ,
787 2319 1154 2391 complurium
1178 2319 1516 2392 populorum
1545 2327 1602 2376 et
1633 2319 2097 2392 philosophorum
2124 2319 2479 2392 opinionibus
2516 2318 2587 2372 de

526 2397 886 2454 divinationis
912 2399 1151 2454 veritate
1171 2403 1230 2454 et
1258 2399 1500 2454 decretis
1528 2398 1588 2454 in
1603 2398 1893 2469 prooemio
1912 2397 2061 2470 (cap.
2082 2396 2257 2468 1—4)
2276 2395 2584 2468 explicatis,

523 2477 706 2546 ipsum
723 2475 1064 2546 colloquium
1083 2475 1332 2547 exponit.
1403 2474 1472 2540 Q.
1491 2473 1671 2532 frater
1698 2475 2143 2546 antiquissimam
2168 2490 2229 2530 se
2252 2474 2588 2530 sententiam

401 2603 417 2620 ,
525 2552 684 2622 sequi
716 2551 1037 2623 profitetur,
1075 2553 1320 2608 omnium
1357 2553 1695 2626 populorum
1729 2552 2096 2624 gentiumque
2132 2567 2410 2609 consensu
2442 2567 2587 2605 com-

523 2629 839 2702 probatam.
907 2629 1049 2684 Esse
1080 2629 1228 2685 enim
1261 2629 1371 2684 duo
1399 2628 1704 2684 divinandi·
1724 2645 1959 2702 genera,
1998 2645 2173 2684 unum
2208 2627 2587 2696 artificiosum,

527 2708 678 2778 quod
692 2707 900 2778 partim
915 2711 1136 2762 constet
1153 2706 1572 2776 exconiectura,
1581 2707 1790 2777 partim
1808 2723 1877 2761 ex
1895 2705 2283 2761 observatione
2303 2705 2585 2772 diuturna,

527 2785 766 2838 alterum
783 2784 1061 2853 naturale,
1103 2785 1256 2854 quod
1274 2783 1493 2838 animus
1512 2782 1759 2854 adripiat
1780 2789 1882 2838 aut
1907 2777 2150 2853 excipiat
2164 2781 2503 2838 extrinsecus
2522 2797 2590 2836 ex

527 2859 836 2930 divinitate,
873 2861 1024 2916 unde
1043 2877 1238 2926 omnes
1255 2861 1488 2916 haustos
1509 2860 1727 2915 animos
1742 2860 2061 2932 libatosque
2078 2860 2404 2916 habeamus.
2450 2857 2589 2914 Nul-

524 2940 642 2994 lam
667 2943 858 2994 autem
885 2955 1007 2994 esse
1027 2937 1316 2992 civitatem
1341 2943 1442 2992 aut
1457 2941 1687 3009 gentem
1706 2952 1851 3008 quae
1870 2953 1986 2993 non
2014 2933 2439 3010 astrologorum,
2476 2951 2588 2990 sor-

523 3016 686 3086 tium,
722 3015 1058 3070 somniorum
1074 3014 1464 3086 praedictione
1479 3015 1691 3070 moveri
1710 3014 1908 3070 soleat.
1976 3016 2167 3086 Atque
2186 3015 2246 3069 in
2262 3013 2351 3070 his
2368 3012 2591 3068 omnino

525 3094 712 3168 magis
732 3096 938 3148 eventa
963 3108 1150 3146 rerum
1170 3093 1414 3164 spectari
1443 3107 1612 3164 quam
1630 3109 1833 3148 causas
1862 3093 2057 3162 quaeri
2073 3099 2331 3164 oportere
2356 3091 2591 3147 arbitra-

526 3178 634 3227 tur.
680 3169 866 3226 Multa
881 3169 1031 3224 enim
1049 3169 1109 3223 in
1126 3185 1313 3224 rerum
1330 3174 1538 3224 natura
1555 3169 1830 3238 accidere,
1869 3185 2017 3240 quae
2034 3186 2201 3226 nemo
2220 3169 2441 3224 dubitet
2458 3167 2591 3238 quin

471 3267 476 3270 ·
527 3267 664 3306 vera
688 3248 826 3320 sint,
865 3245 1037 3304 etiam
1063 3247 1111 3300 si
1139 3263 1243 3302 cur⁴
1266 3245 1348 3302 ita
1375 3246 1640 3304 eveniant
1664 3247 1891 3318 ignoret
1917 3246 2067 3320 (cap.
2086 3247 2323 3319 5-13).
2394 3245 2593 3314 Neque

527 3343 662 3382 vero
685 3331 987 3398 propterea
1012 3324 1321 3382 tollendam
1348 3341 1472 3382 esse
1503 3324 1921 3393 divinationem,
1960 3325 2113 3394 quod
2139 3323 2419 3394 quaedam
2444 3321 2595 3376 falsa

533 3403 662 3472 sint,
703 3403 980 3474 quaedam
995 3419 1112 3458 non
1135 3402 1236 3472 ita,
1273 3402 1358 3458 uti
1374 3401 1671 3473 praedicta
1694 3401 1827 3470 sint,
1865 3400 2160 3470 eveniant,
2219 3399 2430 3457 multas
2446 3399 2593 3456 enim

531 3480 948 3552 praedictiones
981 3485 1242 3536 eventum
1276 3479 1572 3548 habuisse,
1611 3478 1763 3548 quod
1796 3493 2011 3550 negare
2044 3492 2209 3532 nemo
2243 3475 2447 3547 possit,
2484 3476 2591 3532 nisi

534 3575 756 3614 omnem
783 3557 1080 3614 annalibus
1106 3555 1278 3614 fidem
1305 3557 1568 3613 detrahat
1595 3555 1746 3626 (cap.
1766 3553 2028 3624 14—17).
2099 3553 2301 3624 Itaque
2320 3567 2381 3607 se
2406 3552 2477 3605 iis
2496 3551 2592 3605 ad-

535 3634 746 3704 sentiri,
787 3635 886 3705 qui
903 3635 1014 3691 duo
1043 3635 1402 3690 divinationis
1430 3649 1641 3706 genera
1670 3646 1791 3686 esse
1820 3629 2077 3699 dixerint,
2114 3629 2251 3685 artis
2266 3645 2439 3682 unum
2465 3643 2591 3697 par-

531 3714 730 3785 ticeps,
769 3729 968 3784 expers
1003 3713 1260 3769 alterum.
1329 3711 1536 3768 Carere
1573 3714 1763 3766 autem
1798 3713 1919 3764 arte
1954 3723 2077 3777 eos,
2117 3707 2213 3778 qui
2238 3721 2352 3760 non
2376 3705 2593 3760 ratione

537 3796 640 3846 aut
663 3792 1004 3861 coniectura,
1041 3791 1352 3848 observatis
1371 3805 1440 3846 ac
1467 3789 1677 3844 notatis
1704 3787 1900 3860 signis,
1939 3785 2040 3842 sed
2066 3783 2443 3842 concitatione
2458 3796 2594 3853 qua·-

538 3870 670 3924 dam
699 3868 869 3923 animi
895 3873 998 3924 aut
1022 3870 1208 3924 animo
1229 3887 1266 3924 a
1291 3867 1440 3924 curis
1465 3883 1646 3922 vacuo
1674 3865 1967 3936 liberoque
1992 3861 2397 3934 praesentiant.
2466 3859 2596 3916 Huc

536 3945 710 4016 igitur
733 3945 1060 4002 referendas
1083 3964 1206 4002 esse
1231 3944 1647 4017 praedictiones
1681 3961 1785 4014 per
1812 3941 2043 3997 oracula
2066 3941 2217 4013 (cap.
2234 3939 2318 3995 18.
2339 3937 2459 4010 19),
2494 3953 2598 4007 per

539 4022 754 4078 somnia
779 4024 930 4095 (cap.
955 4023 1228 4096 20—30),
1265 4024 1512 4094 itemque
1538 4019 1969 4077 vaticinationes
1996 4017 2299 4076 furentium
2318 4015 2466 4089 (cap.
2486 4013 2596 4087 31).

535 4099 834 4158 Extremae
858 4101 991 4158 huic
1009 4099 1374 4172 disputationi
1393 4097 1697 4172 Chrysippi
1724 4095 2138 4171 argumentatio
2159 4091 2416 4166 adicitur,
2453 4091 2597 4148 haee
