3292 4559
1045 266 1153 321 DE
1187 264 1288 321 RE
1307 258 1667 353 —PUBLiCA
1700 264 1747 317 1.
1785 264 2027 319 61-65.
2279 286 2288 294 ··
2436 249 2560 315 173

496 392 898 479 appellatur,
943 388 1096 473 quia
1138 386 1398 466 dicitur,
1419 414 1426 425 ⁸
1446 387 1561 453 sed
1593 387 1663 452 in
1696 387 1929 452 nostris
1963 385 2141 451 libris
2176 384 2356 454 vides
2393 407 2561 463 eum,

495 484 718 561 Laeli,
763 482 1139 569 magistrum
1173 482 1400 567 populi
1430 479 1777 566 appellari?
1868 480 1961 545 ‘vi
2007 479 2135 555 e0,’
2182 479 2409 565 inquit.
2500 490 2565 545 et
2650 556 2652 558 ¹

494 578 758 664 Scipio:
795 576 1146 662 ‘sapienter
1176 568 1374 661 igitur
1407 573 1500 638 illi
1534 584 1775 639 veteres
1808 573 1845 609 ⁴*
1880 574 1917 611 ³*

1024 668 1504 755 [Desiderantur
1525 672 1803 755 payinae
1838 666 2046 754 duaa]

496 789 568 853 p.
610 761 790 849 149.]
827 765 864 829 ἕ
899 764 936 799 ¹*
971 764 1008 799 ¹*
1047 760 1056 849 Ι
1092 763 1262 827 iusto
1313 762 1573 846 quidem
1625 784 1781 847 rege
1825 783 1973 827 cum
2010 771 2108 826 est
2150 763 2427 847 populus
2461 782 2562 825 or-

493 862 716 936 batus,
771 865 1062 944 ‘pectora
1107 856 1218 921 diu
1269 866 1444 922 tenet
1479 856 1865 923 desiderium
1873 856 1913 933 ,⁹
1968 856 2133 921 sicut
2168 856 2257 920 ait
2290 855 2562 933 Ennius,

495 964 650 1041 post
686 951 910 1038 optimi
943 951 1115 1036 regis
1151 950 1428 1026 obitum3

2595 742 2663 796 41

2606 814 2657 854 64

1834 1042 2023 1109 simul
2056 1043 2223 1109 inter

725 1162 864 1205 sese
896 1139 992 1203 sic
1025 1146 1408 1203 memorant:
1456 1158 1495 1200 o
1531 1136 1829 1213 Romule,
1865 1136 2139 1205 Romule
2176 1138 2301 1216 die,

722 1234 980 1316 qualem
1013 1243 1077 1296 te
1112 1229 1356 1317 patriae
1392 1230 1723 1297 custodem
1742 1230 1823 1294 di
1858 1230 2249 1315 genuerunt!

723 1348 761 1390 o
796 1338 996 1413 pater,
1034 1347 1072 1389 o
1106 1324 1377 1411 genitor,
1413 1346 1452 1389 o
1488 1346 1778 1411 sanguen
1814 1325 1911 1389 dis
1946 1325 2317 1391 oriundum!

499 1444 636 1487 non
681 1431 822 1487 eros
865 1443 987 1487 nec
1021 1420 1312 1485 dominos
1349 1419 1759 1505 appellabant
1792 1442 1900 1485 eos
1913 1468 1930 1496 ‚
1974 1420 2211 1503 quibus
2244 1422 2409 1487 iuste
2444 1445 2561 1506 pa-

498 1526 793 1592 ruerunt,
838 1514 1114 1598 denique
1148 1537 1232 1580 ne
1263 1536 1450 1599 reges
1485 1512 1768 1599 quidem,
1812 1513 1929 1579 sed
1960 1513 2205 1599 patriae
2241 1516 2558 1593 custodes,

501 1610 622 1675 sed
656 1614 889 1695 patres,
928 1608 1043 1675 sed
1077 1608 1250 1674 deos·
1311 1627 1433 1691 nec
1459 1608 1596 1672 sine
1621 1629 1845 1683 causa3
1880 1608 2036 1689 quid
2058 1607 2067 1692 Ι
2089 1607 2261 1673 eni-m
2297 1606 2389 1694 [p.
2414 1606 2559 1673 150.

503 1703 906 1789 adiungunt?

718 1808 792 1862 tu
826 1798 1180 1883 produxisti
1213 1820 1330 1862 nos
1365 1797 1534 1863 intra
1567 1796 1825 1861 luminis
1862 1819 2025 1862 oras.

503 1891 725 1969 vitam,
759 1892 1087 1970 honorem,
1121 1892 1318 1957 decus
1355 1892 1477 1957 sibi
1511 1890 1735 1955 datum
1768 1914 1909 1957 esse
1942 1892 2185 1958 iustitia
2216 1892 2389 1977 regis
2424 1892 2560 1957 exi-

505 1987 786 2053 stimant.
855 1986 1194 2055 mansisset
1228 1985 1455 2051 eadem
1490 1985 1785 2050 voluntas
1818 1985 1887 2050 in
1921 2008 2143 2051 eorum
2178 1985 2468 2071 posteris,
2506 1986 2561 2053 si

503 2102 734 2166 regum
769 2078 1114 2145 similitudo
1150 2078 1622 2164 permansisset,
1660 2080 1775 2145 sed
1810 2078 1991 2145 vides
2026 2080 2216 2144 unius
2251 2080 2563 2145 iniustitia

506 2173 860 2240 concidisse
894 2196 1100 2259 genus
1133 2173 1294 2237 illud
1329 2183 1538 2238 totum
1573 2173 1667 2238 rei
1700 2173 2035 2259 publicae.’
2126 2173 2341 2239 ‘video
2377 2197 2529 2239 vero
2542 2175 2558 2203 '

503 2267 714 2353 inquit
745 2272 840 2332 ‘et
873 2266 1100 2331 studeo
1136 2288 1360 2332 cursus
1395 2266 1550 2332 istos
1583 2267 2011 2335 mutationum
2050 2265 2059 2349 Ι
2096 2288 2227 2331 non
2280 2266 2375 2354 [p.
2415 2267 2559 2333 147.

504 2362 710 2447 magis
743 2361 811 2427 in
845 2371 1065 2425 nostra
1099 2382 1292 2445 quam
1325 2360 1396 2425 in
1429 2359 1604 2425 omni
1639 2382 1709 2426 re
1744 2361 2003 2446 publica
2036 2363 2342 2427 noscere!

633 2454 722 2521 Et
767 2452 1014 2540 Scipio:
1069 2462 1196 2521 ‘est
1240 2454 1529 2532 omnino,
1575 2476 1725 2521 cum
1768 2454 1848 2519 de
1891 2454 2000 2520 illo
2036 2476 2271 2540 genere
2304 2455 2399 2521 rei
2433 2479 2553 2541 pu-
2592 2430 2663 2545 ἓξ

503 2549 706 2615 blicae
716 2597 736 2627 ,
773 2550 945 2633 quod
979 2550 1256 2615 maxime
1291 2549 1496 2639 probo
1508 2596 1527 2626 ,
1565 2570 1733 2632 quae
1768 2549 1973 2614 sentio
2008 2549 2258 2627 dixero,
2296 2572 2558 2617 accura-

505 2644 630 2708 tius
673 2644 832 2708 mihi
874 2644 1218 2713 dicendum
1253 2642 1334 2709 de
1369 2642 1975 2709 commutationibus
2020 2666 2236 2709 rerum
2268 2644 2556 2730 publica-

503 2760 675 2814 rum,
728 2737 847 2802 etsi
897 2737 1158 2802 minime
1209 2736 1398 2801 facile
1453 2758 1562 2802 eas
1613 2736 1685 2800 in
1736 2758 1813 2801 ea
1863 2758 1933 2801 re
1997 2736 2258 2822 publica
2308 2738 2557 2803 futuras

503 2841 677 2915 puto.
765 2830 879 2894 sed
923 2830 1112 2894 huius
1159 2831 1376 2915 regiae
1409 2830 1618 2915 prima
1654 2839 1718 2895 et
1752 2830 2107 2895 certissima
2140 2841 2239 2895 est
2271 2829 2384 2894 illa
2416 2854 2557 2895 mu-

505 2923 692 2988 tatioz
729 2944 878 2987 cum
901 2946 1017 2988 rex
1041 2924 1316 2988 iniustus
1342 2946 1480 2988 esse
1510 2923 1740 3008 coepit,
1776 2923 1941 3008 perit
1964 2922 2125 2987 illud
2150 2922 2297 2987 ilico
2330 2946 2559 3009 genus,

507 3026 572 3083 et
603 3026 700 3082 est
731 3015 904 3081 idem
938 3016 1045 3081 ille
1079 3027 1408 3102 tyrannus,
1446 3016 1862 3081 deterrimum
1899 3015 1911 3104 Ι
1950 3038 2155 3103 genus
2191 3028 2256 3081 et
2292 3014 2386 3103 [p.
2408 3018 2555 3083 148.

507 3110 842 3175 finitimum
877 3110 1116 3197 optimo
1127 3134 1146 3187 ;
1181 3130 1374 3195 quem
1413 3110 1467 3175 si
1502 3111 1839 3195 optimates
1876 3123 2346 3196 oppresserunt,
2382 3114 2556 3196 quod

508 3207 706 3272 ferme
751 3206 990 3283 evenit,
1036 3206 1232 3272 habet
1265 3216 1504 3271 statum
1539 3228 1642 3272 res
1679 3206 1940 3292 publica
1975 3206 2055 3271 de
2090 3207 2293 3272 tribus
2330 3230 2557 3273 secun-

510 3301 774 3377 darium,
811 3310 908 3365 est
941 3301 1111 3366 enim
1145 3301 1332 3385 quasi
1367 3301 1639 3387 regium,
1674 3302 1744 3365 id
1780 3313 1878 3366 est
1911 3301 2187 3387 patrium
2224 3303 2557 3367 consilium

507 3395 742 3481 populo
784 3396 950 3460 bene
994 3395 1462 3461 consulentium
1503 3395 1899 3481 principum3
1955 3396 2054 3460 sin
2096 3418 2213 3481 per
2248 3418 2317 3461 se
2351 3418 2558 3481 popu-

508 3492 604 3555 lus
636 3488 956 3555 interfecit
991 3500 1102 3556 aut
1135 3490 1324 3556 eiecit
1357 3501 1724 3575 tyrannum,
1762 3500 1861 3555 est
1894 3490 2299 3567 moderatior,
2337 3492 2553 3573 quoad

511 3583 696 3651 sentit
729 3594 791 3649 et
825 3582 1017 3670 sapit,
1065 3594 1130 3649 et
1163 3607 1282 3649 sua
1312 3606 1382 3649 re
1417 3595 1603 3670 gesta
1637 3584 1911 3649 laetatur
1946 3584 2237 3666 tuerique
2272 3585 2407 3649 volt
2440 3608 2557 3670 per
2654 3600 2662 3607 '

511 3701 575 3743 se
617 3677 1024 3744 constitutam
1067 3700 1207 3743 rem
1247 3678 1593 3764 publicam.
1684 3679 1737 3742 si
1774 3677 2031 3761 quando
2066 3688 2179 3742 aut
2211 3677 2351 3763 regi
2384 3678 2555 3743 iusto

510 3770 637 3834 vim
667 3772 944 3858 populus
983 3769 994 3858 Ι
1033 3770 1246 3837 attulit
1279 3794 1560 3857 regnove
1590 3793 1740 3837 eum
1770 3771 2085 3857 spoliavit,
2122 3780 2234 3835 aut
2272 3769 2364 3856 [p.
2402 3771 2552 3835 243.

513 3863 724 3941 etiam,
775 3864 845 3928 id
896 3865 1069 3947 quod
1123 3865 1334 3931 evenit
1388 3865 1673 3950 saepius,
1726 3864 2129 3951 optimatium
2174 3864 2551 3949 sanguinem

2138 3957 2151 3972 Ι
2204 3957 2221 3973 0
2272 3957 2287 3974 Ο
2340 3957 2355 3974 0

511 4084 596 4096 -—
627 4070 780 4115 cave
813 4062 1001 4135 putes
1037 4064 1252 4119 autem
1287 4074 1464 4119 mare
1496 4052 1701 4117 ullum
1736 4064 1847 4119 aut
1881 4052 2204 4117 flammam
2239 4072 2377 4117 esse
2412 4061 2553 4115 tan-
