3292 4559
746 233 834 302 54
1365 243 1442 298 M.
1483 241 1759 301 TULLII
1794 239 2195 298 CICERONIS

743 369 1075 438 hominum
1117 367 1344 434 studiis
1380 387 1603 454 gerere
1637 365 1965 452 potuisse?
2034 373 2571 430 commemoratur
2604 364 2697 428 ab
2736 387 2839 432 eo

743 465 1239 540 Themistocles,
1305 463 1619 538 Pericles,
1684 457 1928 546 Cyrus,
1980 458 2357 546 Agesilaus,
2410 459 2835 537 Alexander,

745 582 906 647 quos
949 570 1146 646 negat
1188 558 1324 622 sine
1371 556 1753 620 adiumentis
1798 554 2127 618 hominum
2162 564 2374 618 tantas
2408 574 2512 618 res
2548 553 2835 619 efficere

743 655 1058 743 potuisset
1105 653 1303 718 utitur
1335 651 1403 716 in
1437 671 1507 716 re
1541 669 1671 714 non
1706 649 1905 714 dubia
1940 648 2209 714 testibus
2243 670 2373 712 non
2407 650 2829 714 necessariis.

745 761 940 834 atquc
983 757 1058 814 ut
1089 767 1360 833 magnas
1395 745 1701 810 utilitates
1738 741 2153 830 adipiscimur
2188 742 2658 828 conspiratione
2695 743 2831 808 ho-

743 845 991 909 minum
1040 861 1232 926 atque
1279 861 1624 916 consensu,
1672 838 1763 903 sic
1794 839 1975 904 nulla
2008 848 2141 902 tam
2176 837 2570 902 detestabilis
2605 839 2825 922 pestis

639 997 643 1002 ,
747 947 871 1016 est,
918 953 1085 1022 quae
1127 955 1256 1000 non
1300 933 1543 998 homini
1589 933 1674 997 ab
1719 931 1977 998 homine
2020 941 2338 998 naseam.
2428 942 2525 996 est
2567 929 2829 996 Dicae-

659 1086 665 1092 .
745 1031 923 1098 archi
965 1031 1130 1097 liber
1175 1029 1258 1095 de
1311 1029 1569 1094 interitu
1615 1027 1977 1102 hominum,
2021 1026 2435 1112 Peripatetici
2478 1027 2701 1112 magni
2748 1041 2822 1092 et

663 1625 710 1664 17

663 2459 712 2500 18

747 1125 1018 1212 copiosi,
1065 1123 1178 1208 qui
1225 1122 1524 1188 conlectis
1569 1121 1797 1188 ceteris
1840 1121 2051 1186 causis
2104 1120 2448 1198 eluvionis,
2500 1121 2821 1207 pestilen-

746 1220 904 1296 tiae,
950 1217 1294 1293 vastitatis,
1338 1215 1682 1282 beluarum
1727 1215 1919 1282 etiam
1952 1215 2323 1300 repentinae
2358 1215 2817 1292 multitudinis,

746 1332 1020 1396 quarum
1080 1309 1326 1395 impetu
1379 1311 1568 1375 docet
1619 1310 1941 1394 quaedam
1994 1309 2323 1374 hominum
2376 1331 2615 1394 genera
2666 1333 2817 1376 esse

747 1415 1155 1490 consumpta,
1200 1403 1432 1470 deinde
1477 1414 1835 1490 comparat,
1882 1415 2123 1488 quanto
2174 1404 2390 1490 plures
2442 1403 2637 1470 deleti
2684 1405 2817 1470 sint

746 1499 1036 1564 homines
1072 1498 1407 1563 hominum
1441 1497 1715 1585 impetu,
1760 1499 1829 1563 id
1864 1510 1963 1564 est
1996 1499 2181 1564 bellis
2218 1509 2329 1564 aut
2364 1499 2819 1576 seditionibus,

745 1615 943 1679 quam
999 1594 1180 1660 ,omni
1239 1593 1484 1676 reliqua
1544 1593 1927 1658 calamitate.
2017 1613 2165 1658 cum
2224 1593 2421 1678 igitur
2471 1593 2577 1658 hic
2628 1594 2817 1659 locus

745 1688 904 1754 nihil
940 1687 1176 1753 habeat
1211 1686 1658 1763 dubitationis,
1704 1687 1860 1772 quin
1895 1685 2183 1752 homines
2220 1685 2567 1772 plurimum
2602 1687 2817 1752 homi-

745 1782 938 1847 nibus
975 1793 1040 1847 et
1074 1781 1322 1867 prosint
1357 1792 1423 1846 et
1457 1781 1700 1858 obsint,
1737 1781 2065 1866 proprium
2100 1780 2221 1845 hoc
2258 1790 2467 1844 statuo
2504 1803 2645 1846 esse
2682 1781 2817 1846 vir-

745 1876 898 1940 tutis
912 1923 930 1952 ,
983 1875 1320 1940 conciliare
1373 1875 1618 1940 animos
1671 1875 2003 1938 hominum
2056 1883 2121 1938 et
2165 1873 2247 1938 ad
2290 1895 2447 1938 usus
2500 1895 2651 1939 suos
2699 1875 2817 1938 ad-

745 1970 1031 2056 iungere.
1140 1970 1389 2053 itaque,
1454 1988 1618 2051 quae
1681 1969 1748 2032 in
1797 1969 1992 2033 rebus
2042 1967 2339 2032 inanimis
2392 1989 2691 2052 quaeque
2746 1970 2813 2034 in

643 2085 648 2088 ·
747 2065 1122 2129 tractatione
1175 2063 1511 2128 beluarum
1561 2061 1727 2126 fiunt
1776 2063 2017 2128 utiliter
2070 2060 2153 2126 ad
2205 2060 2535 2126 hominum
2586 2062 2810 2140 vitam,

748 2157 989 2222 artibus
1045 2180 1122 2222 ea
1173 2155 1542 2220 tribuuntur
1593 2157 1908 2241 operosis,
1961 2154 2293 2219 hominum
2336 2165 2553 2222 autem
2596 2157 2814 2222 studia

749 2251 831 2316 ad
878 2249 1435 2336 amplificationem
1475 2260 1838 2314 nostrarum
1882 2271 2097 2314 rerum
2140 2259 2437 2336 prompta
2472 2269 2549 2314 ac
2582 2262 2812 2334 parata

747 2347 1028 2410 virorum
1099 2344 1562 2429 praestantium
1635 2343 1949 2428 sapientia
2008 2354 2072 2410 et
2135 2345 2371 2410 virtute
2433 2345 2811 2410 excitantur.

747 2439 985 2504 etenim
1027 2438 1229 2502 virtus
1279 2438 1486 2502 omnis
1529 2435 1735 2501 tribus
1778 2436 1845 2501 in
1888 2437 2083 2502 rebus
2128 2438 2263 2505 fere
2310 2439 2606 2518 vertitur,
2652 2461 2810 2524 qua-

745 2533 890 2597 rum
935 2555 1066 2596 una
1112 2541 1210 2596 est
1254 2531 1322 2596 in
1367 2531 1840 2617 perspiciendO,
1884 2533 2041 2616 quid
2086 2533 2155 2597 in
2190 2554 2449 2618 quaque
2481 2555 2552 2599 re
2586 2555 2813 2600 verum

749 2625 1194 2709 sincerumque
1231 2625 1334 2702 sit,
1373 2625 1531 2709 quid
1563 2636 2065 2692 consentaneum
2100 2627 2353 2710 cuique,
2390 2626 2546 2711 quid
2584 2647 2814 2694 conse-

747 2741 980 2804 quens,
1035 2742 1116 2786 ex
1167 2739 1298 2804 quo
1353 2739 1646 2804 quaeque
1699 2721 2075 2807 gignantur,
2128 2739 2295 2804 quae
2352 2721 2663 2806 cuiusque
2716 2723 2811 2787 rei

747 2835 942 2880 causa
985 2815 1096 2893 sit,
1143 2813 1416 2880 alterum
1474 2814 1773 2880 cohibere
1806 2824 2017 2878 motus
2054 2813 2248 2878 animi
2282 2814 2599 2891 turbatos,
2646 2836 2811 2899 quos

749 2907 986 2975 Graeci
1022 2908 1220 2996 πάθη
1262 2908 1612 2985 nominant,
1654 2907 2222 2994 adpetitionesque,
2259 2929 2421 2992 quas
2450 2909 2545 2974 illi
2574 2905 2805 2996 ὁρμάς,

746 3003 1140 3068 oboedientis
1187 3003 1440 3070 efficere
1487 3003 1749 3080 rationi,
1793 3003 2053 3068 tertium
2086 3004 2194 3080 iis,
2239 3003 2622 3087 quibuscum
2658 3025 2809 3068 con-

745 3115 1136 3182 gregemur,·
1168 3099 1265 3162 uti
1309 3098 1637 3164 moderate
1684 3107 1749 3162 et
1784 3097 2085 3174 scienter,
2131 3118 2407 3180 quorum
2444 3097 2673 3162 studiis
2710 3121 2805 3175 ea,

746 3211 912 3273 quae
963 3200 1194 3256 natura
1245 3192 1596 3268 desiderat,
1665 3192 1919 3277 expleta
1970 3192 2421 3275 cumulataque
2472 3191 2808 3270 habemuS,

743 3305 861 3370 per·
895 3284 1301 3370 eosdemque,
1339 3287 1394 3351 si
1429 3286 1585 3370 quid
1619 3285 1975 3370 inportetur
2009 3285 2195 3351 nobis
2222 3285 2629 3361 incommodi,
2658 3308 2813 3371 pro·

743 3378 1071 3464 pulsemus
1122 3380 1632 3463 ulciscamurque
1686 3401 1828 3456 eos,
1894 3379 2005 3463 qui
2066 3401 2295 3445 nocere
2356 3379 2543 3444 nobis
2596 3381 2813 3444 conati

745 3473 872 3538 sint
883 3521 904 3552 ,
949 3485 1254 3558 tantaque
1297 3495 1507 3559 poena
1551 3473 1924 3538 adiiciamus
1935 3521 1955 3552 ,
2000 3484 2308 3557 quantam
2354 3473 2637 3557 aequitas
2680 3471 2816 3535 hu-

745 3567 1146 3652 manitasque
1193 3568 1452 3652 patitur.
1541 3568 1778 3651 quibus
1832 3579 2051 3633 autem
2094 3567 2451 3632 rationibus
2495 3567 2657 3631 hanc
2704 3563 2815 3629 fa.-

635 3733 648 3742 .
745 3661 1048 3726 cultatem
1093 3661 1361 3745 adsequi
1403 3656 1753 3746 possimus,
1796 3670 1872 3726 ut
1912 3661 2243 3726 hominum
2288 3661 2502 3726 studia
2550 3658 2817 3744 conple-

746 3763 996 3818 ctamur
1031 3773 1236 3837 eaque
1271 3764 1630 3830 teneamus,
1678 3754 1991 3832 dicemus,
2026 3775 2238 3838 neque
2272 3754 2364 3819 ita
2396 3754 2601 3818 multo
2636 3764 2810 3838 post,

743 3847 860 3912 sed
921 3867 1132 3932 pauca
1193 3858 1340 3914 ante
1403 3849 1677 3916 dicenda
1728 3859 1895 3914 sunt.
1998 3870 2305 3934 magnam
2357 3847 2489 3912 vim
2541 3868 2685 3912 esse
2738 3847 2811 3910 in

743 3939 1002 4005 fortuna
1051 3942 1121 4006 in
1171 3954 1510 4027 utramque
1561 3952 1842 4028 partem,
1896 3943 1997 4009 vel
2050 3942 2365 4008 secundas
2420 3941 2504 4005 ad
2555 3963 2658 4007 res
2704 3941 2810 4005 vel

745 4031 1073 4110 adversas,
1111 4036 1254 4117 quis
1289 4037 1580 4120 ignorat?
1667 4059 1817 4100 nam
1854 4047 1918 4101 et
1953 4057 2101 4101 cum
2134 4057 2440 4122 prospero
2474 4036 2634 4100 flatu
2668 4033 2810 4100 eius
