3292 4559
786 262 867 326 74
1390 272 1468 326 Μ.
1507 270 1782 328 TULLII
1816 269 2219 329 CICERONIS

779 398 959 462 euius
991 406 1253 482 propter
1286 395 1543 460 laevum
1576 397 1769 480 genu

1284 488 1607 574 Vergilias
1643 486 1823 552 tenui
1858 508 2005 551 cum
2039 484 2184 552 luce
2218 485 2483 552 videbis.

947 582 1094 649 inde
1128 583 1324 650 Fides
1359 581 1582 648 leviter
1616 581 1825 666 posita
1860 591 1924 646 et
1958 601 2244 646 convexa
2278 579 2548 645 videtur.

947 677 1096 742 inde
1133 686 1231 742 est
1262 676 1424 741 Ales
1460 675 1596 740 avis
1631 674 1762 739 lato
1798 674 1919 738 sub
1956 673 2233 759 tegmine
2269 673 2448 738 caeli.

779 782 971 862 capiti
1009 789 1224 844 autem
1258 777 1432 863 Equi
1475 776 1769 863 proxima
1812 787 1911 842 est
1943 776 2218 860 Aquarii
2261 776 2482 844 dextra
2526 785 2829 860 totusque

779 874 1074 958 deinceps
1109 873 1458 955 Aquarius.

947 978 1080 1031 tum
1116 965 1401 1052 gelidum
1435 964 1647 1030 valido
1683 964 1765 1029 de
1799 975 2056 1049 pectore
2089 963 2295 1049 frigus
2330 962 2637 1028 anhelans

951 1081 1212 1145 corpore
1246 1059 1543 1125 semifero
1576 1079 1814 1144 magno
1852 1055 2281 1144 Capricornus
2314 1056 2384 1121 in
2417 1057 2570 1122 orbe
2583 1102 2605 1132 ‚

951 1176 1140 1238 quem
1175 1175 1323 1218 cum
1354 1152 1951 1239 perpetuo·vestivit
1986 1151 2226 1217 lumine
2261 1151 2485 1228 Titan,

947 1246 1219 1312 'brumali
1255 1247 1517 1312 flectens
1554 1257 1933 1331 contorquet
1966 1254 2251 1330 tempore
2288 1267 2568 1311 currum.

675 1372 747 1410 ιω
775 1350 923 1414 hinc.
959 1359 1169 1416 autem
1203 1349 1526 1434 aspicitur,

947 1463 1018 1515 ut
1051 1473 1191 1517 sese
1227 1450 1568 1516 ostendens
1607 1449 1877 1535 emergit
1916 1448 2217 1534 Scorpios
2254 1451 2381 1516 alte

943 1544 1290 1630 posteriore
1326 1543 1581 1608 trahens
1616 1543 1880 1629 plexum
1915 1543 1981 1606 vi
2016 1543 2297 1654 corptae‘s
2333 1566 2583 1621 arcum,

943 1658 1135 1722 quem
1168 1647 1432 1723 propter
1463 1636 1673 1702 nitens
1706 1635 1919 1722 pinnis
1954 1638 2354 1702 convolvitur
2385 1638 2566 1702 Ales.

947 1742 1010 1796 at
1043 1743 1305 1818 propter
1338 1754 1408 1797 se
1443 1731 1687 1816 Aquila
1720 1730 1967 1797 ardenti
2003 1751 2148 1796 cum
2186 1753 2449 1817 corpore
2484 1742 2723 1817 portat.

775 1834 1002 1898 deinde
1034 1833 1397 1919 Delphinus
1407 1879 1427 1910 ‚

947 1936 1172 2003 exinde
1208 1933 1416 2001 Orion
1452 1934 1715 2021 obliquo
1751 1957 2012 2022 corpore
2047 1935 2285 2012 nitens,

675 2054 743 2090 ιη
775 2054 967 2114 quem
1001 2032 1400 2116 subsequens
1934 2033 1937 2035 Α

943 2134 1229 2198 fervidus
1262 2134 1372 2198 ille
1408 2128 1608 2199 Canis
1645 2132 1974 2198 stellarum
2007 2133 2151 2198 luce
2186 2133 2481 2219 refulget.

775 2250 912 2318 post
951 2234 1173 2320 Lepus
1210 2234 1619 2316 subsequitur

947 2328 1331 2392 curriculum
1365 2346 1718 2410 numquam
1755 2325 2006 2391 defesso
2043 2349 2306 2413 corpore
2342 2329 2592 2414 sedans.

947 2431 1010 2485 at
1031 2418 1227 2485 Canis
1256 2421 1339 2484 ad
1367 2420 1641 2485 caudam
1666 2441 1928 2504 serpens
1954 2420 2310 2505 prolabitur
2325 2423 2530 2510 Argo.
2549 2457 2638 2471 —-·

943 2514 1106 2578 hanc
1142 2512 1332 2579 Aries
1369 2513 1529 2599 tegit
1564 2525 1630 2580 et
1665 2534 2004 2596 squamoso
2040 2535 2305 2601 corpore
2338 2515 2583 2595 Pisces,

939 2606 1215 2672 fluminis
1250 2605 1501 2671 inlustri
1535 2617 1904 2693 tangentem
1938 2628 2203 2693 corpore
2236 2610 2430 2695 ripas.

771 2734 963 2794 quem
995 2710 1190 2797 longe
1225 2720 1583 2797 serpentem
1621 2719 1687 2774 et
1719 2720 2087 2776 manantem
2120 2711 2390 2797 aspicies

1078 2838 1086 2848 ·
1535 2837 1625 2850 —
1657 2825 2048 2889 proceraque
2082 2804 2317 2872 Vincla
2351 2806 2618 2885 videbis,
2666 2885 2672 2891 .

943 2921 1104 2983 quae
1134 2899 1408 2963 retinent
1431 2896 1640 2963 Piscis
1662 2897 2009 2963 caudarum
2028 2922 2069 2965 a
2092 2912 2276 2985 parte
2301 2901 2529 2966 locata.
2546 2937 2637 2950 —·

939 2992 1089 3057 inde
1121 2991 1346 3077 Nepae
1383 3014 1604 3058 cernes
1637 3002 1900 3078 propter
1933 2991 2239 3079 fulgentis
2276 3016 2545 3062 acumen

939 3086 1168 3164 Aram,
1203 3107 1399 3170 quam
1433 3085 1588 3151 flatu
1626 3086 1981 3172 permulcet
2015 3088 2275 3175 spiritus
2311 3091 2527 3156 austri.

767 3202 1148 3270 propterque
1185 3185 1548 3254 Centaurus

939 3282 1105 3346 cedit
1138 3281 1313 3367 Equi
1347 3283 1545 3368 partis
1579 3305 1928 3369 properans
1963 3285 2351 3371 subiungere
2388 3282 2629 3352 Chelis.

939 3376 1045 3441 hic
1071 3377 1361 3443 dextram
1387 3399 1687 3464 porgens,
1715 3378 2077 3464 quadrupes
2096 3400 2224 3463 qua
2249 3390 2432 3445 vasta
2462 3390 2737 3460 tenetur,

943 3471 1144 3537 tendit
1177 3480 1240 3536 et
1273 3471 1605 3538 inlustrem
1640 3472 2039 3537 truculentus
2076 3474 2242 3539 cedit
2276 3473 2361 3537 ad
2395 3474 2629 3554 Aram3

943 3565 1044 3632 hic
1079 3585 1218 3630 sese
1252 3564 1517 3631 infernis
1554 3588 1590 3631 e
1624 3565 1913 3651 partibus
1951 3565 2136 3652 erigit
2169 3567 2432 3653 Hydra,

771 3670 951 3734 cuius
984 3669 1176 3752 longe
1212 3689 1444 3754 corpus
1481 3679 1577 3733 est
1612 3668 1861 3746 fusum,

939 3770 1006 3834 in
1038 3770 1376 3857 medioque
1410 3771 1559 3837 sinu
1589 3770 1845 3860 fulgens
1882 3769 2152 3837 Cratera
2185 3773 2443 3839 relucet.

939 3872 1287 3930 extremam
1322 3865 1530 3932 nitens
1565 3867 1853 3952 plumato
1890 3888 2153 3952 corpore
2190 3865 2442 3933 Corvus

939 3967 1140 4024 rostro
1175 3959 1404 4036 tundit,
1441 3969 1506 4025 et
1541 3960 1646 4027 hic
1684 3958 1976 4026 Geminis
2012 3972 2108 4026 est
2141 3961 2247 4026 ille
2283 3962 2403 4025 sub
2437 3961 2591 4047 ipsis

939 4054 1114 4120 Ante
1151 4050 1416 4132 Canem,
1453 4053 1768 4142 Προκύων
1804 4051 2007 4123 Graio
2044 4055 2156 4140 qui
2190 4055 2444 4122 nomine
2479 4052 2702 4120 fertur.

2972 951 2977 1088 1
