3292 4559
926 269 1360 335 PARADOXA
1396 269 1845 330 STOICORUM
1879 266 1925 344 1,
1966 229 2164 329 1410.
2419 247 2543 323 '117

1146 417 1197 471 P
1215 418 1270 470 A
1286 416 1339 470 R
1357 417 1410 471 A
1428 417 1483 471 D
1505 416 1553 473 Ο
1573 418 1631 472 Χ
1650 416 1698 473 Ο
1720 418 1774 475 N
1824 419 1870 473 Ι.

676 533 813 606 “Orc
846 538 1047 622 μόνον
1083 537 1159 605 τὸ
1199 537 1396 606 καλὸν
1434 536 1716 626 ἀγαθόν.

607 661 859 727 Vereor
908 682 989 724 ne
1042 659 1147 724 cui
1199 670 1484 731 vestrum
1534 683 1617 726 ex
1673 659 2146 728 Socraticorum
2209 661 2540 727 hominum

468 753 1040 842 disputationibus,
1075 775 1206 819 non
1241 776 1324 819 ex
1359 776 1503 819 meo
1539 777 1734 822 sensu
1771 755 2150 842 deprompta
2175 755 2335 821 haec
2361 755 2541 822 vide-

474 862 623 915 atur
668 848 900 924 oratio,
884 872 899 887 ·
955 847 1165 912 dicam
1208 849 1382 931 quod
1426 848 1630 914 sentio
1677 859 1891 914 tamen
1939 860 2002 915 et
2039 850 2247 915 dicam
2281 849 2540 929 brevius

476 966 679 1029 quam
723 964 826 1006 res
869 951 1052 1006 tanta
1094 941 1222 1006 dici
1264 953 1494 1028 potest.
1583 965 1939 1027 numquam
1974 943 2234 1009 hercule
2270 965 2392 1029 ego
2426 964 2540 1007 ne-

479 1059 608 1122 que
655 1035 958 1145 pecunias
1005 1034 1275 1102 istorum
1310 1058 1521 1120 neque
1557 1047 1729 1102 tecta
1762 1037 2106 1123 magnifica
2140 1053 2351 1120 neque
2387 1057 2540 1121 opes

479 1152 691 1214 neque
734 1129 1004 1214 imperia
1050 1151 1258 1213 neque
1302 1153 1443 1208 eas,
1491 1130 1728 1215 quibus
1773 1131 2050 1197 maxime
2096 1130 2338 1200 astricti
2373 1141 2541 1204 sunt,

480 1225 845 1311 voluptates
913 1223 982 1288 in
1046 1223 1230 1289 bonis
1295 1225 1487 1292 rebus
1551 1236 1664 1291 aut
1725 1227 2098 1313 expetendis
2161 1247 2300 1290 esse
2364 1224 2540 1300 duxi,

483 1319 724 1404 quippe
772 1338 917 1382 cum
962 1317 1250 1383 viderem
1291 1319 1486 1385 rebus
1532 1320 1632 1385 his
1678 1319 2171 1387 circumfluentis
2217 1342 2294 1385 ea
2327 1329 2539 1384 tamen

478 1413 846 1480 desiderare
880 1412 1182 1489 maxime,
1217 1413 1454 1498 quibus
1490 1415 1921 1492 abundarent3
1957 1437 2167 1500 neque
2204 1413 2374 1480 enim
2401 1435 2544 1478 um-

482 1531 679 1592 quam
733 1507 1029 1592 expletur
1079 1528 1199 1573 nec
1243 1508 1515 1574 satiatur
1559 1508 1925 1595 cupiditatis
1970 1509 2138 1586 sitis,
2182 1529 2394 1592 neque
2440 1527 2544 1570 so·-

480 1605 620 1668 lum
654 1624 735 1666 ea
769 1601 881 1684 qui
916 1601 1157 1667 habent
1188 1602 1453 1667 libidine
1481 1603 1761 1690 augendi
1792 1603 2174 1679 cruciantur,
2211 1602 2325 1668 sed
2350 1601 2542 1666 etiam

481 1695 816 1761 amittendi
883 1706 1078 1761 metu.
1168 1694 1239 1759 in
1300 1718 1429 1780 quo
1494 1697 1792 1780 equidem
1857 1695 2541 1761 continentissimorum

484 1791 844 1865 hominum,
896 1790 1212 1856 maiorum
1264 1803 1627 1857 nostrorum
1640 1839 1660 1868 ,
1715 1813 1906 1877 saepe
1957 1790 2212 1875 requiro
2265 1789 2545 1876 pruden-

486 1886 667 1962 tiam,
696 1885 810 1969 qui
844 1885 1004 1950 haec
1039 1885 1339 1950 inbecilla
1373 1895 1437 1950 et
1472 1884 1930 1950 conmutabilia
1972 1883 2307 1970 [pecuniae
2343 1903 2545 1951 mem·-

487 1976 631 2065 bra]
688 1978 884 2044 verbo
945 1980 966 2014 ‘⁶
980 1979 1177 2044 bona’
1235 1990 1626 2064 putaverunt
1676 1979 2088 2064 appellanda,
2143 2000 2291 2044 cum
2344 1999 2415 2042 re
2467 1998 2544 2042 ac

484 2074 671 2138 factis
724 2073 917 2159 longe
969 2073 1149 2140 aliter
1200 2070 1675 2139 iudicavissent..
1773 2083 2063 2159 potestne
2114 2072 2358 2136 bonum
2410 2070 2544 2136 cui-

486 2191 681 2251 quam
722 2167 892 2232 malo
940 2189 1079 2233 esse
1125 2178 1238 2232 aut
1272 2176 1483 2253 potest
1516 2167 1861 2252 quisquam
1897 2167 1965 2232 in
1999 2165 2395 2231 abundantia
2427 2163 2544 2230 bo-

481 2285 714 2326 norum
748 2262 886 2348 ipse
922 2284 1063 2327 esse
1097 2285 1230 2327 non
1263 2262 1513 2328 bonus?
1558 2262 1738 2346 atqui
1770 2263 1896 2328 ista
1931 2261 2145 2327 omnia
2180 2261 2332 2327 talia
2366 2261 2544 2334 vide-

485 2379 658 2433 muS,
704 2367 778 2420 ut
812 2367 877 2421 et
909 2357 1165 2442 inprobi
1198 2357 1481 2422 habeant
1524 2368 1588 2424 et
1634 2357 1847 2423 absint
1891 2358 2132 2444 probis·
2219 2379 2418 2441 quam
2460 2356 2543 2421 ob

485 2475 623 2517 rem
663 2451 814 2517 licet
855 2452 1128 2517 inrideat
1164 2453 1221 2516 si
1255 2454 1366 2537 qui
1402 2453 1565 2532 volt,
1609 2455 1757 2539 plus
1794 2454 1970 2539 apud
2007 2476 2109 2518 me
2144 2463 2360 2518 tamen
2394 2474 2547 2517 vera

482 2546 647 2611 ratio
710 2546 949 2610 valebit
1000 2568 1196 2629 quam
1246 2548 1423 2634 volgi
1476 2548 1726 2635 opinio;
1796 2569 2006 2633 neque
2063 2570 2186 2633 ego
2239 2568 2546 2631 umquam

484 2641 657 2704 bona
701 2639 1051 2725 perdidisse
1097 2641 1338 2720 dicam,
1393 2641 1449 2706 si
1495 2643 1638 2727 quis
1688 2664 1886 2728 pecus
1934 2654 2046 2707 aut
2090 2640 2544 2727 supellectilem

484 2734 796 2811 amiserit,
831 2755 953 2799 nec
988 2756 1119 2799 non
1155 2758 1349 2822 saepe
1384 2736 1669 2801 laudabo
1705 2736 2061 2822 sapientem
2095 2736 2305 2810 illum,
2349 2734 2549 2797 Bian-

486 2841 646 2906 tem,
702 2840 776 2893 ut
827 2829 1083 2915 opinor,
1138 2831 1249 2914 qui
1306 2841 1681 2899 numeratur
1724 2830 1791 2893 in
1836 2841 2111 2915 septem:
2165 2828 2346 2893 cuius
2401 2847 2549 2890 cum

487 2926 760 3013 patriam
807 2924 1113 2990 Prienam
1167 2927 1440 3011 cepisset
1482 2925 1682 2990 hostis
1731 2925 2051 3007 ceterique
2095 2924 2186 2987 ita
2228 2921 2547 3006 fugerent,

488 3032 561 3084 ut
600 3020 800 3084 multa
837 3020 917 3084 de
954 3020 1085 3084 suis
1120 3020 1313 3085 rebus
1351 3029 1770 3105 asportarent,
1808 3040 1955 3083 cum
1991 3026 2158 3101 esset
2188 3015 2549 3081 admonitus

484 3139 529 3179 a
565 3114 846 3198 quodam
882 3124 955 3178 ut
988 3114 1161 3179 idem
1194 3113 1333 3200 ipse
1369 3115 1630 3191 faceret,
1669 3119 1824 3198 ‘ego
1860 3111 2042 3177 vero’
2080 3108 2286 3195 inquit
2322 3110 2549 3186 ‘faci03

486 3232 643 3274 nam
686 3207 903 3273 omnia
944 3230 1198 3274 mecum
1243 3220 1426 3294 porto
1462 3208 1659 3274 mea.’
1747 3208 1853 3272 ille
1897 3206 2059 3272 haec
2101 3205 2378 3271 ludibria
2421 3205 2552 3270 for-

488 3315 685 3368 tunae
720 3325 803 3367 ne
840 3325 957 3366 sua
992 3303 1254 3387 quidem
1283 3303 1554 3389 putavit,
1591 3324 1760 3387 quae
1788 3323 1905 3367 nos
1935 3301 2330 3386 appellamus
2362 3299 2552 3364 etiam

488 3399 683 3464 bona.
772 3397 929 3481 quid
965 3408 1062 3464 est
1094 3397 1312 3483 igitur,
1351 3408 1615 3481 quaeret
1652 3397 1903 3480 aliquis,
1941 3395 2223 3460 bonum?
2269 3394 2346 3469 si,
2380 3393 2556 3476 quod

488 3502 663 3557 recte
712 3491 788 3555 fit
849 3502 915 3555 et
964 3490 1231 3557 honeste
1277 3502 1341 3558 et
1389 3514 1539 3556 cum
1582 3491 1844 3566 virtute,
1886 3489 1968 3554 id
2010 3489 2175 3554 bene
2221 3487 2362 3552 fieri
2404 3508 2554 3552 vere

485 3585 756 3662 dicitur,
804 3585 978 3668 quod
1012 3595 1258 3650 rectum
1293 3596 1358 3651 et
1391 3584 1731 3651 honestum
1768 3596 1832 3650 et.
1868 3606 2016 3649 cum
2051 3583 2283 3648 virtute
2319 3592 2444 3657 est,
2489 3580 2557 3644 id

490 3679 700 3744 solum
739 3679 967 3765 opinor
999 3679 1262 3745 bonum.
1333 3680 1448 3745 sed
1481 3681 1643 3745 haec
1678 3678 1880 3744 videri
1913 3688 2182 3764 possunt
2216 3675 2553 3751 odiosiora,

492 3796 643 3839 cum
676 3774 912 3838 lentius
948 3774 1382 3859 disputantur:
1420 3775 1553 3840 vita
1588 3786 1780 3859 atque
1815 3774 2001 3840 factis
2036 3774 2373 3838 inlustrata
2409 3781 2557 3835 sunt

489 3889 895 3933 summorum
955 3867 1238 3934 virorum
1293 3867 1485 3955 [haec
1536 3890 1704 3952 quae
1758 3868 1968 3934 verbis
2023 3867 2319 3933 subtilius
2363 3887 2557 3949 quam

487 3964 648 4028 satis
686 3973 804 4040 est,
842 3962 1155 4047 disputari
1189 3960 1549 4049 videntur];
1604 3984 1845 4046 quaero
1881 3963 2052 4028 enim
2086 3986 2126 4027 a
2159 3960 2364 4037 vobis,
2401 3981 2558 4023 num

490 4058 694 4123 ullam
740 4057 1194 4144 cogitationem
1237 4056 1538 4124 habuisse
1574 4057 1917 4122 videantur
1950 4057 2027 4135 ii,
2075 4056 2187 4141 qui
2218 4056 2386 4121 hanc
2421 4077 2558 4120 rem
