3292 4559
730 244 857 311 164
1338 232 1418 312 Μ’.
1456 250 1732 312 ‘runnu
1766 248 2171 310 o1cER0N1s

620 396 691 453 55
855 377 1183 464 Equidem
1218 375 1310 444 sie
1345 375 1646 453 arbitror,
1683 373 1880 441 etiam
1914 373 1970 440 si
2003 374 2206 442 multa
2241 373 2466 444 fallant
2501 400 2641 459 eos,
2678 382 2797 468 qui

726 486 841 542 aut
885 485 1022 541 arte
1066 484 1180 541 aut
1223 473 1588 541 coniectura
1634 470 1922 537 divinare
1968 470 2336 549 videantur,
2391 496 2532 540 esse
2574 484 2794 543 tamen

728 568 1216 647 divinationem}
1266 567 1556 636 homines
1594 577 1841 646 autem,
1896 576 1968 633 ut
2001 565 2070 632 in
2105 567 2332 634 ceteris
2369 568 2652 647 artibus,
2699 571 2796 638 sic

728 666 792 730 iu
848 666 968 730 hac
1020 686 1208 750 posse
1259 662 1417 730 falli.
1504 671 1731 771 potest·
1761 660 2050 729 accidere
2091 671 2166 728 ut
2217 661 2479 748 aliquod
2533 663 2794 750 signum

728 762 924 822 dubie
988 762 1209 825 datum
1268 779 1389 845 pro
1442 767 1617 824 certo
1681 756 1766 821 sit
1825 765 2190 842 acceptum,
2251 767 2466 842 potest
2529 758 2795 843 aliquod

728 854 988 918 latui555
1028 862 1139 918 aut
1180 852 1392 938 ipsum
1426 862 1542 918 aut
1585 849 1763 934 quod
1809 859 1978 916 esset
2011 849 2103 918 illi
2139 850 2546 918 contrarium.
2634 852 2794 918 mihi

731 962 940 1010 autem
980 946 1060 1010 ud
1100 945 1247 1024 hoc,
1285 945 1367 1011 de
1400 967 1532 1030 quo
1570 945 1859 1030 disputo,
1892 943 2299 1028 probandum
2333 945 2490 1011 satis
2527 957 2625 1012 est
2658 967 2793 1012 non

728 1042 916 1106 modo
948 1042 1151 1126 plura,
1188 1040 1303 1106 sed
1330 1039 1524 1106 etiam
1558 1038 1864 1125 pauciora
1892 1037 2105 1105 divine
2131 1061 2477 1126 praesensa
2503 1050 2568 1105 et
2603 1062 2792 1127 prae-

623 1162 699 1198 155
728 1138 896 1198 [licta
932 1134 1211 1218 reperiri.
1300 1134 1459 1218 quin
1494 1133 1690 1200 etiam
1724 1131 1848 1199 hoc
1880 1153 2014 1198 non
2049 1132 2350 1200 dubitans
2386 1133 2686 1214 dixerim,
2733 1134 2794 1200 si

728 1254 924 1294 uuum
964 1228 1207 1314 aliquid
1240 1229 1332 1294 ita
1360 1229 1445 1295 sit
1476 1227 1878 1315 praedictum
1911 1248 2475 1314 praesensumque,
2511 1240 2602 1308 ut,
2639 1250 2791 1296 cum

732 1326 1040 1398 evssnerit,
1084 1324 1173 1390 ita
1207 1321 1425 1402 cadat,
1468 1332 1541 1387 ut
1574 1321 1976 1409 praedictum
2011 1321 2113 1399 sit,
2144 1343 2360 1408 neque
2395 1323 2464 1388 in
2499 1344 2576 1390 eo
2611 1322 2798 1408 quic·-

732 1442 924 1502 quum
964 1439 1117 1484 casu
1160 1427 1226 1483 et
1268 1415 1531 1481 fortuito
1573 1417 1821 1482 factum
1855 1438 1996 1482 esse
2042 1416 2380 1503 adpareat,
2433 1439 2573 1484 esse
2617 1427 2796 1484 certe

732 1514 1187 1578 divinationem
1221 1510 1416 1596 idque
1450 1532 1592 1578 esse
1628 1510 1926 1577 omnibus
1960 1510 2414 1577 confitendum.
2486 1510 2796 1597 quocirca

732 1606 1004 1694 primmn
1044 1605 1199 1674 mihi
1234 1605 1507 1685 videtur,
1542 1614 1616 1672 ut
1650 1604 2038 1672 Posidonius
2073 1604 2250 1684 facit,
2287 1629 2328 1673 a
2363 1605 2506 1683 dec,
2544 1605 2626 1693 de
2660 1627 2795 1692 quo

732 1705 884 1766 55ti5
924 1702 1161 1766 dimum
1196 1712 1323 1779 est,
1360 1701 1592 1768 deinde
1629 1724 1671 1766 a
1701 1699 1870 1777 fato,
1916 1700 2146 1768 deinde
2183 1723 2224 1766 a
2257 1711 2489 1769 natura
2521 1700 2618 1766 vis
2653 1723 2798 1769 om·

732 1798 828 1862 1155
868 1795 1193 1862 divinandi
1226 1796 1519 1882 ratioque
1552 1795 1922 1884 repetenda.
2001 1794 2141 1862 fieri
2173 1794 2372 1881 igitur
2405 1794 2621 1861 omnia
2653 1792 2797 1860 fato

732 1894 888 1954 ratio
928 1890 1100 1978 uegit
1132 1890 1372 1970 fateri35
1395 1890 1605 1958 fatum
1651 1899 1869 1955 autem
1901 1888 1972 1954 id
2006 1889 2290 1977 appello,
2340 1890 2516 1976 quod
2553 1887 2798 1956 Graeci

736 1990 1150 2074 εςῗμιῑερμείᾞν,
1202 1986 1272 2053 id
1322 1997 1422 2054 est
1466 1985 1758 2052 ordinem
1799 1985 2158 2069 seriemque
2211 2007 2585 2064 causarum,
2643 2007 2794 2051 cum

736 2106 960 2146 causa-5
1020 2102 1214 2148 eausa
1262 2102 1433 2147 nexa
1481 2103 1619 2148 rem
1668 2103 1750 2147 ex
1795 2102 1865 2145 se
1917 2078 2173 2166 gignat:
2228 2103 2308 2146 ea
2351 2090 2450 2146 est
2489 2102 2573 2146 ex
2617 2080 2798 2145 omni

734 2178 1103 2238 aeternitate
1138 2175 1345 2241 fluens
1382 2175 1617 2242 veritas
1655 2175 2062 2261 sempiterna.
2151 2174 2326 2259 quod
2361 2196 2512 2242 cum
2552 2173 2644 2239 ita
2689 2173 2796 2250 sit,

732 2270 887 2334 simil
944 2282 1040 2334 551:
1102 2267 1347 2334 factum
1398 2268 1573 2354 quod
1635 2289 1768 2333 non
1818 2267 2108 2334 futurum
2159 2268 2385 2346 fuerit,
2439 2267 2801 2352 eodemque

732 2366 924 2426 modo
960 2362 1117 2426 nihil
1152 2372 1249 2426 est
1282 2362 1601 2440 futurum,
1646 2362 1829 2428 cuiue
1863 2385 1995 2428 non
2034 2384 2262 2429 causas
2295 2362 2364 2428 id
2406 2362 2619 2448 ipsum
2653 2361 2805 2428 effi-

635 2482 708 2518 155
736 2458 960 2522 cicuti5
1004 2465 1234 2521 natura
1278 2455 1619 2522 contineat.
1709 2480 1790 2523 ex
1831 2478 1960 2542 quo
2001 2457 2423 2544 intellegitur,
2467 2467 2542 2523 ut
2586 2455 2798 2522 fatum

736 2554 820 2614 515
856 2574 976 2614 non
1019 2550 1103 2627 id,
1138 2550 1315 2635 quod
1349 2550 1809 2636 superstitiose,
1847 2551 1962 2617 sed
1995 2551 2092 2629 id,
2129 2550 2305 2637 quod
2336 2550 2602 2638 physice
2638 2549 2806 2616 dici·

736 2661 864 2722 tur,
924 2669 1117 2710 ῡειιιειιι
1151 2655 1411 2711 aeterna
1446 2665 1659 2710 rerum
1671 2692 1690 2723 ,
1742 2667 1859 2711 eur
1893 2657 1958 2712 et
2001 2668 2079 2712 ea
2121 2667 2287 2731 quae
2330 2642 2798 2731 praeterierunt

736 2742 904 2806 suctu
940 2742 1068 2806 5115.ss
1102 2750 1167 2806 et
1211 2760 1379 2825 quae
1413 2738 1652 2804 instant
1688 2740 1847 2805 fiant
1881 2751 1946 2808 et
1991 2761 2158 2825 quae
2192 2752 2542 2826 sequentur
2575 2738 2806 2806 fumra

736 2838 876 2898 5int.
968 2838 1056 2898 ita
1106 2834 1180 2898 fit
1233 2845 1308 2899 ut
1360 2843 1425 2902 et
1475 2833 1920 2900 observatione
1971 2833 2181 2902 notari
2231 2835 2436 2920 possit
2476 2855 2644 2919 quae
2689 2855 2807 2900 ree

740 2950 1060 3010 quamque
1104 2950 1365 2995 causam
1408 2927 1787 3014 plerumque
1835 2939 2293 3014 consequatur,
2340 2929 2532 2997 etiam
2567 2928 2622 2996 si
2662 2949 2802 2994 non

740 3046 988 3106 ffluiper
1040 3058 1129 3070 —-
1176 3045 1329 3089 nam
1379 3021 1449 3088 id
1509 3023 1770 3107 quidem
1822 3023 2161 3089 adfirmare
2218 3022 2479 3090 difficile
2531 3034 2631 3088 est
2677 3045 2809 3100 ——37

740 3118 1123 3198 555d5mque
1157 3136 1385 3183 causas
1418 3117 1557 3183 veri
1589 3117 1796 3194 simile
1832 3129 1931 3184 est
1974 3140 2189 3184 rerum
2224 3117 2588 3184 futurarum
2622 3117 2808 3182 cerni.

740 3214 820 3274 ab
866 3210 972 3286 135,
1028 3210 1138 3294 qui
1177 3221 1295 3277 aut
1335 3231 1452 3298 per
1496 3211 1780 3279 furorem
1825 3233 1935 3278 eas
1981 3221 2091 3277 aut
2141 3212 2209 3276 in
2254 3211 2470 3295 quiete
2514 3211 2809 3278 videant.

635 3298 706 3406 ἓξὲξ
736 3318 1064 3390 praeterea
1100 3327 1246 3372 cum
1288 3305 1423 3372 fato
1457 3306 1674 3372 omnia
1707 3305 1893 3385 fiant,
1937 3307 2006 3372 id
2041 3306 2215 3390 quod
2251 3306 2374 3370 alio
2406 3306 2551 3372 1000
2586 3315 2814 3370 osten-

663 3393 679 3406 *
740 3402 952 3478 detur,
1016 3402 1068 3465 εἰ
1120 3401 1264 3486 quis
1318 3401 1604 3466 mortalis
1657 3401 1861 3486 possit
1910 3423 2081 3478 esse,
2136 3400 2249 3485 qui
2298 3399 2808 3488 conligationem

740 3518 768 3558 ε]
776 3518 1004 3558 51155511
1012 3518 1076 3558 m
1110 3495 1397 3562 omnium
1438 3495 1782 3580 perspiciat
1829 3494 2063 3572 animo,
2111 3493 2270 3559 nihil
2315 3517 2465 3560 eum
2508 3493 2815 3580 profecto

740 3590 944 3662 fallam
1004 3588 1111 3674 qui
1163 3589 1335 3653 enim
1380 3591 1596 3655 teneat
1637 3611 1868 3654 causas
1912 3611 2126 3656 rerum
2179 3589 2572 3665 futurarum,
2623 3587 2812 3652 idem
2892 3595 2903 3603 '

740 3706 996 3746 11555555
1044 3692 1141 3746 est
1183 3681 1399 3747 omnia
1442 3693 1689 3760 teneat,
1742 3703 1909 3767 quae
1951 3682 2174 3750 futura
2217 3682 2373 3750 sintz
2427 3681 2604 3770 quod
2647 3702 2809 3747 cum

740 3802 924 3842 nemu
972 3778 1182 3844 faeere
1226 3775 1352 3842 nisi
1397 3773 1556 3843 deus
1598 3777 1832 3864 possit,
1885 3777 2376 3860 relinquendum
2412 3787 2509 3845 est
2553 3774 2812 3842 homini

744 3882 812 3934 ut
860 3870 1060 3954 5‘igni5
1111 3869 1501 3956 quibusdam
1544 3872 2000 3959 consequentia
2050 3871 2523 3939 declarantibus
2575 3870 2818 3936 futura

748 3966 1148 4046 praffientiat.
1236 3988 1369 4031 non
1401 3967 1573 4033 enim
1606 3966 1738 4044 illa,
1776 3988 1942 4051 quae
1977 3966 2196 4033 futura
2232 3977 2400 4043 sunt,
2437 3965 2649 4032 subito
2685 3987 2811 4030 ex-

752 4054 1004 4134 5i5tuut‚
1064 4059 1172 4124 5ed
1224 4071 1322 4126 est
1364 4060 1550 4146 quasi
1594 4061 1882 4128 rudentis
1931 4061 2301 4148 explicatio,
2349 4062 2440 4126 sic
2486 4056 2825 4145 traductio⁴
