3292 4559
967 289 1092 354 122
1576 298 1656 353 M.
1695 297 1969 354 TULLII
2002 294 2404 354 CICERONIS

1008 434 1216 490 raeeto
1253 444 1391 488 esse
1425 422 1735 508 oportuit,
1785 442 1917 486 non
1947 441 2143 505 quam
2175 420 2313 506 ipse
2347 420 2615 497 faceret,
2669 419 2784 485 sed
2828 442 3034 504 quam

963 450 1230 576 {aberet
1270 519 1580 593 paratam.
1669 507 1845 592 quod
1888 506 1944 571 si
1978 527 2106 570 non
2141 517 2239 571 est
2284 528 2324 570 a
2359 506 2481 570 deo
2515 505 2785 570 materia
2826 507 3034 585 faeta,

967 619 1044 662 ne
1081 607 1251 660 terra
1282 594 1543 678 quidem
1579 602 1641 659 et
1678 614 1848 677 aqua
1882 602 1946 657 et
1981 598 2090 656 aer
2124 602 2190 657 et
2221 590 2392 678 ignis
2428 615 2469 656 a
2503 591 2625 656 deo
2658 591 2868 657 faetus
2905 605 3032 658 est.

1093 681 1157 745 3.
1201 679 1530 745 Arnobius
1563 679 1695 756 111,
1724 680 1764 742 6
1784 699 1879 761 eq.
1937 679 2181 744 Adduci
2212 715 2280 729 --
2315 678 2426 742 hoc
2458 689 2527 742 ut
2561 680 2872 742 credamus
2898 702 3031 743 non

956 789 1305 854 possumus,
1341 767 1745 830 immortalem
1778 765 1957 828 illam
1990 766 2702 849 praestantissimamque
2735 775 3031 828 naturam

967 855 1227 917 divisam
1259 872 1382 915 esse
1405 873 1527 936 per
1559 873 1736 915 sexus
1773 861 1830 914 et
1864 871 1987 913 esse
2009 861 2258 934 partem
2291 873 2481 913 unam
2512 871 2739 924 mares,
2775 862 3030 934 partem

967 960 1089 1002 esse
1125 938 1382 1000 alteram
1411 936 1711 1020 seminas.
1799 956 1975 1020 quem
2010 937 2253 1021 quidem
2300 936 2494 999 locum
2526 934 2712 1020 plene
2747 937 2876 1000 iam
2910 939 3030 1000 du-

967 1026 1110 1088 dum
1145 1022 1414 1086 homines
1439 1024 1707 1107 pectoris
1740 1022 1865 1084 vivi
1902 1031 2028 1084 tam
2062 1021 2367 1085 Romanis
2405 1021 2618 1085 litteris
2654 1043 2768 1105 emp
2776 1022 3029 1086 licavere

967 1131 1150 1194 quam
1174 1104 1443 1181 Graecis,
1479 1118 1537 1171 et
1572 1119 1713 1170 ante
1749 1127 1954 1170 omnes
1991 1107 2251 1181 Tullius,
2286 1107 2561 1171 Romani
2594 1108 3027 1172 disertissimus

963 1195 1228 1278 generis,
1283 1192 1522 1256 nullam
1555 1194 1781 1256 veritus
1815 1193 2146 1276 impietatis
2179 1194 2505 1267 invidiam,
2551 1193 2834 1277 inqenue,
2884 1215 3027 1256 con-

967 1290 1203 1343 stanter
1237 1289 1294 1342 et
1331 1278 1530 1351 libere,
1571 1279 1725 1362 quid
1755 1299 1937 1362 super
1972 1277 2086 1340 tali
2120 1279 2470 1363 opinatione
2504 1279 2768 1353 sentiret,
2794 1279 3028 1362 pietate

967 1386 1102 1426 sum
1133 1364 1366 1427 maiore
1396 1364 1789 1426 monstravit.-
1824 1385 1864 1425 a
1899 1384 2017 1448 quo
2052 1364 2108 1426 si
2139 1384 2235 1426 res
2270 1384 2499 1427 sumere
2530 1365 2745 1427 iudicii
2776 1364 3028 1427 veritate

971 1450 1368 1533 conscriptas,
1421 1470 1546 1511 non
1578 1447 1897 1512 verborum
1934 1449 2288 1513 luculentias
2321 1450 2683 1534 perqeretis,
2726 1460 3027 1533 perorata

971 1545 1117 1598 esset
1151 1533 1296 1597 haec
1330 1555 1515 1597 causa
1548 1554 1657 1596 nec
1687 1535 2006 1608 secundas,
2052 1545 2122 1597 ut
2155 1535 2396 1609 dicitur,
2435 1536 2698 1598 actiones
2732 1534 2907 1597 nobis
2944 1535 3024 1598 ab

967 1618 1312 1704 infantibus
1335 1619 1698 1703 postularet.
1769 1621 1878 1683 sed
1910 1621 2063 1704 quid
2094 1622 2360 1705 aucupia
2392 1619 2709 1683 verborum
2742 1620 3025 1704 splendo-

971 1725 1211 1789 remque
1252 1707 1544 1768 sermonis
1578 1706 1716 1790 peti
1760 1705 1839 1768 ab
1885 1705 1997 1769 hoc
2039 1706 2268 1779 dicam,
2322 1728 2457 1769 cum
2499 1706 2690 1768 sciam
2733 1725 2855 1768 esse
2898 1728 3019 1769 non

963 1811 1214 1874 paucos,
1253 1791 1360 1874 qui
1393 1801 1741 1853 aversentur
1775 1801 1832 1854 et
1849 1790 2113 1876 suyiant
2149 1791 2338 1855 libros
2373 1792 2447 1854 de
2481 1790 2591 1854 hoc
2624 1792 2781 1863 eius,
2817 1812 2924 1854 nec
2954 1793 3021 1854 in

971 1896 1177 1938 aurem
1219 1875 1405 1938 velint
1446 1877 1762 1940 admittere
1810 1877 2117 1941 lectionem
2162 1878 2519 1961 opinionum
2552 1898 2805 1939 suarum
2843 1899 3023 1962 prae-

967 1973 1212 2046 sumpta
1236 1962 1582 2035 vincentem,
1603 1982 1856 2047 cumque
1884 1962 2040 2026 alios
2070 1964 2321 2024 audiam
2348 1963 2667 2025 mussitare
2691 1963 3024 2046 indiynan-

971 2058 1058 2110 ter
1089 2057 1145 2110 et
1179 2048 1371 2111 dicere
1397 2059 1673 2132 oportere
1706 2050 1896 2112 statui
1918 2068 2038 2133 per
2063 2058 2358 2121 senatum,
2396 2046 2756 2110 aboleantur
2787 2058 2856 2113 ut
2880 2046 3023 2111 haec

971 2133 1216 2217 scripta,
1255 2132 1474 2216 quibus
1515 2131 1869 2197 Christiana
1911 2133 2125 2218 religio
2162 2132 2581 2217 comprobetur
2615 2142 2671 2196 et
2712 2134 3023 2196 vetustatis

971 2219 1360 2302 opprimatur
1391 2214 1761 2281 auctoritas?

1102 2297 1194 2386 [4.
1237 2299 1488 2365 Nonius
1522 2323 1585 2386 p.
1621 2301 1707 2366 96
1741 2301 1949 2367 Mero.
2000 2302 2306 2377 Dulcitas,
2345 2303 2671 2366 dulcitudo·
2707 2340 2779 2354 --
2818 2301 3023 2367 Cicero

971 2390 1044 2451 de
1079 2389 1329 2450 deorum
1362 2397 1588 2450 natura
1624 2388 1728 2452 lib.
1767 2389 1895 2452 III
1894 2411 1918 2451 .·
1970 2386 2126 2470 quin
2168 2387 2361 2453 etiam
2402 2398 2726 2474 gustatuS,
2772 2387 2884 2471 qui
2927 2400 3023 2453 est

975 2492 1198 2536 sensus
1234 2492 1316 2535 ex
1351 2470 1645 2536 omnibus
1680 2473 1959 2538 maxime
1994 2472 2387 2558 voluptarius
2402 2519 2420 2549 ,
2477 2473 2712 2556 quique
2748 2472 3025 2538 dulcitu-

975 2555 1123 2622 dine
1157 2566 1407 2642 praeter
1441 2567 1685 2622 eeteros
1720 2578 1944 2623 sensus
1980 2555 2465 2644 commovetur]

1100 2641 1162 2707 5.
1206 2641 1371 2706 Maii
1405 2653 1557 2708 vett.
1592 2643 1967 2729 interpretes
2002 2643 2273 2729 Vergilii
2308 2666 2372 2728 p.
2391 2643 2477 2708 45
2514 2643 2613 2708 ed.
2649 2643 2918 2708 Mediol.
2954 2679 3026 2692 --

971 2731 1144 2878 aLpud
1191 2728 1533 2794 Ciceronem
1576 2732 1651 2793 de
1693 2742 1919 2794 natura
1961 2731 2210 2794 deorum
2243 2731 2291 2793 I
2295 2731 2363 2803 T,
2406 2730 2512 2792 ubi
2558 2728 2637 2795 de
2676 2725 3025 2794 Cleomene

984 2877 994 2878 ff
1036 2813 1486 2880 aeedaemonio
1524 2859 1540 2878 .
1562 2860 1580 2878 .
1601 2860 1619 2878 .

1101 2900 1162 2963 6.
1207 2898 1560 2962 Diomedes
1580 2899 1726 2964 Art.
1749 2898 2040 2965 Gramm.
2062 2899 2119 2976 Ι,
2140 2920 2202 2984 p.
2216 2899 2363 2977 313,
2380 2899 2461 2964 10
2480 2899 2579 2964 ed.
2599 2899 2776 2965 Keil.
2817 2898 3024 2964 Cicero

975 2987 1045 3048 de
1091 2987 1338 3049 deorum
1384 2996 1608 3048 natura
1656 2989 1858 3050 tertio.-
1912 2985 2200 3049 homines
2238 2985 2533 3049 omnibus
2584 2984 2801 3050 bestiis
2846 2995 3027 3051 ante·
3073 3003 3077 3007 ’

975 3069 1226 3134 cedunt.

1591 3152 1703 3209 EX
1735 3150 1993 3207 LIBRIS
2027 3151 2109 3208 IN
2114 3150 2405 3207 CERTIS.

1103 3239 1161 3306 7.
1211 3238 1472 3307 Servius
1509 3242 1593 3306 ad
1625 3241 1874 3326 Vergil.
1904 3241 2073 3305 Aen.
2102 3241 2230 3317 111,
2260 3240 2408 3306 284.
2471 3241 2709 3305 Tunius
2745 3245 2811 3306 in
2848 3242 3028 3306 zum
3134 3318 3138 3321 γ

971 3331 1042 3393 de
1076 3339 1304 3392 natura
1339 3330 1583 3392 deorum
1626 3327 1749 3391 tria
1783 3327 1959 3391 milia
2004 3348 2316 3390 annorum
2352 3329 2510 3391 dimit
2554 3348 2863 3412 magnum
2910 3328 3032 3390 an-‘

967 3435 1124 3479 :num
1159 3423 1394 3478 tenere.

1097 3500 1159 3564 8.
1207 3497 1471 3565 Servius
1517 3498 1601 3563 ad
1635 3497 1881 3583 Vergil.
1917 3497 2086 3562 Aen.
2122 3495 2251 3573 ΙΠ,
2289 3496 2435 3561 600.
2524 3496 2727 3562 Cicero
2775 3497 3030 3582 spirita-

971 3585 1096 3651 bile
1132 3588 1288 3650 dixit
1320 3588 1388 3648 in
1427 3585 1600 3648 libris
1636 3585 1710 3646 de
1745 3586 1991 3648 deorum
2025 3594 2268 3646 natura.

1099 3669 1191 3757 [9.
1239 3668 1501 3736 Servius
1538 3667 1622 3732 ad
1646 3667 1895 3753 Vergil.
1922 3668 2092 3732 Aen.
2110 3667 2232 3743 VI,
2254 3666 2402 3732 894.
2453 3667 2579 3732 Per
2603 3679 2857 3752 portam
2893 3690 3033 3730 cor-

968 3781 1146 3822 neam
1190 3755 1359 3820 oculi
1403 3755 1854 3840 siqnificantur,
1911 3755 2019 3837 qui
2068 3765 2124 3818 et
2167 3752 2382 3818 cornei
2424 3763 2574 3817 sunt
2621 3762 2687 3817 et
2738 3751 3033 3816 duriores

971 3840 1194 3907 eeteris
1245 3838 1578 3916 membris;
1629 3861 1782 3902 nam
1832 3836 2037 3922 frigus
2090 3861 2219 3902 non
2271 3839 2582 3916 sentiunt,
2635 3840 2789 3902 sicut
2840 3839 3030 3903 etiam

979 3927 1180 3991 Oicero
1217 3928 1375 3990 dia-it
1405 3926 1474 3989 in
1511 3925 1685 3988 libris
1721 3926 1794 3988 de
1828 3935 2053 3986 natura
2088 3921 2389 4010 deorum]
