3292 4559
764 262 850 327 10
1372 270 1451 324 M.
1488 268 1762 326 TULLII
1797 268 2197 328 CICERONIS

759 396 1172 467 conversione
1209 395 1381 463 effici
1411 418 1543 463 non
1574 394 1888 483 potuisse:
1933 397 2051 462 sed
2092 396 2216 462 fuit
2250 396 2568 481 quaedam
2603 398 2686 465 ab
2721 400 2846 467 in-
2911 467 2913 469 ,

758 494 938 560 finito
974 504 1257 578 tempore
1293 492 1656 567 aeternitas,
1690 513 1887 575 quam
1910 491 2088 556 nulla
2123 492 2620 577 circumscriptio
2655 504 2844 561 tem-

758 608 991 675 porum
1022 586 1433 664 metiebatur3
1468 586 1680 671 spatio
1702 596 1916 651 tamen
1943 586 2151 670 qualis
2178 608 2258 652 ea
2289 588 2500 664 fuerit,
2535 587 2842 673 intellegi

760 706 885 749 non
930 693 1169 769 potest,
1222 679 1398 764 quod
1440 704 1522 745 ne
1564 680 1635 745 in
1688 679 2145 765 cogitationem
2187 680 2449 765 quidem
2491 682 2688 757 cadit,
2745 692 2840 746 ut

680 794 735 834 22
759 778 955 845 fuerit
996 788 1249 864 tempus
1292 776 1578 861 aliquod,
1630 776 1880 842 nullum
1924 797 2072 841 cum
2124 786 2378 862 tempus
2421 788 2605 845 esset.
2691 776 2836 841 isto

758 874 957 960 igitur
991 884 1123 937 tam
1164 872 1453 937 inmenso
1492 870 1728 956 spatio,
1772 890 2040 953 quaem,
2085 870 2325 949 Balbe,
2369 892 2486 937 cur
2528 869 2836 955 πρόνοια

760 979 975 1035 vestra
1008 968 1368 1033 cessaverit.
1438 967 1808 1031 laboremne
1843 964 2175 1051 fugiebat?
2215 978 2285 1031 at
2315 965 2438 1031 iste
2471 988 2592 1032 nec
2626 964 2838 1030 attin-

758 1062 856 1149 git
908 1061 1101 1127 deum
1152 1083 1272 1127 nec
1324 1070 1461 1125 erat
1513 1060 1712 1135 ullus,
1767 1080 1915 1145 cum
1967 1081 2188 1124 omnes
2247 1070 2516 1126 naturae
2567 1058 2833 1124 numini

760 1156 978 1240 divino
989 1202 1010 1234 ,
1046 1156 1315 1231 caelum,
1350 1156 1561 1241 ignee,
1596 1165 1803 1238 terrae
1816 1200 1836 1231 ,
1870 1154 2074 1219 maria
2105 1166 2422 1240 parerent.
2477 1197 2480 1199 v
2507 1153 2664 1237 quid
2699 1177 2838 1218 au-

758 1262 889 1317 tem
942 1260 1081 1317 erat
1136 1250 1313 1333 quod
1372 1247 1852 1333 concupisceret
1903 1248 2060 1311 deus
2123 1247 2434 1313 mundum
2497 1246 2696 1335 signis
2753 1258 2832 1313 et

757 1344 1106 1413 luminibus
1141 1354 1467 1427 tamquam
1504 1340 1728 1406 aedilis
1761 1341 2029 1406 ornare?
2069 1339 2158 1418 si,
2201 1351 2276 1405 ut
2309 1340 2470 1407 deus
2502 1340 2642 1427 ipse
2678 1362 2831 1407 me—

757 1427 882 1505 lius
918 1439 1253 1518 habitaret,
1288 1446 1478 1501 antea
1503 1434 1800 1500 videlicet
1834 1445 2122 1520 tempore
2154 1434 2401 1500 infinito
2427 1436 2496 1501 in
2529 1434 2826 1501 tenebris

758 1548 1087 1621 tamquam
1120 1534 1189 1597 in
1232 1531 1569 1617 gurgustio
1614 1529 2014 1597 habitaverat
2025 1554 2045 1607 ;
2097 1540 2246 1615 post
2287 1542 2504 1598 autem
2538 1532 2826 1597 varieta-

759 1643 905 1697 tene
941 1652 1088 1695 eum
1124 1625 1423 1691 delectari
1464 1636 1800 1710 putamus,
1843 1644 1974 1709 qua
2009 1626 2259 1691 caelum
2292 1637 2357 1692 et
2391 1637 2592 1693 terras
2627 1648 2825 1692 exor-

754 1735 937 1789 natas
990 1720 1319 1785 videmus?
1379 1742 1545 1803 quae
1596 1719 1722 1785 ista
1781 1730 1992 1806 potest
2060 1743 2202 1787 esse
2255 1721 2594 1803 oblectatio
2649 1720 2774 1787 deo
2789 1722 2824 1785 P

677 1830 727 1869 23
754 1838 918 1901 quae
953 1814 1007 1879 si
1042 1824 1229 1890 esset,
1264 1835 1395 1878 non
1430 1836 1508 1879 ea
1542 1824 1674 1879 tam
1712 1814 1822 1878 diu
1858 1836 2075 1880 carere
2111 1814 2439 1901 potuisset.
2511 1837 2596 1881 an
2629 1815 2824 1891 haec,

752 1923 825 1975 ut
867 1908 1003 1974 fere
1047 1908 1252 1973 dicitis
1265 1954 1283 1985 ,
1335 1908 1666 1973 hominum
1720 1930 1914 1973 causa
1971 1931 2011 1972 a
2055 1908 2174 1973 deo
2228 1908 2570 1974 constituta
2621 1910 2818 1973 sunt?

754 2002 1255 2091 sapientiumne?
1287 2013 1547 2088 propter
1572 2024 1813 2088 paucos
1839 2002 2036 2088 igitur
2061 2012 2240 2068 tanta
2269 2014 2364 2068 est
2387 2026 2602 2068 rerum
2635 2004 2820 2069 facta

752 2098 1014 2163 molitio,
1104 2121 1187 2161 an
1232 2097 1612 2162 stultorum?
1665 2108 1730 2161 at
1766 2096 2047 2181 primum
2084 2108 2286 2161 causa
2327 2119 2456 2161 non
2490 2096 2642 2177 fuit,
2695 2118 2818 2163 cur

754 2194 833 2258 de
876 2191 1159 2277 inprobis
1204 2192 1367 2256 bene
1411 2202 1762 2256 mereretur
1768 2214 1786 2267 3
1835 2191 2064 2256 deinde
2099 2190 2257 2273 quid
2303 2200 2398 2257 est
2443 2191 2812 2270 adsecutus,

753 2310 901 2353 cum
954 2308 1172 2351 omnes
1224 2284 1401 2349 stulti
1462 2284 1589 2349 sint
1651 2284 1786 2349 sine
1843 2284 2038 2348 dubio
2095 2284 2460 2361 miserrimi,
2524 2286 2808 2353 maxime

751 2382 925 2467 quod
958 2379 1137 2445 stulti
1174 2378 1756 2455 sunt,—-m.iserius
1785 2377 1955 2444 enim
1989 2376 2258 2445 stultitia
2283 2380 2438 2463 quid
2463 2401 2810 2465 possumus

752 2476 999 2541 dicere?
1050 2510 1137 2521 --
1201 2472 1429 2538 deinde
1484 2472 1661 2555 quod
1701 2472 1793 2537 ita
1835 2472 2039 2539 multa
2081 2484 2232 2539 sunt
2273 2474 2680 2541 incommoda
2735 2474 2808 2541 in

752 2571 904 2648 vita,
939 2582 1012 2634 ut
1047 2592 1124 2635 ea
1159 2568 1476 2653 sapientes
1514 2567 1994 2632 commodorum
2020 2569 2514 2655 conpensatione
2547 2570 2810 2651 leniant,

752 2664 931 2731 stulti
973 2686 1093 2730 nec
1134 2663 1338 2728 vitare
1384 2661 1706 2727 venientia
1745 2662 1992 2747 possint
2043 2684 2166 2728 nec
2209 2662 2378 2729 ferre
2423 2666 2808 2751 praesentia.

647 2764 717 2819 10
753 2759 864 2844 qui
908 2780 1059 2826 vero
1104 2755 1417 2822 mundum
1457 2756 1674 2841 ipsum
1716 2756 2106 2821 animantem
2150 2757 2630 2843 sapientemque
2664 2781 2809 2825 esse

754 2853 1070 2927 dixerunt,
1107 2850 1283 2915 nullo
1318 2849 1511 2914 modo
1538 2850 1856 2928 viderunt,
1893 2850 2090 2915 animi
2117 2863 2348 2917 natura
2381 2852 2808 2939 intellegentis

750 2947 817 3011 in
854 2968 1049 3027 quam
1092 2945 1368 3029 figuram
1412 2944 1639 3011 cadere
1675 2956 1922 3030 possetz
1970 2944 2050 3010 de
2085 2964 2213 3028 quo
2251 2945 2462 3011 dicam
2506 2946 2810 3031 equidem
2974 2995 2980 3040 1

656 3051 708 3089 24
748 3040 942 3125 paulo
980 3047 1125 3123 post
1135 3061 1154 3115 ;
1190 3058 1364 3101 nunc
1400 3048 1616 3103 autem
1653 3038 1994 3105 hactenus:
2033 3038 2398 3104 admirabor
2423 3062 2646 3105 eorum
2679 3051 2808 3107 tar·-

750 3131 1013 3196 ditatem
1026 3179 1045 3208 ,
1099 3130 1210 3215 qui
1252 3131 1645 3209 animantem
1687 3132 2091 3199 inmortalem
2125 3144 2190 3199 et
2223 3133 2499 3199 eundem
2543 3134 2806 3202 beatum

746 3225 1096 3291 rotundum
1143 3248 1282 3290 esse
1327 3226 1557 3304 velint,
1612 3227 1790 3310 quod
1833 3250 1911 3293 ea
1953 3228 2160 3293 forma
2193 3239 2389 3314 neget
2431 3229 2629 3295 ullam
2664 3254 2803 3297 esse

748 3319 1174 3406 pulchriorem
1206 3318 1417 3385 Plato.
1488 3331 1555 3386 at
1598 3320 1756 3385 mihi
1790 3322 1894 3387 vel
1927 3322 2200 3408 cylindri
2233 3324 2338 3388 vel
2373 3323 2668 3407 quadrati
2701 3326 2804 3391 vel

750 3414 894 3480 coni
944 3415 1049 3479 vel
1098 3414 1447 3499 pyramidis
1500 3414 1754 3481 videtur
1803 3439 1946 3482 esse
1995 3416 2350 3482 formosior.
2438 3438 2606 3501 quae
2651 3438 2802 3485 vero

748 3508 883 3577 vita
934 3508 1231 3573 tribuitur
1280 3508 1390 3573 isti
1432 3510 1708 3575 rotundo
1755 3511 1914 3577 deo?
1971 3532 2204 3597 nempe
2247 3522 2320 3576 ut
2363 3534 2440 3577 ea
2485 3512 2800 3579 celeritate

750 3614 1271 3686 contorqueatur,
1326 3602 1431 3667 cui
1472 3626 1609 3688 par>
1632 3604 1814 3669 nulla
1845 3627 1927 3671 ne
1965 3604 2232 3691 cogitari
2268 3604 2528 3689 quidem
2572 3608 2798 3693 possit,

746 3697 814 3763 in
859 3720 987 3782 qua
1030 3718 1160 3761 non
1201 3696 1387 3761 video
1439 3696 1705 3762 ubinam
1750 3718 1930 3763 mens
1975 3709 2272 3764 constans
2318 3710 2384 3765 et
2433 3700 2568 3765 vita
2612 3700 2798 3767 beata

747 3791 946 3875 possit
986 3790 1295 3857 insistere.
1383 3790 1684 3875 quodque
1727 3792 1796 3856 in
1839 3803 2058 3862 nostro
2094 3815 2388 3879 corpore,
2442 3795 2498 3859 si
2539 3794 2796 3861 minima

746 3905 829 3948 ex
862 3894 1042 3969 parte
1076 3886 1169 3950 sic
1200 3884 1525 3963 incitetur,
1579 3885 1920 3951 molestum
1963 3886 2074 3963 sit,
2130 3910 2244 3953 cur
2286 3888 2410 3953 hoc
2453 3887 2624 3957 idem
2669 3911 2794 3954 non

745 3976 1057 4041 habeatur
1090 3978 1427 4044 molestum
1460 3978 1531 4043 in
1559 3977 1720 4044 deo?
1753 3990 1919 4047 terra
1945 3982 2115 4046 enim
2150 3983 2458 4067 profectO,
2496 3982 2792 4068 quoniam

746 4070 971 4137 mundi
1002 4076 1152 4157 pars
1188 4085 1316 4152 est,
1358 4096 1509 4160 pars
1544 4084 1639 4141 est
1682 4074 1875 4141 etiam
1910 4075 2034 4142 dei.
2091 4076 2299 4161 -atqui
2331 4086 2537 4145 terrae
2571 4079 2790 4147 maxu-
