3292 4559
726 212 859 283 234
1342 223 1421 278 M.
1456 220 1729 280 TULLII
1764 218 2168 277 CICERONIS

722 373 931 417 renem
973 348 1373 436 reprehendat
1416 349 1599 433 quasi
1640 346 1972 421 Enniana,
2021 346 2187 431 quod
2225 346 2316 409 ita
2357 346 2674 431 &etipsa-it
2715 346 2788 411 in

726 447 899 513 libris
950 447 1024 509 de
1074 465 1142 508 re
1181 443 1471 531 publiea.-
1522 451 1596 507 ut
1636 440 1942 506 Menelao
1983 438 2233 505 Laconi
2283 440 2603 523 quaedam
2657 438 2792 506 fuit

725 538 1174 623 suaviloquens
1206 536 1593 613 iucunditas,
1630 547 1687 600 et
1723 536 1892 621 quod
1921 535 2046 599 alio
2077 536 2148 598 in
2183 534 2310 598 loco
2347 536 2603 599 dixerit.-
2633 533 2794 601 bre·

722 631 1178 717 viloquentiam
1240 632 1308 695 in
1361 629 1631 695 dicendo
1688 630 1875 695 eolat.
1961 628 2080 712 (A.
2131 624 2386 694 Gellius
2437 641 2596 694 noct.
2641 632 2788 694 Ate.

852 822 1099 888 Horum
1152 821 1553 887 obstinatione
1604 820 1938 885 libertatem
1991 820 2320 894 temeritas,
2375 821 2790 885 oomtantiam

725 918 987 981 audacia
1033 938 1359 1003 praeceps,
1422 915 1824 1000 eloquentiam
1881 915 2090 995 imnis
2153 916 2454 999 quaedam
2503 915 2788 979 imitatur

709 1010 977 1097 fluentia
1013 1010 1315 1096 loquendi,
1354 1030 1615 1095 quarum
1652 1010 1878 1072 artium
1909 1009 2244 1082 scaevitate,
2279 1020 2350 1073 ut
2391 1008 2648 1073 Tullius
2669 1012 2792 1074 ad-

726 1114 982 1179 severat,
1028 1104 1204 1189 ‘nefas
1248 1114 1335 1169 est
1376 1104 1730 1187 reliqt'onem
1773 1102 1968 1187 decipi
2007 1104 2364 1166 iudicantis.
2451 1104 2546 1167 ait
2589 1105 2790 1167 enim.-

726 1195 1031 1293 Cumque
1080 1196 1238 1261 nihil
1289 1207 1423 1261 tam
1472 1196 1916 1281 incorruptum
1963 1211 2104 1261 ‘esse
2156 1196 2450 1261 debeat
2429 1220 2502 1261 m
2545 1220 2618 1263 re
2661 1222 2790 1285 pu·-

724 1293 894 1358 bliea
944 1314 1140 1401 quam
1192 1290 1605 1377 suffragium,
1659 1312 1855 1374 quam
1907 1290 2248 1367 sententia,
2299 1313 2430 1356 non
2473 1292 2786 1380 intellego

725 1407 841 1451 eur
872 1386 987 1469 qui
1020 1408 1099 1451 ea
1130 1384 1406 1470 pecunia
1440 1384 1792 1469 eorruperit
1823 1406 2032 1469 poena
2066 1383 2300 1470 dignus
2333 1386 2447 1463 sit,
2491 1386 2610 1470 qui
2653 1388 2788 1453 elo-

724 1480 985 1563 quentia
1027 1478 1287 1545 laudem
1330 1478 1523 1543 etiam
1556 1477 1752 1545 ferat·
1735 1526 1752 1541 .
1805 1478 1962 1543 mihi
1995 1478 2256 1563 quidem
2291 1479 2415 1544 hoe
2447 1482 2598 1566 plus
2633 1484 2792 1547 mali

722 1574 936 1639 faeere
996 1571 1253 1638 videtur
1312 1572 1426 1656 qui
1487 1572 1770 1637 oratione
1838 1593 2032 1656 quam
2085 1572 2196 1657 qui
2248 1574 2452 1659 pretio
2505 1574 2789 1642 iudicem

722 1666 1103 1753 corrumpit,
1156 1666 1334 1751 quod
1383 1665 1660 1753 pecunia
1709 1688 2114 1752 eorrumpere
2164 1668 2548 1752 prudente-m
2591 1692 2786 1735 nemo

721 1773 950 1847 potest,
987 1761 1257 1827 dicendo
1284 1772 1514 1847 potest.
1578 1758 1994 1845 (Ammianus
2018 1760 2436 1894 Marcellinus
2463 1764 2507 1829 l.
2537 1764 2790 1842 XXX,

723 1879 778 1922 e.
814 1856 878 1935 4,
916 1859 967 1940 ς.
1006 1856 1142 1942 10.)

849 1952 942 2015 Μ.
1008 1953 1247 2016 Tulliae
1298 1954 1371 2017 de
1420 1972 1487 2015 re
1527 1951 1706 2036 publ.
1763 1951 1868 2015 lib.
1937 1950 2020 2015 V.·
2091 1949 2280 2034 Quae
2341 1974 2490 2017 eum
2559 1953 2786 2040 Scipio

722 2044 1013 2123 dixisset,
1066 2045 1414 2111 admodum
1456 2045 1736 2131 probans
1769 2044 2157 2123 Mummius,
2213 2058 2352 2111 erat
2403 2047 2577 2113 enim
2633 2050 2786 2115 odio

718 2142 754 2219 †
780 2160 1054 2223 quorum
1078 2138 1407 2205 rhetorum
1430 2138 1770 2204 inbutus..
1794 2137 2147 2223 .(Nonius
2163 2162 2226 2205 v.
2244 2143 2493 2207 inbuere
2511 2166 2578 2228 p.
2597 2142 2786 2230 521.)

856 2233 1062 2299 Cicero
1106 2236 1181 2297 de
1213 2255 1279 2297 re
1318 2234 1569 2318 publiea
1606 2234 1762 2299 libro
1794 2186 1893 2298 ‘Vt
1943 2245 2082 2298 tum
2127 2234 2195 2299 in
2241 2236 2553 2320 optimam
2600 2260 2786 2324 sege-

718 2338 847 2392 tem
882 2326 1211 2411 praeclara
1245 2336 1457 2391 essent
1490 2348 1715 2411 sparsa
1749 2326 2014 2394 semina.
2077 2325 2601 2411 (Commentator
2629 2354 2784 2397 ano-

715 2440 951 2503 nymus
987 2419 1070 2481 ad
1095 2419 1296 2504 Verg.
1332 2418 1551 2504 Geory.
1590 2422 1643 2484 I
1665 2424 1800 2487 init.
1840 2425 2013 2508 apud
2043 2424 2335 2490 Bandini
2375 2425 2578 2491 Catal.
2607 2430 2780 2493 codd.

720 2514 825 2579 lat.
864 2510 1011 2575 bibl.
1048 2511 1246 2575 Laur.
1282 2512 1375 2589 H,
1412 2512 1595 2598 348.)
