3292 4559
1168 294 1174 302 ·
1248 272 1732 330 TIMAEUse-
1744 274 1803 329 6.-
1902 330 1909 339 ,
2428 258 2560 325 135

489 413 655 477 tuor,
691 398 915 465 mundi
950 406 1048 462 est
1083 417 1316 483 corpus
1353 396 1688 474 effectum,
1734 418 1811 463 ea
1846 395 2257 461 constrictum
2294 416 2555 483 compa-

491 494 765 569 ratione,
811 514 942 576 qua
977 490 1136 577 dixi·
1187 512 1268 555 ex
1304 511 1434 575 quo
1467 490 1606 576 ipse
1641 513 1712 555 se
1748 490 2047 556 concordi
2082 489 2362 572 quadam
2396 492 2559 557 ami-

493 588 642 653 citia
688 598 753 653 et
796 585 1056 651 caritate
1102 585 1523 671 conplectitur
1556 597 1761 695 ’atque
1804 585 1895 649 ita
1930 594 2079 670 apte
2114 584 2439 663 cohaeret,
2482 598 2556 651 ut

493 681 754 747 dissolvi
786 681 962 746 nullo
999 680 1190 744 modo
1227 689 1421 766 queat
1453 679 1578 744 nisi
1614 681 1697 745 ab
1734 680 1993 757 eodem,
2030 703 2069 744 a
2104 700 2235 763 quo
2272 692 2364 745 est
2402 702 2559 747 con-

490 777 747 863 ligatus.
835 797 1054 841 earum
1091 785 1307 839 autem
1341 785 1645 857 quattuor
1679 796 1923 851 rerum,
1969 795 2132 857 quas
2168 796 2365 859 supr-a
2400 774 2556 851 dixi,

492 871 586 936 sic
637 870 706 937 in
759 870 934 934 omni
985 869 1227 933 mundo
1282 878 1498 953 partes
1550 890 1771 932 omnes
1827 867 2195 933 conlocatae
2249 879 2429 945 sunt,
2483 879 2559 934 ut

491 964 672 1030 nulla
720 985 870 1049 pars
915 961 1182 1027 huiusce
1227 961 1480 1047 generis
1526 962 1865 1026 excederet
1910 972 2093 1026 extra
2136 972 2329 1044 atque
2374 971 2446 1025 ut
2489 962 2559 1026 in

494 1057 619 1123 hoc
669 1057 969 1122 universo
1021 1056 1304 1120 inessent
1355 1076 1597 1140 genera
1646 1054 1757 1118 illa
1802 1054 2118 1120 universa.
2208 1054 2276 1118 id
2319 1056 2402 1120 ob
2448 1077 2556 1120 eas

497 1174 754 1229 causas,
798 1149 1076 1237 primum
1118 1162 1193 1213 ut
1237 1149 1518 1215 mundus
1564 1149 1854 1215 animans
1890 1160 2108 1236 posset
2143 1172 2225 1215 ex
2257 1149 2555 1235 perfectis

495 1246 783 1333 partibus
812 1268 952 1312 esse
981 1244 1326 1331 perfectus,
1364 1242 1596 1309 deinde
1622 1254 1697 1309 ut
1722 1266 1889 1309 unus
1922 1255 2114 1323 esset,
2148 1245 2327 1309 nulla
2353 1255 2555 1333 parte,

495 1340 668 1407 unde
713 1340 872 1405 alter
915 1339 1314 1426 gigneretur,
1360 1338 1608 1416 relicta,
1654 1349 1976 1425 postremo
2018 1362 2101 1405 ne
2148 1339 2261 1424 qui
2294 1339 2557 1404 morbus

498 1456 646 1501 eum
699 1443 920 1519 posset
972 1444 1085 1497 aut
1137 1443 1432 1499 senectus
1477 1432 1811 1518 attingere.
1901 1434 2106 1499 omnis
2150 1434 2321 1499 enim
2365 1454 2559 1519 coag-

496 1527 804 1595 mentatio
837 1527 1120 1614 corporis
1155 1528 1223 1591 vi
1258 1528 1486 1593 caloris
1522 1529 1626 1593 vel
1662 1527 1917 1614 frigoris
1952 1529 2056 1593 vel
2101 1527 2314 1611 aliqua
2346 1528 2559 1613 inpul-

497 1622 675 1687 sione
735 1620 1099 1687 vehementi
1154 1620 1580 1687 labefactatur
1634 1635 1699 1687 et
1751 1621 2073 1731 frangitur
2126 1633 2191 1687 et
2252 1622 2336 1686 ad
2387 1643 2559 1685 mor-
2604 1667 2608 1671 -

497 1718 615 1782 bos
661 1726 1184 1799 senectutemque
1240 1716 1637 1803 conpellitur.
1728 1716 1895 1780 hanc
1946 1715 2145 1801 igitur
2188 1715 2411 1780 habuit
2456 1738 2559 1779 ra-

497 1811 738 1875 tionem
791 1808 1058 1875 effector
1109 1810 1335 1873 mundi
1381 1821 1444 1875 et
1485 1810 1740 1875 molitor
1794 1810 1981 1887 deus,
2026 1820 2101 1873 ut
2150 1832 2353 1874 unum
2396 1818 2559 1895 opus

496 1914 703 1969 totum
752 1914 947 1985 atque
1001 1901 1357 1988 perfectum
1403 1925 1484 1968 ex
1528 1903 1827 1968 omnibus
1874 1914 1939 1969 et
1984 1902 2132 1968 totis
2178 1914 2371 1987 atque
2414 1926 2559 1989 per-

497 1996 681 2063 fectis
736 1995 1127 2072 absolveret,
1190 1996 1366 2080 quod
1419 1996 1592 2060 omni
1656 1997 1883 2062 morbo
1936 2008 2000 2062 et
2052 1998 2229 2062 senio
2281 2008 2557 2063 vacaret.

497 2091 773 2156 formam
815 2101 1033 2156 autem
1077 2100 1141 2155 et
1184 2089 1462 2157 maxime
1507 2102 1849 2177 cognatam
1892 2103 1958 2156 et
2012 2092 2309 2157 decoram
2351 2091 2556 2168 dedit3

501 2208 540 2251 a
575 2205 704 2268 quo
743 2184 916 2251 enim
951 2184 1260 2249 animanti
1295 2184 1502 2251 omnis
1535 2186 1817 2271 reliquos
1855 2186 2162 2251 contineri
2197 2186 2389 2252 vellet
2424 2186 2561 2250 ani-

497 2278 753 2357 mantis,
787 2278 962 2343 hunc
997 2302 1074 2344 ea
1106 2277 1315 2343 forma
1348 2279 1680 2365 figuravit,
1730 2301 1861 2364 qua
1894 2303 2025 2345 una
2059 2302 2279 2345 omnes
2314 2278 2559 2345 formae
2590 2322 2595 2325 -

498 2374 782 2457 reliquae
818 2373 1316 2450 concluduntur,
1365 2385 1430 2438 et
1463 2373 1807 2459 globosum
1842 2385 1939 2439 est
1972 2373 2350 2451 fabricatus,
2385 2374 2559 2458 quod

499 2467 926 2557 σφαιροειδές
962 2465 1203 2534 Graeci
1237 2477 1491 2545 vocant,
1529 2468 1712 2537 cuius
1747 2468 1953 2534 omnis
1991 2467 2355 2534 extremitas
2389 2466 2561 2553 pari-

497 2562 621 2627 bus
659 2584 698 2627 a
730 2561 942 2629 medio
978 2561 1174 2626 radiis
1211 2562 1564 2649 attingitur,
1599 2562 1797 2647 idque
1830 2562 1921 2628 ita
1955 2562 2259 2640 tornavit,
2294 2572 2368 2627 ut
2399 2562 2561 2627 nihil

500 2656 757 2723 efficere
808 2666 1028 2741 posset
1078 2657 1453 2733 rutundius,
1517 2656 1679 2722 nihil
1738 2658 2098 2744 asperitatis
2149 2668 2223 2722 ut
2275 2655 2561 2734 haberet,

497 2750 660 2815 nihil
693 2748 1083 2827 offensionis,
1119 2750 1331 2818 nihil’
1313 2751 1586 2815 mcisum
1621 2752 1904 2837 angulis,
1952 2752 2110 2817 nihil
2146 2750 2561 2827 anfractibuS,

499 2843 660 2908 nihil
695 2844 1010 2918 eminens,
1056 2842 1216 2907 nihil
1257 2844 1667 2921 lacunosum,
1712 2845 2048 2928 omnisque
2082 2845 2281 2930 partis
2319 2844 2565 2907 similli-

501 2959 640 3001 mas
677 2935 984 3012 omnium,
1017 2936 1194 3018 quod
1230 2937 1366 3002 eius
1403 2937 1640 3003 iudicio
1666 2938 2034 3023 praestabat
2064 2937 2563 3003 dissimilitudini

503 3029 871 3097 similitudo·
960 3029 1136 3095 omni
1189 3041 1406 3096 autem
1462 3040 1687 3096 totam=
1716 3032 1993 3117 figuram
2034 3031 2261 3096 mundi
2302 3030 2561 3097 levitate

503 3123 950 3193 circumdedit=
1004 3145 1124 3189 nec
1167 3124 1338 3188 enim
1383 3124 1583 3189 oculis
1631 3125 1895 3211 egebat,
1951 3125 2102 3209 quia
2152 3124 2311 3191 nihil
2362 3136 2562 3202 extra,

503 3218 681 3305 quod
723 3218 900 3284 cerni
942 3229 1188 3304 posset,
1233 3218 1526 3284 relictum
1571 3231 1740 3297 erat,
1783 3242 1905 3285 nec
1948 3220 2241 3297 auribus,
2287 3221 2439 3305 quia
2481 3242 2563 3285 ne

503 3313 682 3399 quod
724 3313 1052 3378 audiretur
1095 3313 1354 3397 quidem
1368 3362 1387 3391 ,
1430 3335 1643 3397 neque
1688 3326 1869 3380 erant
1912 3315 2127 3379 anima
2178 3314 2565 3380 circumfusa

503 3418 793 3473 extrema
836 3406 1089 3483 mundi,
1144 3418 1216 3472 ut
1267 3408 1748 3495 respirationem
1805 3409 2181 3494 requireret,
2234 3429 2356 3473 nec
2412 3429 2565 3472 vero

504 3501 913 3567 desiderabat
957 3511 1069 3565 aut
1115 3502 1416 3567 alimenta
1451 3504 1735 3589 corporis
1772 3515 1886 3568 aut
1920 3502 2379 3571 detractionem
2414 3523 2567 3566 con-

503 3596 659 3663 fecti
702 3608 768 3661 et
812 3596 1172 3681 consumpti
1217 3596 1344 3662 cibi
1354 3622 1372 3675 3
1426 3618 1638 3681 neque
1693 3597 1861 3663 enim
1916 3598 2048 3662 ulla
2101 3595 2385 3662 decessio
2428 3596 2569 3661 fieri

505 3701 758 3777 poterat
803 3712 1015 3776 neque
1051 3692 1363 3768 accessio,
1417 3715 1539 3758 nec
1582 3714 1736 3757 vero
1780 3701 1917 3757 erat
1958 3692 2149 3757 unde.
2236 3690 2453 3774 itaque
2497 3711 2567 3754 se

506 3786 647 3873 ipse
691 3786 1176 3872 consumptione
1219 3798 1285 3852 et
1326 3786 1506 3853 senio
1557 3785 1770 3852 alebat
1817 3786 1948 3873 sui,
1994 3809 2140 3852 cum
2174 3784 2313 3871 ipse
2346 3806 2463 3869 per
2497 3806 2570 3848 se

509 3889 576 3946 et
605 3902 652 3943 a
685 3902 754 3945 se
789 3892 854 3945 et
886 3891 1214 3967 pateretur
1246 3892 1311 3947 et
1344 3881 1588 3947 faceret
1622 3880 1839 3947 omnia
1852 3906 1870 3959 3
1927 3881 2018 3947 sic
2054 3879 2225 3945 enim
2259 3888 2435 3943 ratus
2471 3886 2568 3943 est

507 3974 638 4049 ille,
675 3973 786 4057 qui
817 3974 941 4041 ista
972 3974 1183 4041 iunxit
1219 3987 1282 4041 et
1317 3974 1631 4054 condidit,
1669 3976 1881 4062 ipsum
1918 3998 1987 4041 se
2023 3984 2390 4041 contentum
2427 3994 2568 4039 esse

511 4068 825 4137 mundum
867 4090 1077 4154 neque
1123 4093 1312 4157 egere
1360 4071 1578 4139 altero·
1668 4070 1887 4157 itaque
1932 4070 1993 4138 ei
2035 4092 2155 4137 nec
2188 4088 2417 4133 manus
2454 4066 2568 4132 ad-
