3292 4559
813 325 821 335 ·
881 301 990 358 DE
1028 258 1355 356 mmmm
1389 295 1719 354 NATURA
1752 297 1858 350 111.
1894 297 2135 352 68—72.
2416 285 2549 381 113*

476 428 715 495 idcirco
745 424 1064 494 consuluit
1090 419 1477 497 hominibus,
1513 421 1689 504 quod
1715 409 1917 485 iis'est
1948 419 2182 506 largita
2204 419 2539 499 rationem,

477 523 556 588 iis
597 512 744 587 solis
783 519 1120 595 consuluit,
1158 537 1320 601 quos
1355 514 1529 580 bona
1555 514 1803 580 ratione
1838 513 2129 592 donavit,
2167 535 2327 599 quos
2362 514 2541 580 videm

479 639 652 694 mus,
689 614 743 680 si
774 613 967 680 modo
1001 611 1120 678 ulli
1155 619 1334 687 sunt,
1371 631 1511 677 esse
1545 629 1924 696 perpaucos.
2012 628 2143 673 non
2176 608 2391 694 placet
2426 632 2541 672 au-

477 721 608 776 tem
652 709 876 796 paucis
912 731 952 771 a
986 707 1083 772 dis
1129 703 1572 786 inmortalibus
1619 725 1759 770 esse
1802 704 2197 781 consultum3
2253 703 2541 788 sequitur

477 825 632 890 ergo
666 814 741 867 ut
785 799 1028 867 nemini
1071 798 1434 865 consultum
1479 797 1579 862 sit.
1669 791 1823 862 huic
1865 797 2007 862 loco
2044 797 2136 862 sic
2179 798 2397 864 soletis
2434 819 2541 863 oc·
2573 813 2643 870 28

476 920 764 974 currere,
809 919 940 961 non
980 893 1220 960 idcirco
1255 913 1386 958 non
1421 904 1683 980 optume
1717 891 1903 958 nobis
1942 916 1981 957 a
2016 891 2114 957 dis
2152 915 2291 958 esse
2326 893 2541 978 provi-

477 1013 620 1055 sum
635 1038 653 1067 ,
719 989 894 1074 quod
945 986 1130 1052 multi
1181 1008 1404 1052 eorum
1455 985 1765 1053 beneficio
1827 1008 2125 1072 perverse
2176 995 2537 1063 uterentur3

477 1084 674 1150 etiam
707 1080 1103 1169 patrimoniis
1147 1081 1380 1145 multos
1425 1081 1592 1146 male
1627 1081 1752 1158 uti,
1810 1103 1931 1146 nec
1968 1080 2051 1145 ob
2097 1103 2242 1146 eam
2277 1102 2538 1145 causam

476 1189 588 1244 eos
632 1175 1018 1242 beneficium
1062 1199 1103 1240 a
1143 1174 1431 1261 patribus
1477 1173 1725 1240 nullum
1768 1173 2025 1241 habere.
2114 1175 2539 1259 quisquamne

474 1274 641 1338 istuc
675 1271 910 1358 negat?
954 1281 1065 1336 aut
1111 1292 1278 1356 quae
1325 1279 1422 1334 est
1467 1267 1535 1335 in
1582 1269 1939 1336 conlatione
1983 1269 2109 1336 ista
2154 1269 2540 1335 similitudo?

475 1389 596 1431 nec
631 1366 799 1432 enim
820 1365 1092 1434 Herculi
1125 1387 1355 1430 nocere
1371 1361 1683 1430 Deianira
1718 1364 1939 1443 voluit,
1976 1387 2125 1430 cum
2161 1365 2221 1431 ei
2256 1364 2535 1430 tunicam

477 1461 789 1546 sanguine
829 1458 1134 1526 Centauri
1179 1461 1446 1525 tinctam
1480 1459 1684 1536 dedit,
1738 1481 1858 1525 nec
1903 1461 2207 1546 prodesse
2242 1459 2537 1526 Pheraeo

475 1556 693 1621 Iasoni
725 1555 802 1633 is,
839 1556 950 1640 qui
983 1555 1199 1642 gladio
1235 1554 1553 1620 vomicam
1589 1555 1728 1620 eius
1764 1555 2042 1640 aperuit,
2080 1576 2276 1639 quam
2312 1577 2537 1621 sanare

475 1651 708 1716 medici
742 1672 873 1716 non
907 1661 1274 1736 potuerant3
1309 1649 1497 1713 multi
1525 1647 1695 1715 enirn
1724 1658 1808 1726 et,
1844 1671 1993 1714 cum
2018 1651 2244 1717 obesse
2279 1653 2536 1728 vellent,

475 1745 856 1832 profuerunt
901 1753 993 1823 et,
1047 1768 1196 1810 eum
1239 1744 1574 1829 prodesse,
1629 1742 2005 1808 obfueruntz
2060 1746 2313 1812 ita'non
2348 1747 2423 1813 fit
2457 1771 2538 1813 ex

476 1862 554 1905 eo
565 1885 583 1915 ,
621 1839 796 1922 quod
831 1839 1048 1914 datur,
1093 1847 1170 1901 ut
1201 1837 1496 1901 voluntas
1534 1836 1703 1911 eius,
1751 1837 1863 1919 qui
1898 1836 2173 1920 dederit,
2211 1841 2535 1925 adpareat,

474 1953 625 2007 nec,
662 1931 716 1994 si
749 1930 836 2006 is,
871 1930 985 2013 qui
1019 1928 1298 2014 accepit,
1332 1927 1498 1991 bene
1532 1929 1762 2004 utitur,
1797 1928 2034 1993 idcirco
2068 1930 2154 2007 is,
2191 1932 2304 2012 qui
2340 1933 2537 2009 dedit,

478 2025 682 2091 amice
719 2023 913 2088 dedit.
976 2043 1146 2105 quae
1181 2019 1352 2086 enim
1385 2019 1604 2098 libido,
1641 2041 1809 2104 quae
1846 2021 2133 2100 avaritia,
2170 2025 2346 2107 quod
2379 2024 2539 2090 faci·
2582 2043 2631 2084 ’τι

476 2143 599 2185 nus
635 2128 749 2183 aut
784 2116 1128 2202 suscipitur
1159 2114 1285 2182 nisi
1319 2115 1582 2180 consilio
1608 2126 1799 2202 capto
1824 2126 1938 2181 aut
1972 2117 2111 2190 sine
2136 2117 2332 2184 animi
2357 2133 2539 2186 motu

479 2226 543 2280 et
571 2211 973 2300 cogitatione,
1009 2211 1078 2276 id
1104 2221 1202 2277 est
1225 2209 1490 2288 ratione,
1525 2209 1889 2296 perficitur?
1922 2234 2074 2277 nam
2102 2213 2305 2279 omnis
2323 2215 2537 2300 opinio

477 2308 638 2376 ratio
675 2317 801 2385 est,
848 2317 911 2372 et
945 2306 1208 2391 quidem
1241 2305 1415 2371 bona
1445 2305 1608 2370 ratio
1621 2351 1640 2383 ,
1676 2306 1732 2370 si
1767 2329 1951 2384 vera,
1988 2308 2160 2372 mala
2193 2319 2409 2376 autem
2484 2311 2539 2376 si

477 2401 644 2468 falsa
679 2413 776 2468 est
821 2401 1057 2488 opinio.
1147 2400 1262 2466 sed
1306 2423 1346 2465 a
1389 2400 1510 2466 deo
1553 2410 1805 2466 tantum
1850 2402 2163 2468 rationem
2204 2402 2537 2484 habemus,

480 2500 535 2564 si
569 2499 760 2565 modo
803 2499 1146 2574 habemus,
1199 2497 1438 2562 bonam
1483 2507 1700 2562 autem
1744 2497 2056 2564 rationem
2092 2509 2205 2563 aut
2248 2522 2379 2565 non
2424 2500 2541 2565 bo·-

479 2617 632 2660 nam
663 2617 705 2660 a
741 2593 926 2660 nobis
937 2618 956 2672 3
991 2614 1124 2658 non
1159 2591 1359 2668 enim,
1405 2602 1480 2656 ut
1511 2590 1967 2678 patrimonium
2000 2592 2410 2677 relinquitur,
2446 2595 2541 2662 sic

479 2689 642 2754 ratio
678 2699 774 2754 est
818 2687 1063 2754 homini
1107 2686 1416 2754 beneficio
1463 2686 1728 2751 deorum
1765 2685 1935 2751 data.
2024 2687 2183 2770 quid
2219 2688 2387 2752 enim
2422 2711 2540 2773 po-

479 2782 607 2847 tius
641 2781 1006 2847 hominibus
1037 2780 1377 2856 dedissent,
1414 2779 1470 2844 si
1501 2779 1580 2845 iis
1609 2801 1841 2846 nocere
1868 2780 2257 2846 voluissent?
2290 2781 2539 2846 iniusti-

479 2877 610 2940 tiae
627 2886 861 2950 autem,
890 2874 1436 2959 intemperantiae,
1463 2873 1820 2939 timiditatis
1837 2895 2005 2958 quae
2034 2873 2281 2940 semina
2306 2886 2538 2953 essent,

485 2969 539 3032 si
581 2967 681 3032 his
717 2967 886 3032 vitiis
921 2967 1084 3032 ratio
1125 2989 1254 3032 non
1301 2967 1633 3033 subesset?
1683 2967 1925 3035 Medea
1968 2970 2161 3036 modo
2197 2981 2263 3036 et
2294 2971 2539 3037 Atreus
2572 2981 2641 3037 29

484 3060 1146 3127 commemorabantur
1179 3084 1220 3125 a
1252 3061 1439 3126 nobis
1450 3107 1469 3138 ,
1503 3059 1797 3126 heroicae
1831 3085 2161 3147 personae,
2196 3064 2354 3131 inita
2390 3066 2541 3131 sub-

485 3155 805 3239 ductaque
847 3154 1093 3221 ratione
1135 3154 1384 3220 nefaria
1425 3155 1667 3221 scelera
1696 3156 2097 3224 meditantes.
2187 3159 2341 3243 quid
2382 3161 2541 3226 levi-
2582 3175 2633 3216 ⁷²

481 3261 646 3316 tates
681 3249 1001 3315 comicae?
1045 3271 1357 3335 parumne
1391 3271 1583 3335 saepe
1623 3248 1695 3314 in
1729 3250 1973 3318 ratione
2006 3255 2383 3319 versantur?
2424 3273 2542 3340 pa—

480 3366 709 3411 rumne
743 3343 1061 3410 subtiliter
1094 3343 1378 3430 disputat
1409 3344 1516 3410 ille
1549 3343 1620 3409 in
1654 3343 2013 3412 Eunucho?

658 3471 815 3557 quid
847 3471 1045 3559 igitur
1077 3471 1350 3538 faciam?
1383 3509 1473 3520 —-—
1503 3509 1591 3520 —-
1647 3551 1664 3561 ·

660 3566 950 3645 exclusit,
984 3577 1273 3633 revocat:
1311 3568 1608 3634 redeam?
1643 3589 1796 3646 non,
1832 3567 1888 3632 si
1922 3587 2025 3634 me
2062 3566 2371 3632 obsecret.

482 3695 590 3762 ille
625 3718 779 3762 vero
813 3695 882 3760 in
909 3693 1314 3782 Synephebis
1331 3696 1873 3764 Academicorum
1908 3717 2085 3761 more
2120 3704 2341 3761 contra
2368 3715 2541 3759 com-

485 3802 746 3856 munem
782 3789 1144 3876 opinionem
1176 3811 1307 3855 non
1342 3789 1595 3866 dubitat
1636 3813 1929 3878 pugnare
1963 3789 2239 3865 ratione,
2285 3787 2397 3872 qui
2444 3787 2539 3853 ‘in

487 3903 702 3948 amore
739 3905 988 3948 summo
1024 3905 1402 3969 summaque
1434 3883 1654 3970 inopia
1688 3907 1885 3950 suave
1919 3883 2088 3950 esse’
2126 3881 2280 3948 dicit

659 4016 988 4086 parentem
1022 4003 1259 4069 habere
1293 4025 1580 4082 avarum,
1616 4004 1990 4091 inlepidum,
2023 4003 2090 4069 in
2126 4002 2359 4070 liberos

661 4093 1007 4172 difficilem,
1044 4098 1153 4182 qui
1188 4109 1252 4164 te
1287 4120 1407 4165 nec
1443 4109 1614 4165 amet
1647 4121 1767 4165 nec
1804 4098 2055 4164 studeat
2090 4097 2203 4163 tui.

595 4191 812 4238 ciceronis
829 4195 909 4240 υοι.
930 4195 1016 4240 Vll.
1069 4242 1072 4244 ,
2160 4199 2197 4256 8
