3292 4559
647 427 717 482 60

754 270 840 336 86
1361 275 1438 330 Μ.
1477 272 1753 330 TULLII
1788 269 2190 327 CICERONIS

882 402 1099 486 Quam
1145 422 1297 466 vero
1344 409 1528 486 aptas
1582 417 1904 481 quamque
1956 394 2303 460 multarum
2346 395 2580 460 artium
2622 397 2819 462 mini-

647 499 724 540 ²5⁰
751 513 912 570 strae
955 520 1183 568 manus
1227 507 1458 563 natura
1498 491 1743 560 homini
1788 490 1993 558 dedit!
2050 489 2395 576 digitorum
2446 491 2617 557 enim
2662 511 2816 558 con-

749 597 977 664 tractio
1011 593 1217 661 facilis
1253 590 1588 674 facilisque
1622 586 1939 673 porrectio
1974 596 2235 672 propter
2269 585 2489 650 mollis·
2516 585 2823 651 commis-—

752 714 933 758 suras
950 700 1016 756 et
1033 700 1207 754 artus
1236 685 1414 751 nullo
1432 684 1501 749 in
1520 693 1701 748 motu
1726 682 2007 758 laborat3
2040 681 2256 764 itaque
2282 679 2367 744 ad
2392 678 2821 766 pingendum,

751 785 836 852 ad
877 783 1281 871 fingendum,
1336 779 1421 844 ad
1465 777 1912 864 scalpendum,
1966 775 2052 840 ad
2091 796 2434 840 nervorum
2470 775 2821 840 eliciendos

753 902 942 946 sonos
979 900 1055 944 ac
1096 876 1399 941 tibiarum
1446 883 1597 959 apta
1640 892 1869 936 manus
1906 881 2003 936 est
2037 869 2399 934 admotione
2444 869 2817 954 digitorum.

754 985 946 1058 atque
997 972 1159 1038 haec
1213 967 1683 1034 oblectationisz
1745 966 1857 1030 illa
1914 963 2342 1042 necessitatis,
2405 965 2614 1029 cultus
2669 964 2814 1030 dico

753 1089 1054 1156 agrorum
1082 1062 1671 1145 exstructionesque
1706 1071 2041 1136 tectorum,
2075 1068 2446 1145 tegumenta
2473 1079 2817 1144 corporum

751 1163 854 1231 vel
889 1173 1067 1229 texta
1100 1161 1204 1226 vel
1253 1168 1398 1224 suta
1431 1177 1815 1240 omnemque
1848 1154 2160 1220 fabricam
2195 1153 2360 1220 aeris
2397 1165 2462 1220 et
2494 1153 2677 1232 ferri3
2732 1177 2815 1220 ex

755 1280 881 1343 quo
933 1254 1324 1340 intellegitur
1375 1251 1460 1316 ad
1518 1251 1781 1316 inventa
1833 1249 2075 1327 auium,
2136 1258 2439 1337 percepta
2500 1248 2819 1326 sensibus,

752 1349 1050 1417 adhibitis
1081 1346 1382 1433 opificum
1405 1344 1704 1410 manibus
1732 1340 1947 1408 omnia
1972 1364 2090 1408 nos
2118 1351 2515 1420 consecutos,
2539 1353 2613 1408 ut
2639 1345 2814 1422 tecti,

751 1459 824 1511 ut
850 1443 1083 1521 vestiti,
1117 1454 1193 1506 ut
1217 1439 1378 1506 salvi
1403 1462 1544 1506 esse
1570 1459 1925 1525 possemus,
1962 1437 2160 1515 urbis,
2197 1459 2435 1515 muros,
2470 1437 2812 1517 domicilia,

650 1562 726 1602 151
755 1539 1022 1606 delubra
1072 1536 1476 1601 haberemus.
1561 1535 1693 1599 iam
1738 1555 1893 1599 vero
1940 1533 2151 1620 operis
2192 1532 2551 1610 hominum,
2603 1533 2673 1598 id
2716 1545 2815 1599 est

751 1633 1079 1709 manibus,
1133 1630 1262 1697 cibi
1295 1630 1488 1695 etiam
1519 1628 1799 1695 varietas
1842 1627 2162 1694 invenitur
2197 1638 2262 1693 et
2296 1627 2509 1712 copia3
2560 1651 2713 1693 nam
2749 1639 2813 1694 et

754 1728 894 1815 agri
927 1728 1132 1792 multa
1166 1725 1441 1792 efferunt
1474 1747 1674 1790 manu
1706 1724 2025 1808 quaesita,
2070 1744 2236 1806 quae
2270 1723 2375 1789 vel
2410 1722 2625 1788 statim
2656 1745 2813 1789 con-

754 1832 1088 1888 sumantur
1129 1821 1234 1886 vel
1277 1821 1663 1886 mandentur
1708 1819 1963 1885 condita
1998 1817 2328 1896 vetustati,
2374 1828 2438 1884 et
2480 1829 2811 1904 praeterea

753 1918 1070 1984 vescimur
1113 1916 1334 1983 bestiis
1371 1926 1436 1982 et
1479 1915 1748 1981 terrenis
1784 1927 1849 1981 et
1895 1913 2283 1999 aquatilibus
2318 1924 2385 1979 et
2427 1913 2811 1992 volantibus,

750 2011 984 2100 partim
1020 2010 1361 2097 capiendO,
1396 2011 1632 2098 partim
1668 2010 1917 2076 alendo.
1988 2007 2300 2075 efficimus
2336 2007 2533 2074 etiam
2566 2007 2812 2074 domitu

751 2117 970 2171 nostro
1024 2105 1492 2190 quadripedum
1545 2104 1898 2180 vectiones,
1952 2125 2225 2188 quorum
2278 2101 2566 2169 celeritas
2621 2113 2813 2187 atque

751 2201 850 2265 vis
886 2197 1072 2264 nobis
1108 2199 1262 2284 ipsis
1301 2198 1510 2264 adfert
1545 2198 1678 2262 vim
1715 2209 1778 2262 et
1812 2197 2220 2264 celeritatem.
2289 2218 2405 2262 nos
2440 2219 2637 2262 onera
2673 2198 2816 2281 qui-

751 2294 1026 2358 busdam
1070 2293 1290 2358 bestiis
1302 2339 1320 2370 ,
1371 2315 1490 2358 nos
1534 2293 1691 2378 iuga
1725 2289 2090 2377 inponimus
2102 2317 2121 2369 3
2174 2313 2293 2357 nos
2329 2292 2810 2377 elephantorum

699 2409 702 2412 ’
753 2385 1158 2452 acutissumis
1195 2386 1518 2464 sensibus,
1554 2408 1673 2451 nos
1710 2385 2056 2470 sagacitate
2092 2407 2325 2453 canum
2359 2387 2443 2451 ad
2476 2387 2811 2453 utilitatem

749 2491 1034 2546 nostram
1069 2481 1394 2546 abutimur
1405 2505 1424 2558 3
1459 2502 1576 2546 nos
1606 2503 1643 2546 e
1670 2491 1877 2546 terrae
1912 2481 2201 2546 cavernis
2235 2481 2477 2546 ferrum
2504 2483 2811 2560 elicimus,

751 2597 888 2640 rem
924 2575 1008 2639 ad
1053 2574 1358 2640 colendos
1401 2597 1593 2660 agros
1627 2575 2084 2653 necessariam3
2136 2597 2257 2640 nos
2292 2576 2487 2653 aeris,
2543 2575 2812 2662 argenti,

753 2671 893 2736 auri
926 2691 1124 2736 venas
1169 2669 1426 2756 penitus
1471 2669 1726 2734 abditas
1770 2669 2131 2736 invenimus
2168 2680 2233 2736 et
2275 2670 2359 2736 ad
2404 2693 2594 2736 usum
2630 2681 2815 2756 aptas

753 2777 816 2832 et
853 2765 938 2832 ad
971 2775 1265 2831 ornatum
1300 2765 1562 2830 decoras
1574 2789 1592 2842 3
1639 2764 1940 2830 arborum
1988 2775 2205 2831 autem
2239 2767 2641 2832 consectione
2676 2788 2816 2830 om·

751 2861 945 2944 nique
979 2859 1248 2925 materia
1282 2869 1346 2923 et
1379 2860 1554 2924 culta
1589 2870 1656 2925 et
1689 2859 1965 2925 silvestri
1998 2861 2231 2946 partim
2258 2859 2343 2925 ad
2370 2859 2813 2926 calficiendum

754 2975 984 3038 corpus
1037 2952 1174 3038 igni
1221 2951 1506 3017 adhibito
1551 2963 1616 3018 et
1668 2953 1751 3019 ad
1806 2953 2230 3040 mitigandum
2283 2953 2499 3019 cibum
2552 2954 2813 3032 utimur,

751 3046 983 3132 partim
1019 3047 1104 3112 ad
1139 3047 1608 3114 aedificandum
1621 3094 1639 3125 ,
1688 3059 1763 3113 ut
1797 3049 1980 3114 tectis
2017 3050 2221 3134 saepti
2264 3047 2507 3136 frigora
2543 3050 2815 3117 calores-

651 3157 728 3197 152
754 3163 879 3224 que
941 3141 1276 3226 pellamus.
1383 3164 1654 3228 magnos
1717 3164 1869 3208 vero
1922 3165 2077 3209 usus
2138 3143 2350 3210 adfert
2410 3144 2494 3208 ad
2552 3144 2813 3232 navigia

753 3233 1067 3312 facienda,
1103 3258 1378 3320 quorum
1415 3236 1707 3302 cursibus
1746 3238 2235 3324 subpeditantur
2270 3260 2491 3304 omnes
2527 3239 2811 3324 undique

755 3329 838 3394 ad
872 3329 1071 3394 vitam
1117 3330 1366 3417 copiae,
1419 3351 1710 3414 quasque
1754 3355 1859 3398 res
1904 3332 2391 3398 violentissimas
2434 3342 2665 3397 natura
2700 3355 2814 3418 ge-

753 3424 912 3503 nuit,
951 3447 1170 3492 earum
1197 3426 1699 3492 moderationem
1727 3449 1843 3492 nos
1870 3427 1990 3492 soli
2022 3428 2354 3504 habemus,
2388 3425 2582 3492 maris
2621 3438 2814 3510 atque

753 3529 1111 3598 ventorum,
1148 3531 1408 3607 propter
1439 3521 1843 3587 nauticarum
1877 3545 2092 3588 rerum
2129 3521 2459 3588 scientiam
2492 3521 2817 3610 plurimis-

757 3634 882 3697 que
916 3613 1250 3680 maritimis
1291 3614 1484 3681 rebus
1529 3615 1804 3682 fruimur
1839 3629 2031 3701 atque
2066 3616 2325 3682 utimur.
2414 3627 2813 3682 terrenorum

754 3707 909 3772 item
944 3709 1426 3775 commodorum
1461 3712 1669 3776 omnis
1705 3723 1802 3779 est
1846 3712 1913 3776 in
1948 3711 2205 3778 homine
2252 3711 2641 3776 dominatusz
2695 3732 2815 3774 nos

757 3801 1021 3892 campie,
1057 3825 1174 3870 nos
1207 3805 1534 3872 montibus
1569 3805 1873 3885 fruimur3
1909 3806 2110 3872 nostri
2146 3817 2295 3872 sunt
2329 3829 2577 3884 amnes,
2612 3805 2814 3872 nostri

753 3894 962 3969 Iacus3
1015 3919 1131 3963 nos
1181 3899 1406 3986 fruges
1461 3901 1759 3979 serimus,
1812 3923 1931 3966 nos
1984 3901 2274 3979 arbores3
2327 3922 2445 3966 nos
2500 3921 2817 3984 aquarum

755 3987 1229 4059 inductionibus
1296 3995 1478 4061 terris
1537 3994 1998 4061 fecunditatem
2049 3996 2307 4074 damus3
2378 3996 2498 4061 nos'
2548 3993 2820 4060 flumina

757 4104 1080 4165 arcemus,
1133 4087 1498 4175 dirigimus,
1555 4088 1929 4167 avertimus3
1990 4089 2222 4156 nostris
2278 4089 2555 4178 denique
2608 4086 2818 4153 mani-
