3292 4559
905 230 1031 295 110
1124 312 1131 331 ι,
1368 277 1371 279 ,
1511 237 1590 291 M.
1627 235 1900 294 'runnu
1934 234 2336 295 CICERONIS

901 377 970 432 et
1003 363 1223 429 Diana
1256 360 1465 446 prima
1497 369 1688 427 natus
1725 358 1973 435 dicitur,
2012 357 2329 426 secundus
2363 357 2689 426 Mercurio
2724 370 2791 426 et
2823 359 2969 428 Ve-

900 481 1055 524 nere
1096 456 1409 532 secunda,
1462 454 1713 531 tertius,
1767 452 1879 538 qui
1918 452 2093 520 idem
2136 465 2235 521 est
2265 454 2578 531 Anteros,
2630 453 2847 521 Marte
2892 467 2963 521 et

900 553 1157 619 Venere
1191 549 1396 615 tertia.
1485 558 1676 632 atque
1710 546 1869 612 haec
1907 545 2165 630 quidem
2200 546 2453 631 aliaque
2488 548 2627 614 eius
2662 548 2837 613 modi
2872 571 2959 614 ex

902 656 1116 711 vetere
1138 641 1466 713 Graeciae
1500 640 1677 706 fama
1708 641 1996 707 conlecta
2030 651 2198 719 sunt,
2235 641 2470 725 quibus
2504 640 2819 729 intellegis
2854 665 2962 708 re-

901 738 1257 807 sistendum
1293 758 1452 813 esse,
1486 758 1569 801 ne
1602 734 2055 821 perturbentur
2086 733 2447 822 religiones.
2509 736 2704 802 vestri
2738 747 2959 802 autem

904 854 1035 899 non
1076 831 1267 898 modo
1311 830 1470 896 haec
1513 850 1640 895 non
1690 828 2020 905 refellunt,
2074 851 2301 894 verum
2343 829 2536 895 etiam
2578 830 2957 897 confirmant

903 922 1396 1014 interpretandO,
1433 946 1742 1010 quorsum
1774 922 2059 1008 quidque
2093 924 2424 1009 pertineat.

1033 1018 1170 1089 Sed
1213 1041 1292 1086 eo
1335 1019 1485 1096 iam,
1537 1017 1712 1084 unde
1754 1017 1882 1083 huc
1927 1018 2197 1104 digressi
2238 1040 2489 1097 sumus,
2541 1029 2959 1086 revertamur.

803 1114 873 1168 Ἠ
903 1138 1060 1181 num
1103 1136 1323 1181 censes
1369 1113 1567 1198 igitur
1609 1110 1937 1178 subtiliore
1980 1111 2225 1180 ratione
2271 1134 2432 1198 opus
2478 1136 2617 1180 esse
2660 1115 2745 1179 ad
2795 1113 2960 1182 haec

811 1186 861 1226 ΕΙ
904 1207 1289 1277 refellenda?
1339 1228 1489 1271 nam
1523 1216 1834 1283 mentem,
1880 1204 2103 1282 fidem,
2137 1229 2351 1293 spem,
2387 1206 2714 1286 virtutem,
2756 1207 2961 1274 hono-

903 1324 1061 1378 rem,
1095 1300 1448 1377 victoriam,
1484 1301 1776 1376 salutem,
1809 1299 2213 1365 concordiam
2248 1311 2583 1385 ceteraque
2610 1302 2747 1367 eius
2782 1303 2962 1367 modi

906 1418 1121 1461 rerum
1167 1394 1298 1459 vim
1344 1392 1579 1459 habere
1625 1394 1944 1469 videmus,
1996 1416 2127 1459 non
2171 1394 2465 1463 deorum:
2518 1408 2631 1461 aut
2674 1397 2843 1463 enim
2888 1397 2963 1462 in

907 1489 1225 1554 nobismet
1257 1487 1476 1552 insunt
1507 1487 1693 1573 ipsis,
1730 1498 1802 1552 ut
1836 1509 2047 1566 mens,
2084 1498 2157 1553 nt
2193 1511 2360 1574 spes,
2395 1499 2467 1553 ut
2501 1490 2688 1568 fides,
2722 1502 2795 1555 ut
2828 1491 2961 1556 vir-

909 1594 1034 1660 tus,
1070 1593 1143 1647 ut
1179 1581 1543 1659 concordia,
1580 1592 1692 1648 aut
1726 1581 2043 1668 optandae
2076 1581 2264 1648 nobis
2300 1592 2478 1660 sunt,
2514 1593 2585 1649 ut
2620 1583 2848 1662 honos,
2885 1596 2964 1650 ut

909 1679 1113 1754 salus,
1148 1688 1221 1742 ut
1256 1676 1544 1754 victoria,
1580 1698 1856 1761 quarum
1888 1699 2103 1742 rerum
2137 1677 2472 1743 utilitatem
2507 1678 2725 1755 video,
2769 1679 2960 1746 video

910 1771 1103 1836 etiam
1139 1781 1506 1837 consecrata
1541 1771 1903 1848 simulacra,
1942 1793 2070 1854 qua
2104 1794 2176 1839 re
2213 1782 2430 1837 autem
2462 1771 2532 1836 in
2564 1773 2641 1837 iis
2676 1772 2771 1838 vis
2807 1774 2962 1839 deo-

908 1888 1052 1931 rum
1078 1863 1244 1942 insit,
1281 1875 1418 1929 tum
1444 1865 1835 1950 intellegam,
1872 1887 2021 1930 cum
2050 1887 2439 1953 cognovero3
2476 1888 2604 1950 quo
2631 1867 2699 1930 in
2722 1889 2961 1953 genere

909 1959 1012 2025 vel
1055 1960 1330 2025 maxime
1366 1970 1464 2025 est
1497 1960 1757 2024 fortuna
1790 1959 2220 2037 numeranda,
2274 1981 2468 2043 quam
2510 1983 2698 2025 nemo
2734 1961 2817 2026 ab
2860 1961 2962 2025 in-

909 2054 1264 2121 constantia
1306 2064 1370 2119 et
1414 2054 1771 2119 temeritate
1806 2054 2129 2139 seiunget,
2183 2074 2349 2138 quae
2395 2054 2589 2141 digna
2624 2065 2793 2121 certe
2827 2076 2963 2120 non

815 2174 867 2214 ει
909 2159 1060 2214 sunt
1093 2148 1235 2212 deo.
1287 2148 1417 2212 iam
1445 2169 1596 2213 vero
1621 2147 1781 2231 quid
1816 2170 1931 2212 vos
1958 2147 2069 2212 illa
2101 2147 2373 2214 delectat
2401 2150 2735 2234 explicatio
2769 2150 2962 2215 fabu-

905 2243 1115 2307 larum
1161 2252 1225 2307 et
1278 2241 1575 2306 enodatio
1617 2242 1992 2307 nominum?
2046 2253 2373 2308 exsectum
2408 2267 2448 2307 a
2488 2244 2619 2308 filio
2664 2240 2960 2322 Caelum,

908 2337 1194 2401 vinctum
1245 2335 1466 2401 itidem
1509 2360 1549 2400 a
1589 2337 1721 2403 filio
1770 2336 2152 2414 Saturnum,
2205 2337 2364 2403 haec
2417 2348 2481 2404 et
2531 2339 2657 2403 alia
2705 2340 2961 2425 generis

912 2429 1201 2495 eiusdem
1231 2429 1322 2493 ita
1342 2429 1702 2507 defenditis,
1739 2442 1811 2495 ut
1834 2431 1900 2506 ii,
1935 2431 2047 2515 qui
2072 2431 2196 2495 ista
2223 2430 2563 2509 finxerunt,
2599 2454 2730 2498 non
2763 2433 2959 2498 modo

910 2543 1042 2587 non
1074 2522 1327 2601 insani,
1389 2523 1503 2588 sed
1555 2523 1745 2588 etiam
1808 2524 2005 2589 fuisse
2060 2524 2379 2609 sapientes
2432 2525 2786 2591 videantur.
2890 2526 2964 2591 in

909 2616 1260 2682 enodandis
1305 2628 1520 2683 autem
1561 2618 1923 2683 nominibus
1963 2619 2141 2702 quod
2185 2619 2615 2684 miserandum
2658 2621 2739 2686 sit
2778 2620 2964 2691 labo-

909 2712 1091 2777 ratis:
1132 2711 1468 2788 Saturnus,
1507 2712 1660 2796 quia
1694 2735 1763 2778 se
1798 2723 2041 2778 saturat
2074 2714 2279 2790 annis,
2314 2713 2601 2791 Mavors,
2636 2715 2789 2798 quia
2822 2737 2963 2780 ma-

909 2827 1040 2892 gna
1065 2806 1275 2883 vertit,
1303 2805 1624 2883 Minerva,
1653 2807 1803 2890 quia
1830 2807 2058 2873 minuit
2084 2817 2194 2871 aut
2221 2807 2371 2891 quia
2396 2807 2693 2885 minatur,
2712 2808 2960 2887 Venus,

910 2900 1064 2982 quia
1098 2899 1272 2964 venit
1305 2900 1389 2964 ad
1424 2900 1658 2978 omnia,
1696 2898 1894 2966 Ceres
1930 2924 1970 2966 a
2001 2902 2304 2986 gerendo.
2375 2922 2569 2985 quam
2603 2903 2963 2988 periculosa

889 2992 1337 3059 ¹eonsuetudol
1390 2994 1458 3058 in
1493 2995 1707 3059 multis
1743 2994 1913 3060 enim
1947 2995 2311 3059 nominibus
2350 2995 2715 3061 haerebitis.
2805 2996 2964 3079 quid

910 3085 1142 3152 Veiovi
1168 3086 1385 3166 facies,
1412 3089 1569 3172 quid
1587 3089 1916 3155 Volcano?
1952 3109 2361 3173 quamquam,
2392 3089 2691 3173 quoniam
2711 3089 2962 3176 Neptu·-

909 3203 1069 3244 num
1097 3203 1137 3245 a
1162 3181 1372 3246 nando
1400 3183 1788 3268 appellatum
1823 3193 2031 3269 putas,
2066 3183 2314 3247 nu'llum
2343 3184 2462 3248 erit
2489 3205 2749 3260 nomen,
2783 3184 2962 3267 quod

907 3295 1039 3340 non
1075 3275 1278 3360 possis
1311 3299 1442 3341 una
1475 3277 1688 3342 littera
1722 3277 2039 3363 explicare
2074 3277 2245 3342 unde
2282 3277 2546 3343 ductum
2581 3277 2663 3343 sit
2673 3302 2693 3356 ;
2728 3277 2796 3341 in
2830 3299 2963 3361 quo

909 3369 1172 3453 quidem
1205 3371 1411 3456 magis
1445 3381 1516 3436 tu
1553 3371 1710 3435 mihi
1744 3381 1965 3437 natare
2001 3370 2176 3436 visus
2212 3394 2281 3436 es
2318 3393 2512 3456 quam
2546 3371 2683 3457 ipse
2710 3371 2964 3457 Neptu-

819 3482 868 3522 ffi
907 3488 1050 3531 nus.
1104 3488 1408 3551 magnam
1442 3467 1796 3531 molestiam
1834 3465 2115 3553 suscepit
2148 3477 2213 3531 et
2245 3466 2504 3532 minime
2537 3466 2964 3533 necessariam

908 3561 1153 3645 primus
1191 3559 1398 3638 Zeno,
1445 3571 1590 3646 post
1627 3558 2005 3637 Cleanthes,
2050 3560 2279 3625 deinde
2317 3558 2751 3647 Chrysippus,
2788 3582 2965 3626 com-

909 3653 1350 3719 menticiarum
1393 3654 1760 3719 fabularum
1806 3654 2072 3720 reddere
2115 3654 2457 3731 rationem,
2503 3655 2966 3721 vocabulorum

910 3769 1027 3813 cur
1070 3747 1354 3831 quidque
1398 3747 1490 3812 ita
1533 3749 1922 3833 appellatum
1969 3748 2050 3813 sit
2105 3770 2333 3813 causas
2384 3749 2733 3834 explicare:
2786 3748 2967 3833 quod

911 3864 1061 3906 cum
1094 3840 1324 3918 facitis,
1361 3841 1520 3906 illud
1552 3841 1842 3927 profecto
1871 3841 2257 3908 confitemini
2288 3842 2482 3928 longe
2510 3842 2693 3907 aliter
2722 3864 2790 3907 se
2823 3863 2967 3906 rem

912 3933 1151 3998 habere
1198 3946 1389 4019 atque
1432 3934 1766 4000 hominum
1800 3936 2012 4021 opinio
2050 3937 2161 4012 sit3
2208 3958 2318 4002 eos
2356 3937 2557 4014 enim,
2600 3936 2712 4021 qui
2748 3936 2813 4001 di
2848 3957 2969 4021 ap-

811 4037 882 4091 25
915 4025 1262 4112 pellantur,
1297 4050 1510 4093 rerum
1543 4039 1804 4096 naturas
1842 4053 2009 4107 esse,
2053 4052 2183 4096 non
2218 4031 2464 4117 figuras
2494 4032 2776 4096 deorum.
2848 4031 2973 4114 qui
