3292 4559
1124 290 1331 349 cATo
1366 246 1617 347 MAroR
1650 290 1823 346 2-2-7.
2229 286 2232 291 ·
2374 278 2503 347 237

325 470 328 505 ;
422 420 610 485 tare?
648 418 762 503 qui
797 417 971 489 enim
1006 414 1193 481 citius
1230 414 1702 482 adulescentiae
1737 425 2032 482 senectus
2059 437 2252 501 quam
2287 419 2504 506 pueri-

420 517 555 581 tiae
596 512 1039 580 adulescentia
1075 510 1363 596 obrepit?
1416 509 1648 576 deinde
1683 510 1796 595 qui
1829 510 2040 579 minus
2081 513 2299 598 gravis
2336 530 2504 581 esset

325 518 332 695 i
420 610 506 674 iis
545 620 866 685 senectae,
905 608 961 672 si
989 605 1589 715 octingentesimum
1622 627 1866 670 annum
1895 617 2180 715 agerent,
2216 628 2412 693 quam
2445 610 2504 674 si

325 726 328 791 j
422 702 946 789 octogesimum?
981 700 1326 787 praeterita
1362 700 1535 764 enim
1576 712 1754 764 aetas
1791 700 2086 783 quamvis
2121 701 2317 789 longa
2351 724 2501 769 cum

325 852 327 855 ,
422 796 823 875 effluxisset,
888 796 1069 861 nulla
1122 794 1471 860 consolatio
1511 794 1920 904 permulcere
1972 807 2188 879 posset
2240 798 2501 864 stultam

423 903 852 957 senectutem.
940 890 1269 973 quocirca
1289 890 1345 954 si
1392 888 1776 999 sapientiam
1804 910 2017 953 meam
2053 889 2354 956 admirari
2399 915 2502 958 so·
2544 908 2572 947 ὅ

422 986 600 1063 letis,
644 1021 735 1033 -—
759 1007 925 1069 quae
961 984 1209 1049 utinam
1235 983 1435 1069 digna
1469 993 1638 1047 esset
1673 982 1972 1069 opimone
2007 993 2222 1049 vestra
2253 984 2504 1053 nostro-

325 1148 327 1157 ,
418 1102 559 1163 que
608 1077 1021 1165 cognomine!
1059 1113 1147 1125 -
1176 1101 1247 1157 m
1291 1076 1417 1141 hoc
1460 1097 1684 1141 sumus
1719 1076 2071 1161 sapientes,
2108 1078 2282 1162 quod
2314 1090 2502 1146 natu-

422 1196 568 1239 ram
628 1185 964 1259 optumam
1018 1173 1246 1238 ducem
1298 1182 1631 1256 tamquam
1683 1170 1873 1236 deum
1932 1171 2260 1257 sequimur
2311 1173 2500 1258 eique

324 1172 336 1425 j
422 1290 768 1353 paremus,
814 1290 855 1332 a
899 1289 1031 1352 qua
1062 1289 1195 1331 non
1227 1266 1365 1331 veri
1400 1266 1607 1333 simile
1642 1276 1770 1344 est,
1817 1288 1968 1331 cum
2001 1277 2251 1335 ceterae
2284 1280 2500 1354 partes

325 1438 327 1441 y
425 1362 663 1429 aetatis
698 1363 868 1429 bene
914 1362 1254 1448 discriptae
1301 1362 1456 1439 sint,
1510 1371 1867 1427 extremum
1913 1370 2128 1427 actum
2168 1372 2500 1449 tamquam

325 1466 327 1495 ²
422 1458 508 1522 ab
545 1458 742 1523 inerti
783 1462 981 1543 poi-ita
1014 1479 1155 1524 esse
1197 1457 1583 1542 neglectum.
1673 1456 1787 1522 sed
1833 1466 2050 1521 tamen
2081 1479 2344 1525 necesse
2377 1459 2501 1527 fuit

424 1575 567 1618 esse
622 1552 879 1636 aliquid
931 1562 1288 1617 extremum
1331 1562 1423 1627 et,
1476 1562 1808 1636 tamquam
1849 1550 1920 1615 in
1964 1551 2270 1617 arborum
2323 1553 2502 1621 bacis

426 1658 773 1730 terraeque
817 1646 1167 1723 fructibus,
1212 1644 1579 1711 maturitate
1612 1646 1994 1731 tempestiva
2029 1646 2215 1730 quasi
2259 1646 2502 1713 vietum

426 1751 487 1805 et
521 1742 887 1817 caducum,
940 1740 1115 1825 quod
1158 1738 1503 1805 ferundum
1539 1749 1637 1805 est
1671 1739 1947 1804 molliter
1989 1738 2288 1826 sapientie
2341 1742 2501 1825 quid

325 1894 327 1899 .
428 1846 521 1900 est
554 1836 743 1901 enim
786 1834 965 1899 aliud
998 1834 1361 1921 Gigantum
1395 1834 1589 1898 modo
1633 1832 1874 1899 bellare
1912 1854 2059 1897 cum
2097 1833 2194 1899 dis
2228 1833 2354 1899 nisi
2385 1858 2502 1902 na—

426 1940 605 1996 turae
652 1930 1059 2015 repugnare?

455 2068 461 2072 -
548 2026 841 2093 Laelius.
915 2024 1152 2108 Atqui,
1208 2020 1403 2099 Cato,
1448 2021 1884 2107 gratissimum
1929 2021 2146 2099 nobis,
2199 2032 2274 2087 ut
2306 2024 2502 2090 etiam
2545 2045 2585 2086 e·

424 2142 541 2206 pro
589 2118 911 2205 Scipione
954 2118 1287 2205 pollicear,
1340 2117 1601 2192 feceris,
1657 2115 1742 2194 si,
1795 2115 2101 2200 quoniam
2145 2138 2498 2203 speramus,

425 2216 740 2280 volumus
774 2213 1037 2298 quidem
1072 2223 1241 2277 certe
1278 2234 1461 2277 senes
1503 2210 1643 2277 fieri
1657 2258 1674 2287 ‚
1720 2211 1922 2275 multo
1969 2221 2116 2277 ante
2151 2234 2194 2276 a
2235 2223 2300 2279 te
2337 2212 2503 2279 didi-

424 2311 721 2375 cerimus
732 2353 751 2384 ‚
796 2308 1025 2391 quibus
1069 2307 1373 2373 facillime
1418 2305 1772 2371 rationibus
1807 2306 2359 2391 ingravescentem
2393 2330 2504 2375 ae-

428 2414 641 2470 tatem
676 2402 843 2467 ferre
874 2403 1215 2489 possimus.

563 2498 747 2565 Cato.
816 2496 1084 2562 Faciam
1117 2517 1301 2572 vero,
1338 2494 1555 2571 Laeli,
1602 2493 1979 2580 praesertim
2013 2494 2068 2559 si
2099 2494 2354 2579 utrique
2389 2519 2504 2563 ve·-

430 2601 664 2669 strum,
698 2601 773 2656 ut
806 2588 988 2667 dicis,
1025 2600 1281 2675 gratum
1317 2588 1609 2653 futurum
1644 2598 1761 2654 est.

552 2687 844 2754 Laelius.
915 2685 1237 2751 Volumus
1299 2706 1484 2761 sane,
1546 2681 1672 2747 nisi
1721 2682 2065 2747 molestum
2128 2692 2254 2759 est,
2311 2679 2499 2761 Cato,
2545 2702 2558 2707 “

430 2791 770 2867 tamquam
802 2780 1067 2866 longam
1102 2779 1386 2863 aliquam
1420 2778 1591 2843 viam
1638 2776 2024 2853 confeceris,
2077 2798 2274 2861 quam
2315 2776 2502 2841 nobis

430 2896 697 2961 quoque
732 2870 1236 2961 ingrediundum
1272 2874 1382 2951 sit,
1434 2873 1632 2949 istuc,
1687 2893 1817 2956 quo
1852 2871 2230 2957 pervenisti,
2283 2870 2502 2938 videre

433 2973 627 3055 quale
664 2970 768 3035 sit.

566 3066 751 3132 Cato.
822 3062 1118 3141 Faciam,
1154 3074 1228 3127 ut
1260 3073 1515 3149 potero,
1551 3060 1769 3126 Laeli·
1807 3082 2000 3146 saepe
2037 3059 2207 3126 enim
2239 3048 2572 3161 interfui3

434 3157 744 3242 querellis
778 3158 1143 3241 aequalium
1176 3178 1468 3221 meorum
1502 3190 1593 3203 --
1623 3178 1814 3241 pares
1852 3165 2070 3221 autem
2103 3167 2322 3221 vetere
2355 3120 2570 3242 pro-⁷

435 3253 665 3317 verbio
700 3271 851 3317 eum
893 3252 1158 3338 paribus
1200 3251 1503 3315 facillime
1548 3260 2026 3337 congregantur
2053 3285 2172 3327 --,
2216 3271 2384 3334 quae
2422 3246 2501 3314 C.

441 3343 801 3422 Salinator,
836 3366 1003 3429 quae
1041 3344 1156 3431 Sp.
1194 3344 1505 3421 Albinus,
1541 3342 1832 3410 homines
1868 3343 2263 3419 consulares,
2301 3341 2508 3406 nostri

440 3438 576 3505 fere
616 3440 935 3523 aequales,
972 3440 1303 3525 deplorare
1340 3438 1651 3515 solebant,
1685 3449 1827 3503 tum
1861 3436 2036 3520 quod
2069 3433 2505 3521 voluptatibus

446 3544 761 3611 carerent,
816 3534 953 3599 sine
989 3534 1223 3619 quibus
1242 3532 1457 3620 ‘vitam
1491 3532 1736 3597 nullam
1778 3538 2107 3617 putarent,
2158 3538 2298 3593 tum
2331 3527 2505 3611 quod

449 3639 897 3711 spernerentur
938 3628 1023 3694 ab
1056 3628 1134 3693 iis
1148 3676 1167 3706 ,
1214 3647 1257 3692 a
1290 3626 1523 3712 quibus
1558 3637 1776 3693 essent
1808 3623 1930 3689 coli
1965 3621 2162 3699 soliti3
2202 3620 2314 3706 qui
2347 3622 2506 3686 mihi

450 3740 575 3785 non
622 3722 692 3786 id
745 3722 1131 3789 videbantur
1180 3718 1515 3797 accusare,
1578 3720 1756 3804 quod
1819 3728 1990 3783 esset
2049 3714 2502 3783 accusandum.

453 3832 600 3878 nam
648 3816 704 3881 si
752 3815 824 3881 id
876 3817 1069 3902 culpa
1120 3816 1463 3883 senectutis
1510 3813 1856 3890 accideret,-
1911 3812 2136 3877 eadem
2180 3808 2337 3873 mihi
2379 3831 2505 3873 usu

451 3908 735 3975 venirent
785 3910 1180 3995 reliquisque
1232 3910 1528 3975 omnibus
1580 3906 1932 3973 maioribus
1993 3915 2178 3981 natu,
2230 3924 2506 3987 quorum

448 4023 567 4087 ego
598 4005 955 4071 multorum
1000 4005 1279 4092 cognovi
1323 4013 1715 4070 senectutem
1750 4000 1887 4065 sine
1925 3996 2237 4085 querella,
2281 3996 2394 4082 qui
2434 4019 2506 4063 se

447 4108 512 4162 et
558 4097 903 4165 libidinum
953 4099 1225 4167 vinculis
1271 4099 1519 4165 laxatos
1566 4119 1707 4164 esse
1761 4115 1906 4159 non
1941 4094 2210 4161 moleste
2264 4091 2506 4159 ferrent
