<?xml version="1.0" encoding="UTF-8"?>
<!DOCTYPE html PUBLIC "-//W3C//DTD XHTML 1.0 Transitional//EN"
    "http://www.w3.org/TR/xhtml1/DTD/xhtml1-transitional.dtd">
<html xmlns="http://www.w3.org/1999/xhtml" xml:lang="en" lang="en">
 <head>
  <title>
</title>
<meta http-equiv="Content-Type" content="text/html;charset=utf-8" />
  <meta name='ocr-system' content='tesseract 3.04.00' />
  <meta name='ocr-capabilities' content='ocr_page ocr_carea ocr_par ocr_line ocrx_word'/>
</head>
<body>
  <div class='ocr_page' id='page_1' title='image "./mtulliiciceroni03unkngoog_0603.png"; bbox 0 0 3292 4559; ppageno 0'>
   <div class='ocr_carea' id='block_1_1' title="bbox 1007 246 2562 322">
    <p class='ocr_par' dir='ltr' id='par_1_1' title="bbox 1007 246 2562 322">
     <span class='ocr_line' id='line_1_1' title="bbox 1007 246 2562 322; baseline -0.004 -3"><span class='ocrx_word' id='word_1_1' title='bbox 1007 264 1115 319; x_wconf 81' lang='lat' dir='ltr'><strong>DE</strong></span> <span class='ocrx_word' id='word_1_2' title='bbox 1148 264 1251 322; x_wconf 79' lang='lat' dir='ltr'><strong>RE</strong></span> <span class='ocrx_word' id='word_1_3' title='bbox 1284 262 1628 321; x_wconf 80' lang='lat' dir='ltr'><strong>PUBLICA</strong></span> <span class='ocrx_word' id='word_1_4' title='bbox 1663 263 1763 321; x_wconf 79' lang='lat' dir='ltr'><strong>vl.</strong></span> <span class='ocrx_word' id='word_1_5' title='bbox 1799 263 2040 318; x_wconf 78' lang='lat'><strong>21—27.</strong></span> <span class='ocrx_word' id='word_1_6' title='bbox 2431 246 2562 313; x_wconf 79' lang='lat'><strong>245</strong></span> 
     </span>
    </p>
   </div>
   <div class='ocr_carea' id='block_1_2' title="bbox 478 384 2680 4157">
    <p class='ocr_par' dir='ltr' id='par_1_2' title="bbox 478 384 2670 2647">
     <span class='ocr_line' id='line_1_2' title="bbox 482 384 2560 476; baseline -0.004 -17"><span class='ocrx_word' id='word_1_7' title='bbox 482 390 654 460; x_wconf 85' lang='lat' dir='ltr'><strong>enim</strong></span> <span class='ocrx_word' id='word_1_8' title='bbox 685 388 1091 476; x_wconf 86' lang='lat' dir='ltr'><strong>populariter</strong></span> <span class='ocrx_word' id='word_1_9' title='bbox 1126 410 1369 453; x_wconf 89' lang='lat' dir='ltr'><strong>annum</strong></span> <span class='ocrx_word' id='word_1_10' title='bbox 1404 396 1656 451; x_wconf 86' lang='lat' dir='ltr'><strong>tantum</strong></span> <span class='ocrx_word' id='word_1_11' title='bbox 1682 386 1874 451; x_wconf 86' lang='lat' dir='ltr'><strong>modo</strong></span> <span class='ocrx_word' id='word_1_12' title='bbox 1907 386 2080 464; x_wconf 70' lang='grc'><strong>80118,</strong></span> <span class='ocrx_word' id='word_1_13' title='bbox 2116 384 2184 450; x_wconf 90' lang='lat' dir='ltr'><strong>id</strong></span> <span class='ocrx_word' id='word_1_14' title='bbox 2211 394 2330 463; x_wconf 84' lang='lat' dir='ltr'><strong>est,</strong></span> <span class='ocrx_word' id='word_1_15' title='bbox 2366 385 2560 451; x_wconf 84' lang='lat' dir='ltr'><strong>unius</strong></span> 
     </span>
     <span class='ocr_line' id='line_1_3' title="bbox 482 480 2650 559; baseline -0.003 -8"><span class='ocrx_word' id='word_1_16' title='bbox 482 484 637 552; x_wconf 82' lang='lat' dir='ltr'><strong>astri</strong></span> <span class='ocrx_word' id='word_1_17' title='bbox 671 484 891 549; x_wconf 84' lang='lat' dir='ltr'><strong>reditu</strong></span> <span class='ocrx_word' id='word_1_18' title='bbox 926 482 1306 549; x_wconf 81' lang='lat' dir='ltr'><strong>metiuntur.</strong></span> <span class='ocrx_word' id='word_1_19' title='bbox 1354 500 1505 547; x_wconf 86' lang='lat' dir='ltr'><strong>cum</strong></span> <span class='ocrx_word' id='word_1_20' title='bbox 1541 490 1760 547; x_wconf 86' lang='lat' dir='ltr'><strong>autem</strong></span> <span class='ocrx_word' id='word_1_21' title='bbox 1796 480 1880 545; x_wconf 89' lang='lat' dir='ltr'><strong>ad</strong></span> <span class='ocrx_word' id='word_1_22' title='bbox 1913 480 2115 557; x_wconf 88' lang='lat' dir='ltr'><strong>idem,</strong></span> <span class='ocrx_word' id='word_1_23' title='bbox 2151 480 2324 547; x_wconf 86' lang='lat' dir='ltr'><strong>unde</strong></span> <span class='ocrx_word' id='word_1_24' title='bbox 2361 482 2561 547; x_wconf 84' lang='lat' dir='ltr'><strong>semel</strong></span> <span class='ocrx_word' id='word_1_25' title='bbox 2637 546 2650 559; x_wconf 80' lang='lat'><em>‚</em></span> 
     </span>
     <span class='ocr_line' id='line_1_4' title="bbox 481 573 2560 666; baseline -0.003 -21"><span class='ocrx_word' id='word_1_26' title='bbox 481 578 775 666; x_wconf 75' lang='lat' dir='ltr'><strong>profecta</strong></span> <span class='ocrx_word' id='word_1_27' title='bbox 830 586 1009 655; x_wconf 87' lang='lat' dir='ltr'><strong>sunt,</strong></span> <span class='ocrx_word' id='word_1_28' title='bbox 1066 586 1298 643; x_wconf 86' lang='lat' dir='ltr'><strong>cuncta</strong></span> <span class='ocrx_word' id='word_1_29' title='bbox 1357 584 1531 640; x_wconf 81' lang='lat' dir='ltr'><strong>astra</strong></span> <span class='ocrx_word' id='word_1_30' title='bbox 1573 574 1880 641; x_wconf 82' lang='lat' dir='ltr'><strong>redierint</strong></span> <span class='ocrx_word' id='word_1_31' title='bbox 1923 575 2320 659; x_wconf 79' lang='lat' dir='ltr'><strong>eandemque</strong></span> <span class='ocrx_word' id='word_1_32' title='bbox 2363 573 2560 640; x_wconf 84' lang='lat' dir='ltr'><strong>totius</strong></span> 
     </span>
     <span class='ocr_line' id='line_1_5' title="bbox 478 664 2564 758; baseline -0.003 -19"><span class='ocrx_word' id='word_1_33' title='bbox 478 673 643 739; x_wconf 85' lang='lat' dir='ltr'><strong>caeli</strong></span> <span class='ocrx_word' id='word_1_34' title='bbox 678 670 1183 758; x_wconf 72' lang='lat' dir='ltr'><strong>descriptionem</strong></span> <span class='ocrx_word' id='word_1_35' title='bbox 1216 669 1430 755; x_wconf 90' lang='lat' dir='ltr'><strong>longis</strong></span> <span class='ocrx_word' id='word_1_36' title='bbox 1460 668 1816 735; x_wconf 85' lang='lat' dir='ltr'><strong>intervallis</strong></span> <span class='ocrx_word' id='word_1_37' title='bbox 1852 668 2244 746; x_wconf 82' lang='lat' dir='ltr'><strong>rettulerint,</strong></span> <span class='ocrx_word' id='word_1_38' title='bbox 2280 679 2420 733; x_wconf 89' lang='lat' dir='ltr'><strong>tum</strong></span> <span class='ocrx_word' id='word_1_39' title='bbox 2453 664 2564 734; x_wconf 89' lang='lat' dir='ltr'><strong>ille</strong></span> 
     </span>
     <span class='ocr_line' id='line_1_6' title="bbox 483 762 2564 850; baseline -0.003 -17"><span class='ocrx_word' id='word_1_40' title='bbox 483 788 635 833; x_wconf 86' lang='lat' dir='ltr'><strong>vere</strong></span> <span class='ocrx_word' id='word_1_41' title='bbox 678 776 949 833; x_wconf 82' lang='lat' dir='ltr'><strong>vertens</strong></span> <span class='ocrx_word' id='word_1_42' title='bbox 988 788 1195 831; x_wconf 84' lang='lat' dir='ltr'><strong>annus</strong></span> <span class='ocrx_word' id='word_1_43' title='bbox 1241 762 1551 850; x_wconf 80' lang='lat' dir='ltr'><strong>appellari</strong></span> <span class='ocrx_word' id='word_1_44' title='bbox 1593 774 1835 850; x_wconf 77' lang='lat' dir='ltr'><strong>potest3</strong></span> <span class='ocrx_word' id='word_1_45' title='bbox 1888 762 1956 827; x_wconf 86' lang='lat' dir='ltr'><strong>in</strong></span> <span class='ocrx_word' id='word_1_46' title='bbox 2009 784 2139 847; x_wconf 89' lang='lat' dir='ltr'><strong>quo</strong></span> <span class='ocrx_word' id='word_1_47' title='bbox 2195 762 2308 827; x_wconf 82' lang='lat' dir='ltr'><strong>vix</strong></span> <span class='ocrx_word' id='word_1_48' title='bbox 2349 762 2564 827; x_wconf 81' lang='lat' dir='ltr'><strong>dicere</strong></span> 
     </span>
     <span class='ocr_line' id='line_1_7' title="bbox 483 855 2564 945; baseline -0.003 -18"><span class='ocrx_word' id='word_1_49' title='bbox 483 861 693 927; x_wconf 85' lang='lat' dir='ltr'><strong>audeo</strong></span> <span class='ocrx_word' id='word_1_50' title='bbox 750 882 955 945; x_wconf 89' lang='lat' dir='ltr'><strong>quam</strong></span> <span class='ocrx_word' id='word_1_51' title='bbox 1008 856 1215 925; x_wconf 87' lang='lat' dir='ltr'><strong>multa&#39;</strong></span> <span class='ocrx_word' id='word_1_52' title='bbox 1256 855 1591 923; x_wconf 84' lang='lat' dir='ltr'><strong>hominum</strong></span> <span class='ocrx_word' id='word_1_53' title='bbox 1632 858 1892 923; x_wconf 80' lang='lat' dir='ltr'><strong>saecula</strong></span> <span class='ocrx_word' id='word_1_54' title='bbox 1935 866 2293 923; x_wconf 85' lang='lat' dir='ltr'><strong>teneantur.</strong></span> <span class='ocrx_word' id='word_1_55' title='bbox 2381 878 2564 921; x_wconf 88' lang='lat' dir='ltr'><strong>nam-</strong></span> 
     </span>
     <span class='ocr_line' id='line_1_8' title="bbox 484 948 2562 1039; baseline -0.003 -20"><span class='ocrx_word' id='word_1_56' title='bbox 484 976 611 1039; x_wconf 88' lang='lat' dir='ltr'><strong>que</strong></span> <span class='ocrx_word' id='word_1_57' title='bbox 664 965 743 1019; x_wconf 87' lang='lat' dir='ltr'><strong>ut</strong></span> <span class='ocrx_word' id='word_1_58' title='bbox 796 954 953 1019; x_wconf 77' lang='lat' dir='ltr'><strong>olim</strong></span> <span class='ocrx_word' id='word_1_59' title='bbox 1008 953 1283 1020; x_wconf 88' lang='lat' dir='ltr'><strong>deficere</strong></span> <span class='ocrx_word' id='word_1_60' title='bbox 1328 952 1425 1017; x_wconf 90' lang='lat' dir='ltr'><strong>sol</strong></span> <span class='ocrx_word' id='word_1_61' title='bbox 1471 950 1840 1017; x_wconf 86' lang='lat' dir='ltr'><strong>hominibus</strong></span> <span class='ocrx_word' id='word_1_62' title='bbox 1887 950 2342 1037; x_wconf 78' lang='lat' dir='ltr'><strong>exstinguique</strong></span> <span class='ocrx_word' id='word_1_63' title='bbox 2385 948 2562 1014; x_wconf 87' lang='lat' dir='ltr'><strong>visus</strong></span> 
     </span>
     <span class='ocr_line' id='line_1_9' title="bbox 484 1042 2562 1132; baseline -0.005 -15"><span class='ocrx_word' id='word_1_64' title='bbox 484 1059 599 1128; x_wconf 86' lang='lat' dir='ltr'><strong>est,</strong></span> <span class='ocrx_word' id='word_1_65' title='bbox 648 1072 808 1115; x_wconf 85' lang='lat' dir='ltr'><strong>cum.</strong></span> <span class='ocrx_word' id='word_1_66' title='bbox 842 1047 1106 1115; x_wconf 84' lang='lat' dir='ltr'><strong>Romuli</strong></span> <span class='ocrx_word' id='word_1_67' title='bbox 1142 1046 1393 1113; x_wconf 88' lang='lat' dir='ltr'><strong>animus</strong></span> <span class='ocrx_word' id='word_1_68' title='bbox 1427 1046 1591 1111; x_wconf 90' lang='lat' dir='ltr'><strong>haec</strong></span> <span class='ocrx_word' id='word_1_69' title='bbox 1624 1046 1777 1132; x_wconf 84' lang='lat' dir='ltr'><strong>ipsa.</strong></span> <span class='ocrx_word' id='word_1_70' title='bbox 1803 1045 1872 1111; x_wconf 93' lang='lat' dir='ltr'><strong>in</strong></span> <span class='ocrx_word' id='word_1_71' title='bbox 1907 1046 2150 1131; x_wconf 83' lang='lat' dir='ltr'><strong>templa</strong></span> <span class='ocrx_word' id='word_1_72' title='bbox 2183 1042 2562 1131; x_wconf 84' lang='lat' dir='ltr'><strong>penetravit,</strong></span> 
     </span>
     <span class='ocr_line' id='line_1_10' title="bbox 484 1138 2639 1251; baseline -0.003 -43"><span class='ocrx_word' id='word_1_73' title='bbox 484 1142 893 1227; x_wconf 87' lang='lat' dir='ltr'><strong>quandoque</strong></span> <span class='ocrx_word' id='word_1_74' title='bbox 920 1143 1003 1207; x_wconf 87' lang='lat' dir='ltr'><strong>ab</strong></span> <span class='ocrx_word' id='word_1_75' title='bbox 1038 1141 1265 1207; x_wconf 82' lang='lat' dir='ltr'><strong>eadem</strong></span> <span class='ocrx_word' id='word_1_76' title='bbox 1292 1150 1476 1226; x_wconf 84' lang='lat' dir='ltr'><strong>parte</strong></span> <span class='ocrx_word' id='word_1_77' title='bbox 1502 1141 1599 1205; x_wconf 89' lang='lat' dir='ltr'><strong>sol</strong></span> <span class='ocrx_word' id='word_1_78' title='bbox 1625 1140 2004 1251; x_wconf 83' lang='lat' dir='ltr'><strong>eodemque</strong></span> <span class='ocrx_word' id='word_1_79' title='bbox 2014 1150 2302 1250; x_wconf 75' lang='lat' dir='ltr'><strong>tempore</strong></span> <span class='ocrx_word' id='word_1_80' title='bbox 2328 1138 2563 1205; x_wconf 82' lang='lat' dir='ltr'><strong>iterum</strong></span> <span class='ocrx_word' id='word_1_81' title='bbox 2637 1199 2639 1201; x_wconf 78' lang='grc'><strong>,</strong></span> 
     </span>
     <span class='ocr_line' id='line_1_11' title="bbox 485 1233 2564 1323; baseline -0.001 -22"><span class='ocrx_word' id='word_1_82' title='bbox 485 1237 829 1315; x_wconf 82' lang='lat' dir='ltr'><strong>defecerit,</strong></span> <span class='ocrx_word' id='word_1_83' title='bbox 883 1247 1025 1302; x_wconf 89' lang='lat' dir='ltr'><strong>tum</strong></span> <span class='ocrx_word' id='word_1_84' title='bbox 1076 1236 1277 1323; x_wconf 85' lang='lat' dir='ltr'><strong>signis</strong></span> <span class='ocrx_word' id='word_1_85' title='bbox 1330 1234 1627 1301; x_wconf 86' lang='lat' dir='ltr'><strong>omnibus</strong></span> <span class='ocrx_word' id='word_1_86' title='bbox 1673 1235 1758 1300; x_wconf 88' lang='lat' dir='ltr'><strong>ad</strong></span> <span class='ocrx_word' id='word_1_87' title='bbox 1801 1234 2190 1322; x_wconf 88' lang='lat' dir='ltr'><strong>principium</strong></span> <span class='ocrx_word' id='word_1_88' title='bbox 2237 1233 2564 1321; x_wconf 78' lang='lat' dir='ltr'><strong>stellisque</strong></span> 
     </span>
     <span class='ocr_line' id='line_1_12' title="bbox 484 1327 2592 1416; baseline -0.001 -21"><span class='ocrx_word' id='word_1_89' title='bbox 484 1332 803 1398; x_wconf 87' lang='lat' dir='ltr'><strong>revocatis</strong></span> <span class='ocrx_word' id='word_1_90' title='bbox 862 1332 1193 1416; x_wconf 83' lang='lat' dir='ltr'><strong>expletum</strong></span> <span class='ocrx_word' id='word_1_91' title='bbox 1246 1352 1489 1395; x_wconf 84' lang='lat' dir='ltr'><strong>annum</strong></span> <span class='ocrx_word' id='word_1_92' title='bbox 1540 1330 1806 1407; x_wconf 86' lang='lat' dir='ltr'><strong>habeto,</strong></span> <span class='ocrx_word' id='word_1_93' title='bbox 1861 1330 2045 1397; x_wconf 86' lang='lat' dir='ltr'><strong>cuius</strong></span> <span class='ocrx_word' id='word_1_94' title='bbox 2099 1330 2362 1414; x_wconf 89' lang='lat' dir='ltr'><strong>quidem</strong></span> <span class='ocrx_word' id='word_1_95' title='bbox 2413 1327 2592 1393; x_wconf 54' lang='lat' dir='ltr'><strong>anni*</strong></span> 
     </span>
     <span class='ocr_line' id='line_1_13' title="bbox 482 1414 2670 1539; baseline 0 -50"><span class='ocrx_word' id='word_1_96' title='bbox 482 1426 779 1491; x_wconf 89' lang='lat' dir='ltr'><strong>nondum</strong></span> <span class='ocrx_word' id='word_1_97' title='bbox 830 1425 1205 1491; x_wconf 76' lang='lat' dir='ltr'><strong>vicesimam</strong></span> <span class='ocrx_word' id='word_1_98' title='bbox 1248 1436 1499 1511; x_wconf 70' lang='lat' dir='ltr'><strong>partem</strong></span> <span class='ocrx_word' id='word_1_99' title='bbox 1543 1426 1704 1491; x_wconf 85' lang='lat' dir='ltr'><strong>scito</strong></span> <span class='ocrx_word' id='word_1_100' title='bbox 1742 1447 1884 1492; x_wconf 86' lang='lat' dir='ltr'><strong>esse</strong></span> <span class='ocrx_word' id='word_1_101' title='bbox 1919 1447 2316 1491; x_wconf 74' lang='lat' dir='ltr'><strong>conversam.</strong></span> <span class='ocrx_word' id='word_1_102' title='bbox 2405 1444 2564 1509; x_wconf 87' lang='lat' dir='ltr'><strong>quo-</strong></span> <span class='ocrx_word' id='word_1_103' title='bbox 2599 1414 2670 1539; x_wconf 62' lang='lat'><strong>2}</strong></span> 
     </span>
     <span class='ocr_line' id='line_1_14' title="bbox 486 1488 2633 1607; baseline -0.001 -22"><span class='ocrx_word' id='word_1_104' title='bbox 486 1520 656 1585; x_wconf 86' lang='lat' dir='ltr'><strong>circa</strong></span> <span class='ocrx_word' id='word_1_105' title='bbox 690 1520 748 1585; x_wconf 86' lang='lat' dir='ltr'><strong>si</strong></span> <span class='ocrx_word' id='word_1_106' title='bbox 783 1520 1118 1585; x_wconf 84' lang='lat' dir='ltr'><strong>reditum</strong></span> <span class='ocrx_word' id='word_1_107' title='bbox 1100 1544 1169 1585; x_wconf 89' lang='lat' dir='ltr'><strong>m</strong></span> <span class='ocrx_word' id='word_1_108' title='bbox 1203 1519 1377 1585; x_wconf 88' lang='lat' dir='ltr'><strong>hunc</strong></span> <span class='ocrx_word' id='word_1_109' title='bbox 1412 1520 1629 1586; x_wconf 83' lang='lat' dir='ltr'><strong>locum</strong></span> <span class='ocrx_word' id='word_1_110' title='bbox 1666 1520 2179 1607; x_wconf 76' lang='lat' dir='ltr'><strong>desperaveris,</strong></span> <span class='ocrx_word' id='word_1_111' title='bbox 2159 1544 2228 1585; x_wconf 89' lang='lat' dir='ltr'><strong>m</strong></span> <span class='ocrx_word' id='word_1_112' title='bbox 2262 1541 2392 1604; x_wconf 88' lang='lat' dir='ltr'><strong>quo</strong></span> <span class='ocrx_word' id='word_1_113' title='bbox 2427 1541 2568 1584; x_wconf 88' lang='lat' dir='ltr'><strong>om·-</strong></span> <span class='ocrx_word' id='word_1_114' title='bbox 2607 1488 2633 1527; x_wconf 68' lang='lat'>²</span> 
     </span>
     <span class='ocr_line' id='line_1_15' title="bbox 483 1614 2567 1700; baseline -0 -22"><span class='ocrx_word' id='word_1_115' title='bbox 483 1615 593 1679; x_wconf 88' lang='lat' dir='ltr'><strong>nia</strong></span> <span class='ocrx_word' id='word_1_116' title='bbox 644 1625 801 1679; x_wconf 87' lang='lat' dir='ltr'><strong>sunt</strong></span> <span class='ocrx_word' id='word_1_117' title='bbox 844 1614 1101 1700; x_wconf 87' lang='lat' dir='ltr'><strong>magnis</strong></span> <span class='ocrx_word' id='word_1_118' title='bbox 1158 1625 1223 1680; x_wconf 87' lang='lat' dir='ltr'><strong>et</strong></span> <span class='ocrx_word' id='word_1_119' title='bbox 1276 1616 1753 1700; x_wconf 78' lang='lat' dir='ltr'><strong>praestantibus</strong></span> <span class='ocrx_word' id='word_1_120' title='bbox 1798 1615 1982 1693; x_wconf 89' lang='lat' dir='ltr'><strong>viris,</strong></span> <span class='ocrx_word' id='word_1_121' title='bbox 2037 1614 2262 1699; x_wconf 85' lang='lat' dir='ltr'><strong>quanti</strong></span> <span class='ocrx_word' id='word_1_122' title='bbox 2305 1614 2567 1680; x_wconf 87' lang='lat' dir='ltr'><strong>tandem</strong></span> 
     </span>
     <span class='ocr_line' id='line_1_16' title="bbox 482 1707 2566 1797; baseline -0.001 -24"><span class='ocrx_word' id='word_1_123' title='bbox 482 1720 578 1773; x_wconf 86' lang='lat' dir='ltr'><strong>est</strong></span> <span class='ocrx_word' id='word_1_124' title='bbox 628 1709 758 1775; x_wconf 83' lang='lat' dir='ltr'><strong>ista</strong></span> <span class='ocrx_word' id='word_1_125' title='bbox 814 1708 1150 1775; x_wconf 84' lang='lat' dir='ltr'><strong>hominum</strong></span> <span class='ocrx_word' id='word_1_126' title='bbox 1204 1709 1439 1795; x_wconf 70' lang='lat' dir='ltr'><strong>gloria,</strong></span> <span class='ocrx_word' id='word_1_127' title='bbox 1494 1732 1664 1793; x_wconf 86' lang='lat' dir='ltr'><strong>quae</strong></span> <span class='ocrx_word' id='word_1_128' title='bbox 1717 1710 2040 1797; x_wconf 81' lang='lat' dir='ltr'><strong>pertinere</strong></span> <span class='ocrx_word' id='word_1_129' title='bbox 2091 1709 2203 1775; x_wconf 82' lang='lat' dir='ltr'><strong>vix</strong></span> <span class='ocrx_word' id='word_1_130' title='bbox 2249 1707 2332 1773; x_wconf 89' lang='lat' dir='ltr'><strong>ad</strong></span> <span class='ocrx_word' id='word_1_131' title='bbox 2375 1708 2566 1772; x_wconf 86' lang='lat' dir='ltr'><strong>unius</strong></span> 
     </span>
     <span class='ocr_line' id='line_1_17' title="bbox 480 1802 2568 1891; baseline 0 -24"><span class='ocrx_word' id='word_1_132' title='bbox 480 1803 632 1867; x_wconf 86' lang='lat' dir='ltr'><strong>anni</strong></span> <span class='ocrx_word' id='word_1_133' title='bbox 674 1814 937 1889; x_wconf 85' lang='lat' dir='ltr'><strong>partem</strong></span> <span class='ocrx_word' id='word_1_134' title='bbox 974 1802 1283 1889; x_wconf 87' lang='lat' dir='ltr'><strong>exiguam</strong></span> <span class='ocrx_word' id='word_1_135' title='bbox 1316 1805 1570 1889; x_wconf 82' lang='lat' dir='ltr'><strong>potest?</strong></span> <span class='ocrx_word' id='word_1_136' title='bbox 1639 1804 1840 1891; x_wconf 82' lang='lat' dir='ltr'><strong>igitur</strong></span> <span class='ocrx_word' id='word_1_137' title='bbox 1873 1805 2000 1871; x_wconf 87' lang='lat' dir='ltr'><strong>alte</strong></span> <span class='ocrx_word' id='word_1_138' title='bbox 2037 1814 2328 1890; x_wconf 83' lang='lat' dir='ltr'><strong>spectare</strong></span> <span class='ocrx_word' id='word_1_139' title='bbox 2364 1802 2421 1869; x_wconf 85' lang='lat' dir='ltr'><strong>si</strong></span> <span class='ocrx_word' id='word_1_140' title='bbox 2454 1823 2568 1867; x_wconf 89' lang='lat' dir='ltr'><strong>vo-</strong></span> 
     </span>
     <span class='ocr_line' id='line_1_18' title="bbox 482 1896 2568 1984; baseline 0.001 -23"><span class='ocrx_word' id='word_1_141' title='bbox 482 1896 575 1961; x_wconf 86' lang='lat' dir='ltr'><strong>les</strong></span> <span class='ocrx_word' id='word_1_142' title='bbox 636 1908 843 1984; x_wconf 86' lang='lat' dir='ltr'><strong>atque</strong></span> <span class='ocrx_word' id='word_1_143' title='bbox 912 1896 1082 1963; x_wconf 85' lang='lat' dir='ltr'><strong>hanc</strong></span> <span class='ocrx_word' id='word_1_144' title='bbox 1146 1897 1366 1963; x_wconf 84' lang='lat' dir='ltr'><strong>sedem</strong></span> <span class='ocrx_word' id='word_1_145' title='bbox 1427 1908 1491 1964; x_wconf 87' lang='lat' dir='ltr'><strong>et</strong></span> <span class='ocrx_word' id='word_1_146' title='bbox 1552 1909 1881 1964; x_wconf 83' lang='lat' dir='ltr'><strong>aeternam</strong></span> <span class='ocrx_word' id='word_1_147' title='bbox 1943 1900 2208 1964; x_wconf 88' lang='lat' dir='ltr'><strong>domum</strong></span> <span class='ocrx_word' id='word_1_148' title='bbox 2259 1896 2568 1981; x_wconf 78' lang='lat' dir='ltr'><strong>contueri,</strong></span> 
     </span>
     <span class='ocr_line' id='line_1_19' title="bbox 483 1991 2570 2079; baseline 0 -24"><span class='ocrx_word' id='word_1_149' title='bbox 483 2012 695 2076; x_wconf 87' lang='lat' dir='ltr'><strong>neque</strong></span> <span class='ocrx_word' id='word_1_150' title='bbox 736 2003 813 2058; x_wconf 84' lang='lat' dir='ltr'><strong>te</strong></span> <span class='ocrx_word' id='word_1_151' title='bbox 856 1991 1257 2058; x_wconf 82' lang='lat' dir='ltr'><strong>sermonibus</strong></span> <span class='ocrx_word' id='word_1_152' title='bbox 1302 1992 1483 2079; x_wconf 89' lang='lat' dir='ltr'><strong>volgi</strong></span> <span class='ocrx_word' id='word_1_153' title='bbox 1531 1993 1784 2059; x_wconf 88' lang='lat' dir='ltr'><strong>dederis</strong></span> <span class='ocrx_word' id='word_1_154' title='bbox 1829 2016 1950 2059; x_wconf 88' lang='lat' dir='ltr'><strong>nec</strong></span> <span class='ocrx_word' id='word_1_155' title='bbox 1996 1995 2066 2059; x_wconf 89' lang='lat' dir='ltr'><strong>in</strong></span> <span class='ocrx_word' id='word_1_156' title='bbox 2111 1992 2414 2079; x_wconf 86' lang='lat' dir='ltr'><strong>praemiis</strong></span> <span class='ocrx_word' id='word_1_157' title='bbox 2447 1992 2570 2078; x_wconf 89' lang='lat' dir='ltr'><strong>hu-</strong></span> 
     </span>
     <span class='ocr_line' id='line_1_20' title="bbox 486 2085 2570 2173; baseline -0 -23"><span class='ocrx_word' id='word_1_158' title='bbox 486 2087 692 2151; x_wconf 82' lang='lat' dir='ltr'><strong>manis</strong></span> <span class='ocrx_word' id='word_1_159' title='bbox 738 2108 928 2173; x_wconf 86' lang='lat' dir='ltr'><strong>spem</strong></span> <span class='ocrx_word' id='word_1_160' title='bbox 972 2086 1265 2173; x_wconf 90' lang='lat' dir='ltr'><strong>posueris</strong></span> <span class='ocrx_word' id='word_1_161' title='bbox 1310 2108 1527 2153; x_wconf 90' lang='lat' dir='ltr'><strong>rerum</strong></span> <span class='ocrx_word' id='word_1_162' title='bbox 1572 2098 1864 2153; x_wconf 83' lang='lat' dir='ltr'><strong>tuarum:</strong></span> <span class='ocrx_word' id='word_1_163' title='bbox 1919 2088 2050 2155; x_wconf 86' lang='lat' dir='ltr'><strong>suis</strong></span> <span class='ocrx_word' id='word_1_164' title='bbox 2087 2100 2151 2155; x_wconf 89' lang='lat' dir='ltr'><strong>te</strong></span> <span class='ocrx_word' id='word_1_165' title='bbox 2187 2096 2439 2173; x_wconf 79' lang='lat' dir='ltr'><strong>oportet</strong></span> <span class='ocrx_word' id='word_1_166' title='bbox 2471 2085 2570 2149; x_wconf 88' lang='lat' dir='ltr'><strong>in-</strong></span> 
     </span>
     <span class='ocr_line' id='line_1_21' title="bbox 486 2180 2568 2267; baseline 0 -24"><span class='ocrx_word' id='word_1_167' title='bbox 486 2180 759 2247; x_wconf 81' lang='lat' dir='ltr'><strong>lecebris</strong></span> <span class='ocrx_word' id='word_1_168' title='bbox 804 2180 949 2266; x_wconf 87' lang='lat' dir='ltr'><strong>ipsa</strong></span> <span class='ocrx_word' id='word_1_169' title='bbox 990 2181 1195 2247; x_wconf 88' lang='lat' dir='ltr'><strong>virtus</strong></span> <span class='ocrx_word' id='word_1_170' title='bbox 1240 2180 1453 2247; x_wconf 85' lang='lat' dir='ltr'><strong>trahat</strong></span> <span class='ocrx_word' id='word_1_171' title='bbox 1500 2182 1586 2247; x_wconf 87' lang='lat' dir='ltr'><strong>ad</strong></span> <span class='ocrx_word' id='word_1_172' title='bbox 1631 2204 1859 2249; x_wconf 86' lang='lat' dir='ltr'><strong>verum</strong></span> <span class='ocrx_word' id='word_1_173' title='bbox 1905 2183 2132 2261; x_wconf 87' lang='lat' dir='ltr'><strong>decus,</strong></span> <span class='ocrx_word' id='word_1_174' title='bbox 2179 2181 2336 2267; x_wconf 84' lang='lat' dir='ltr'><strong>quid</strong></span> <span class='ocrx_word' id='word_1_175' title='bbox 2377 2180 2460 2245; x_wconf 84' lang='lat' dir='ltr'><strong>de</strong></span> <span class='ocrx_word' id='word_1_176' title='bbox 2505 2191 2568 2245; x_wconf 90' lang='lat' dir='ltr'><strong>te</strong></span> 
     </span>
     <span class='ocr_line' id='line_1_22' title="bbox 488 2274 2568 2363; baseline -0 -24"><span class='ocrx_word' id='word_1_177' title='bbox 488 2274 599 2339; x_wconf 88' lang='lat' dir='ltr'><strong>alii</strong></span> <span class='ocrx_word' id='word_1_178' title='bbox 631 2276 983 2361; x_wconf 81' lang='lat' dir='ltr'><strong>loquantur</strong></span> <span class='ocrx_word' id='word_1_179' title='bbox 1012 2276 1140 2361; x_wconf 88' lang='lat' dir='ltr'><strong>ipsi</strong></span> <span class='ocrx_word' id='word_1_180' title='bbox 1174 2276 1468 2354; x_wconf 84' lang='lat' dir='ltr'><strong>videant,</strong></span> <span class='ocrx_word' id='word_1_181' title='bbox 1505 2277 1619 2343; x_wconf 88' lang='lat' dir='ltr'><strong>sed</strong></span> <span class='ocrx_word' id='word_1_182' title='bbox 1655 2279 2004 2363; x_wconf 84' lang='lat' dir='ltr'><strong>loquentur</strong></span> <span class='ocrx_word' id='word_1_183' title='bbox 2036 2288 2270 2343; x_wconf 86' lang='lat' dir='ltr'><strong>tamen.</strong></span> <span class='ocrx_word' id='word_1_184' title='bbox 2361 2295 2568 2340; x_wconf 90' lang='lat' dir='ltr'><strong>sermo</strong></span> 
     </span>
     <span class='ocr_line' id='line_1_23' title="bbox 490 2369 2568 2459; baseline 0 -26"><span class='ocrx_word' id='word_1_185' title='bbox 490 2380 711 2435; x_wconf 86' lang='lat' dir='ltr'><strong>autem</strong></span> <span class='ocrx_word' id='word_1_186' title='bbox 745 2369 954 2435; x_wconf 84' lang='lat' dir='ltr'><strong>omnis</strong></span> <span class='ocrx_word' id='word_1_187' title='bbox 988 2370 1096 2435; x_wconf 86' lang='lat' dir='ltr'><strong>ille</strong></span> <span class='ocrx_word' id='word_1_188' title='bbox 1135 2380 1199 2437; x_wconf 90' lang='lat' dir='ltr'><strong>et</strong></span> <span class='ocrx_word' id='word_1_189' title='bbox 1238 2370 1555 2458; x_wconf 88' lang='lat' dir='ltr'><strong>angustiis</strong></span> <span class='ocrx_word' id='word_1_190' title='bbox 1593 2370 1874 2459; x_wconf 83' lang='lat' dir='ltr'><strong>cingitur</strong></span> <span class='ocrx_word' id='word_1_191' title='bbox 1901 2372 1984 2437; x_wconf 82' lang='lat' dir='ltr'><strong>iis</strong></span> <span class='ocrx_word' id='word_1_192' title='bbox 2010 2372 2369 2459; x_wconf 86' lang='lat' dir='ltr'><strong>regionum,</strong></span> <span class='ocrx_word' id='word_1_193' title='bbox 2405 2388 2568 2453; x_wconf 85' lang='lat' dir='ltr'><strong>quas</strong></span> 
     </span>
     <span class='ocr_line' id='line_1_24' title="bbox 492 2462 2570 2553; baseline 0 -26"><span class='ocrx_word' id='word_1_194' title='bbox 492 2462 700 2542; x_wconf 85' lang='lat' dir='ltr'><strong>vides,</strong></span> <span class='ocrx_word' id='word_1_195' title='bbox 741 2486 864 2529; x_wconf 87' lang='lat' dir='ltr'><strong>nec</strong></span> <span class='ocrx_word' id='word_1_196' title='bbox 898 2486 1209 2549; x_wconf 83' lang='lat' dir='ltr'><strong>umquam</strong></span> <span class='ocrx_word' id='word_1_197' title='bbox 1244 2466 1326 2531; x_wconf 92' lang='lat' dir='ltr'><strong>de</strong></span> <span class='ocrx_word' id='word_1_198' title='bbox 1366 2467 1502 2531; x_wconf 90' lang='lat' dir='ltr'><strong>ullo</strong></span> <span class='ocrx_word' id='word_1_199' title='bbox 1536 2467 1839 2553; x_wconf 85' lang='lat' dir='ltr'><strong>perennis</strong></span> <span class='ocrx_word' id='word_1_200' title='bbox 1872 2466 1996 2531; x_wconf 89' lang='lat' dir='ltr'><strong>fuit</strong></span> <span class='ocrx_word' id='word_1_201' title='bbox 2031 2478 2096 2532; x_wconf 87' lang='lat' dir='ltr'><strong>et</strong></span> <span class='ocrx_word' id='word_1_202' title='bbox 2131 2464 2420 2531; x_wconf 87' lang='lat' dir='ltr'><strong>obruitur</strong></span> <span class='ocrx_word' id='word_1_203' title='bbox 2455 2462 2570 2527; x_wconf 89' lang='lat' dir='ltr'><strong>ho-</strong></span> 
     </span>
     <span class='ocr_line' id='line_1_25' title="bbox 493 2556 2438 2647; baseline 0.001 -26"><span class='ocrx_word' id='word_1_204' title='bbox 493 2557 745 2623; x_wconf 88' lang='lat' dir='ltr'><strong>minum</strong></span> <span class='ocrx_word' id='word_1_205' title='bbox 778 2559 1066 2633; x_wconf 89' lang='lat' dir='ltr'><strong>interitu</strong></span> <span class='ocrx_word' id='word_1_206' title='bbox 1076 2570 1139 2625; x_wconf 89' lang='lat' dir='ltr'><strong>et</strong></span> <span class='ocrx_word' id='word_1_207' title='bbox 1176 2560 1501 2627; x_wconf 84' lang='lat' dir='ltr'><strong>oblivione</strong></span> <span class='ocrx_word' id='word_1_208' title='bbox 1540 2562 1934 2647; x_wconf 78' lang='lat' dir='ltr'><strong>posteritatis</strong></span> <span class='ocrx_word' id='word_1_209' title='bbox 1969 2556 2438 2646; x_wconf 65' lang='lat' dir='ltr'><strong>exstinguitur?</strong></span> 
     </span>
    </p>

    <p class='ocr_par' dir='ltr' id='par_1_3' title="bbox 494 2648 2680 4157">
     <span class='ocr_line' id='line_1_26' title="bbox 624 2648 2671 2764; baseline 0.001 -51"><span class='ocrx_word' id='word_1_210' title='bbox 624 2659 731 2730; x_wconf 89' lang='lat'>(8.)</span> <span class='ocrx_word' id='word_1_211' title='bbox 768 2652 957 2734; x_wconf 80' lang='lat' dir='ltr'><strong>Quae</strong></span> <span class='ocrx_word' id='word_1_212' title='bbox 984 2676 1135 2719; x_wconf 85' lang='lat' dir='ltr'><strong>cum</strong></span> <span class='ocrx_word' id='word_1_213' title='bbox 1163 2654 1449 2733; x_wconf 83' lang='lat' dir='ltr'><strong>dixisset,</strong></span> <span class='ocrx_word' id='word_1_214' title='bbox 1486 2662 1639 2741; x_wconf 85' lang='lat' dir='ltr'><strong>‘ego</strong></span> <span class='ocrx_word' id='word_1_215' title='bbox 1667 2656 1863 2733; x_wconf 87' lang='lat' dir='ltr'><strong>vero,’</strong></span> <span class='ocrx_word' id='word_1_216' title='bbox 1901 2656 2168 2764; x_wconf 85' lang='lat' dir='ltr'><strong>inquam</strong></span> <span class='ocrx_word' id='word_1_217' title='bbox 2204 2653 2564 2729; x_wconf 87' lang='lat' dir='ltr'><strong>‘Africane,</strong></span> <span class='ocrx_word' id='word_1_218' title='bbox 2599 2648 2671 2703; x_wconf 81' lang='grc'><strong>24</strong></span> 
     </span>
     <span class='ocr_line' id='line_1_27' title="bbox 494 2723 2638 2834; baseline -0 -24"><span class='ocrx_word' id='word_1_219' title='bbox 494 2746 553 2810; x_wconf 90' lang='lat' dir='ltr'><strong>si</strong></span> <span class='ocrx_word' id='word_1_220' title='bbox 604 2746 873 2828; x_wconf 79' lang='lat' dir='ltr'><strong>quidem</strong></span> <span class='ocrx_word' id='word_1_221' title='bbox 925 2746 1089 2811; x_wconf 88' lang='lat' dir='ltr'><strong>bene</strong></span> <span class='ocrx_word' id='word_1_222' title='bbox 1141 2748 1387 2813; x_wconf 80' lang='lat' dir='ltr'><strong>meritis</strong></span> <span class='ocrx_word' id='word_1_223' title='bbox 1443 2748 1523 2812; x_wconf 91' lang='lat' dir='ltr'><strong>de</strong></span> <span class='ocrx_word' id='word_1_224' title='bbox 1568 2749 1782 2834; x_wconf 86' lang='lat' dir='ltr'><strong>patria</strong></span> <span class='ocrx_word' id='word_1_225' title='bbox 1826 2750 2013 2831; x_wconf 83' lang='lat' dir='ltr'><strong>quasi</strong></span> <span class='ocrx_word' id='word_1_226' title='bbox 2052 2748 2235 2813; x_wconf 88' lang='lat' dir='ltr'><strong>limes</strong></span> <span class='ocrx_word' id='word_1_227' title='bbox 2281 2745 2366 2809; x_wconf 93' lang='lat' dir='ltr'><strong>ad</strong></span> <span class='ocrx_word' id='word_1_228' title='bbox 2411 2723 2638 2811; x_wconf 74' lang='lat' dir='ltr'><strong>caeli²</strong></span> 
     </span>
     <span class='ocr_line' id='line_1_28' title="bbox 496 2838 2570 2926; baseline -0.001 -23"><span class='ocrx_word' id='word_1_229' title='bbox 496 2838 749 2903; x_wconf 79' lang='lat' dir='ltr'><strong>aditum</strong></span> <span class='ocrx_word' id='word_1_230' title='bbox 799 2849 1007 2924; x_wconf 77' lang='lat' dir='ltr'><strong>patet,</strong></span> <span class='ocrx_word' id='word_1_231' title='bbox 1064 2861 1460 2923; x_wconf 83' lang='lat' dir='ltr'><strong>quamquam</strong></span> <span class='ocrx_word' id='word_1_232' title='bbox 1508 2864 1547 2905; x_wconf 86' lang='lat' dir='ltr'><strong>a</strong></span> <span class='ocrx_word' id='word_1_233' title='bbox 1590 2842 1868 2926; x_wconf 85' lang='lat' dir='ltr'><strong>pueritia</strong></span> <span class='ocrx_word' id='word_1_234' title='bbox 1913 2840 2200 2925; x_wconf 85' lang='lat' dir='ltr'><strong>vestigiis</strong></span> <span class='ocrx_word' id='word_1_235' title='bbox 2242 2840 2570 2923; x_wconf 85' lang='lat' dir='ltr'><strong>ingressus</strong></span> 
     </span>
     <span class='ocr_line' id='line_1_29' title="bbox 494 2932 2571 3019; baseline -0.001 -22"><span class='ocrx_word' id='word_1_236' title='bbox 494 2932 703 3019; x_wconf 87' lang='lat' dir='ltr'><strong>patri-s</strong></span> <span class='ocrx_word' id='word_1_237' title='bbox 741 2944 806 2999; x_wconf 89' lang='lat' dir='ltr'><strong>et</strong></span> <span class='ocrx_word' id='word_1_238' title='bbox 840 2932 969 2997; x_wconf 85' lang='lat' dir='ltr'><strong>tuis</strong></span> <span class='ocrx_word' id='word_1_239' title='bbox 1004 2932 1227 2999; x_wconf 85' lang='lat' dir='ltr'><strong>decori</strong></span> <span class='ocrx_word' id='word_1_240' title='bbox 1260 2945 1475 2999; x_wconf 82' lang='lat' dir='ltr'><strong>vestro</strong></span> <span class='ocrx_word' id='word_1_241' title='bbox 1512 2956 1644 2999; x_wconf 84' lang='lat' dir='ltr'><strong>non</strong></span> <span class='ocrx_word' id='word_1_242' title='bbox 1679 2934 1892 3012; x_wconf 87' lang='lat' dir='ltr'><strong>defui,</strong></span> <span class='ocrx_word' id='word_1_243' title='bbox 1937 2954 2111 2997; x_wconf 88' lang='lat' dir='ltr'><strong>nunc</strong></span> <span class='ocrx_word' id='word_1_244' title='bbox 2144 2945 2359 2998; x_wconf 87' lang='lat' dir='ltr'><strong>tamen</strong></span> <span class='ocrx_word' id='word_1_245' title='bbox 2394 2940 2571 2997; x_wconf 77' lang='lat' dir='ltr'><strong>tamo</strong></span> 
     </span>
     <span class='ocr_line' id='line_1_30' title="bbox 496 3026 2576 3115; baseline -0 -23"><span class='ocrx_word' id='word_1_246' title='bbox 496 3028 790 3114; x_wconf 84' lang='lat' dir='ltr'><strong>praemio</strong></span> <span class='ocrx_word' id='word_1_247' title='bbox 834 3027 1137 3115; x_wconf 86' lang='lat' dir='ltr'><strong>exposito·</strong></span> <span class='ocrx_word' id='word_1_248' title='bbox 1175 3028 1381 3095; x_wconf 88' lang='lat' dir='ltr'><strong>enitar</strong></span> <span class='ocrx_word' id='word_1_249' title='bbox 1426 3028 1635 3093; x_wconf 89' lang='lat' dir='ltr'><strong>multo</strong></span> <span class='ocrx_word' id='word_1_250' title='bbox 1677 3027 2091 3114; x_wconf 63' lang='lat' dir='ltr'><strong>vigilantius!</strong></span> <span class='ocrx_word' id='word_1_251' title='bbox 2180 3038 2246 3092; x_wconf 91' lang='lat' dir='ltr'><strong>et</strong></span> <span class='ocrx_word' id='word_1_252' title='bbox 2279 3026 2415 3092; x_wconf 86' lang='lat' dir='ltr'><strong>ille:</strong></span> <span class='ocrx_word' id='word_1_253' title='bbox 2469 3034 2576 3091; x_wconf 87' lang='lat' dir='ltr'><strong>‘tu</strong></span> 
     </span>
     <span class='ocr_line' id='line_1_31' title="bbox 498 3120 2574 3201; baseline -0 -15"><span class='ocrx_word' id='word_1_254' title='bbox 498 3143 655 3187; x_wconf 78' lang='lat' dir='ltr'><strong>vero</strong></span> <span class='ocrx_word' id='word_1_255' title='bbox 711 3123 951 3189; x_wconf 82' lang='lat' dir='ltr'><strong>enitere</strong></span> <span class='ocrx_word' id='word_1_256' title='bbox 1001 3134 1067 3188; x_wconf 88' lang='lat' dir='ltr'><strong>et</strong></span> <span class='ocrx_word' id='word_1_257' title='bbox 1112 3122 1205 3187; x_wconf 87' lang='lat' dir='ltr'><strong>sic</strong></span> <span class='ocrx_word' id='word_1_258' title='bbox 1251 3122 1488 3188; x_wconf 87' lang='lat' dir='ltr'><strong>habeto</strong></span> <span class='ocrx_word' id='word_1_259' title='bbox 1502 3171 1521 3201; x_wconf 88' lang='lat'><strong>,</strong></span> <span class='ocrx_word' id='word_1_260' title='bbox 1575 3142 1707 3187; x_wconf 91' lang='lat' dir='ltr'><strong>non</strong></span> <span class='ocrx_word' id='word_1_261' title='bbox 1751 3145 1892 3187; x_wconf 86' lang='lat' dir='ltr'><strong>esse</strong></span> <span class='ocrx_word' id='word_1_262' title='bbox 1935 3130 2000 3187; x_wconf 90' lang='lat' dir='ltr'><strong>te</strong></span> <span class='ocrx_word' id='word_1_263' title='bbox 2041 3121 2403 3199; x_wconf 82' lang='lat' dir='ltr'><strong>mortalem,</strong></span> <span class='ocrx_word' id='word_1_264' title='bbox 2458 3120 2574 3186; x_wconf 90' lang='lat' dir='ltr'><strong>sed</strong></span> 
     </span>
     <span class='ocr_line' id='line_1_32' title="bbox 500 3215 2573 3301; baseline -0 -21"><span class='ocrx_word' id='word_1_265' title='bbox 500 3236 735 3301; x_wconf 87' lang='lat' dir='ltr'><strong>corpus</strong></span> <span class='ocrx_word' id='word_1_266' title='bbox 770 3218 893 3283; x_wconf 87' lang='lat' dir='ltr'><strong>hoe</strong></span> <span class='ocrx_word' id='word_1_267' title='bbox 904 3241 925 3294; x_wconf 83' lang='lat'><em>3</em></span> <span class='ocrx_word' id='word_1_268' title='bbox 959 3239 1084 3283; x_wconf 84' lang='lat' dir='ltr'><strong>nec</strong></span> <span class='ocrx_word' id='word_1_269' title='bbox 1117 3216 1289 3283; x_wconf 89' lang='lat' dir='ltr'><strong>enim</strong></span> <span class='ocrx_word' id='word_1_270' title='bbox 1324 3228 1398 3283; x_wconf 86' lang='lat' dir='ltr'><strong>tu</strong></span> <span class='ocrx_word' id='word_1_271' title='bbox 1430 3217 1487 3282; x_wconf 87' lang='lat' dir='ltr'><strong>is</strong></span> <span class='ocrx_word' id='word_1_272' title='bbox 1525 3239 1615 3295; x_wconf 86' lang='lat' dir='ltr'><strong>es,</strong></span> <span class='ocrx_word' id='word_1_273' title='bbox 1653 3238 1848 3301; x_wconf 89' lang='lat' dir='ltr'><strong>quem</strong></span> <span class='ocrx_word' id='word_1_274' title='bbox 1880 3216 2088 3281; x_wconf 87' lang='lat' dir='ltr'><strong>forma</strong></span> <span class='ocrx_word' id='word_1_275' title='bbox 2120 3216 2244 3281; x_wconf 85' lang='lat' dir='ltr'><strong>ista</strong></span> <span class='ocrx_word' id='word_1_276' title='bbox 2271 3215 2573 3292; x_wconf 86' lang='lat' dir='ltr'><strong>declarat,</strong></span> 
     </span>
     <span class='ocr_line' id='line_1_33' title="bbox 502 3309 2574 3397; baseline 0 -24"><span class='ocrx_word' id='word_1_277' title='bbox 502 3309 619 3373; x_wconf 87' lang='lat' dir='ltr'><strong>sed</strong></span> <span class='ocrx_word' id='word_1_278' title='bbox 662 3332 845 3377; x_wconf 86' lang='lat' dir='ltr'><strong>mens</strong></span> <span class='ocrx_word' id='word_1_279' title='bbox 888 3312 1203 3396; x_wconf 88' lang='lat' dir='ltr'><strong>cuiusque</strong></span> <span class='ocrx_word' id='word_1_280' title='bbox 1239 3312 1299 3377; x_wconf 87' lang='lat' dir='ltr'><strong>is</strong></span> <span class='ocrx_word' id='word_1_281' title='bbox 1334 3323 1434 3377; x_wconf 86' lang='lat' dir='ltr'><strong>est</strong></span> <span class='ocrx_word' id='word_1_282' title='bbox 1478 3312 1782 3397; x_wconf 89' lang='lat' dir='ltr'><strong>quisque,</strong></span> <span class='ocrx_word' id='word_1_283' title='bbox 1825 3332 1955 3376; x_wconf 91' lang='lat' dir='ltr'><strong>non</strong></span> <span class='ocrx_word' id='word_1_284' title='bbox 2001 3334 2078 3376; x_wconf 85' lang='lat' dir='ltr'><strong>ea</strong></span> <span class='ocrx_word' id='word_1_285' title='bbox 2119 3312 2358 3397; x_wconf 87' lang='lat' dir='ltr'><strong>figura,</strong></span> <span class='ocrx_word' id='word_1_286' title='bbox 2407 3330 2574 3393; x_wconf 87' lang='lat' dir='ltr'><strong>quae</strong></span> 
     </span>
     <span class='ocr_line' id='line_1_34' title="bbox 503 3402 2576 3493; baseline -0.001 -26"><span class='ocrx_word' id='word_1_287' title='bbox 503 3402 711 3489; x_wconf 83' lang='lat' dir='ltr'><strong>digito</strong></span> <span class='ocrx_word' id='word_1_288' title='bbox 755 3405 1183 3471; x_wconf 86' lang='lat' dir='ltr'><strong>demonstrari</strong></span> <span class='ocrx_word' id='word_1_289' title='bbox 1224 3417 1458 3492; x_wconf 87' lang='lat' dir='ltr'><strong>potest.</strong></span> <span class='ocrx_word' id='word_1_290' title='bbox 1548 3405 1742 3473; x_wconf 82' lang='lat' dir='ltr'><strong>deum</strong></span> <span class='ocrx_word' id='word_1_291' title='bbox 1777 3417 1846 3472; x_wconf 89' lang='lat' dir='ltr'><strong>te</strong></span> <span class='ocrx_word' id='word_1_292' title='bbox 1877 3405 2078 3493; x_wconf 87' lang='lat' dir='ltr'><strong>igitur</strong></span> <span class='ocrx_word' id='word_1_293' title='bbox 2110 3405 2268 3471; x_wconf 87' lang='lat' dir='ltr'><strong>scito</strong></span> <span class='ocrx_word' id='word_1_294' title='bbox 2307 3425 2474 3480; x_wconf 85' lang='lat' dir='ltr'><strong>esse,</strong></span> <span class='ocrx_word' id='word_1_295' title='bbox 2521 3402 2576 3466; x_wconf 89' lang='lat' dir='ltr'><strong>si</strong></span> 
     </span>
     <span class='ocr_line' id='line_1_35' title="bbox 502 3496 2574 3588; baseline 0.001 -27"><span class='ocrx_word' id='word_1_296' title='bbox 502 3498 767 3586; x_wconf 85' lang='lat' dir='ltr'><strong>quidem</strong></span> <span class='ocrx_word' id='word_1_297' title='bbox 802 3510 902 3565; x_wconf 86' lang='lat' dir='ltr'><strong>est</strong></span> <span class='ocrx_word' id='word_1_298' title='bbox 935 3500 1115 3580; x_wconf 74' lang='lat' dir='ltr'><strong>deus,</strong></span> <span class='ocrx_word' id='word_1_299' title='bbox 1164 3502 1279 3587; x_wconf 87' lang='lat' dir='ltr'><strong>qui</strong></span> <span class='ocrx_word' id='word_1_300' title='bbox 1312 3502 1511 3588; x_wconf 84' lang='lat' dir='ltr'><strong>viget,</strong></span> <span class='ocrx_word' id='word_1_301' title='bbox 1558 3501 1672 3585; x_wconf 87' lang='lat' dir='ltr'><strong>qui</strong></span> <span class='ocrx_word' id='word_1_302' title='bbox 1708 3500 1918 3579; x_wconf 83' lang='lat' dir='ltr'><strong>sentit,</strong></span> <span class='ocrx_word' id='word_1_303' title='bbox 1963 3499 2075 3585; x_wconf 88' lang='lat' dir='ltr'><strong>qui</strong></span> <span class='ocrx_word' id='word_1_304' title='bbox 2107 3498 2418 3575; x_wconf 87' lang='lat' dir='ltr'><strong>meminit,</strong></span> <span class='ocrx_word' id='word_1_305' title='bbox 2463 3496 2574 3582; x_wconf 89' lang='lat' dir='ltr'><strong>qui</strong></span> 
     </span>
     <span class='ocr_line' id='line_1_36' title="bbox 503 3592 2574 3682; baseline -0.002 -25"><span class='ocrx_word' id='word_1_306' title='bbox 503 3592 821 3677; x_wconf 83' lang='lat' dir='ltr'><strong>providet,</strong></span> <span class='ocrx_word' id='word_1_307' title='bbox 857 3595 970 3679; x_wconf 91' lang='lat' dir='ltr'><strong>qui</strong></span> <span class='ocrx_word' id='word_1_308' title='bbox 1004 3606 1139 3660; x_wconf 87' lang='lat' dir='ltr'><strong>tam</strong></span> <span class='ocrx_word' id='word_1_309' title='bbox 1172 3596 1339 3682; x_wconf 88' lang='lat' dir='ltr'><strong>regit</strong></span> <span class='ocrx_word' id='word_1_310' title='bbox 1374 3608 1439 3663; x_wconf 90' lang='lat' dir='ltr'><strong>et</strong></span> <span class='ocrx_word' id='word_1_311' title='bbox 1472 3594 1842 3661; x_wconf 86' lang='lat' dir='ltr'><strong>moderatur</strong></span> <span class='ocrx_word' id='word_1_312' title='bbox 1879 3606 1942 3661; x_wconf 87' lang='lat' dir='ltr'><strong>et</strong></span> <span class='ocrx_word' id='word_1_313' title='bbox 1977 3604 2194 3660; x_wconf 89' lang='lat' dir='ltr'><strong>movet</strong></span> <span class='ocrx_word' id='word_1_314' title='bbox 2220 3592 2291 3658; x_wconf 91' lang='lat' dir='ltr'><strong>id</strong></span> <span class='ocrx_word' id='word_1_315' title='bbox 2319 3612 2574 3676; x_wconf 88' lang='lat' dir='ltr'><strong>corpus,</strong></span> 
     </span>
     <span class='ocr_line' id='line_1_37' title="bbox 506 3684 2576 3777; baseline -0.001 -26"><span class='ocrx_word' id='word_1_316' title='bbox 506 3688 614 3752; x_wconf 89' lang='lat' dir='ltr'><strong>cui</strong></span> <span class='ocrx_word' id='word_1_317' title='bbox 663 3690 1067 3777; x_wconf 81' lang='lat' dir='ltr'><strong>praepositus</strong></span> <span class='ocrx_word' id='word_1_318' title='bbox 1122 3701 1250 3768; x_wconf 88' lang='lat' dir='ltr'><strong>est,</strong></span> <span class='ocrx_word' id='word_1_319' title='bbox 1304 3712 1500 3775; x_wconf 86' lang='lat' dir='ltr'><strong>quam</strong></span> <span class='ocrx_word' id='word_1_320' title='bbox 1553 3690 1728 3755; x_wconf 89' lang='lat' dir='ltr'><strong>hunc</strong></span> <span class='ocrx_word' id='word_1_321' title='bbox 1767 3688 2085 3755; x_wconf 90' lang='lat' dir='ltr'><strong>mundum</strong></span> <span class='ocrx_word' id='word_1_322' title='bbox 2127 3689 2235 3753; x_wconf 85' lang='lat' dir='ltr'><strong>ille</strong></span> <span class='ocrx_word' id='word_1_323' title='bbox 2278 3684 2576 3773; x_wconf 86' lang='lat' dir='ltr'><strong>princeps</strong></span> 
     </span>
     <span class='ocr_line' id='line_1_38' title="bbox 507 3778 2575 3871; baseline -0.001 -26"><span class='ocrx_word' id='word_1_324' title='bbox 507 3781 700 3861; x_wconf 83' lang='lat' dir='ltr'><strong>deus3</strong></span> <span class='ocrx_word' id='word_1_325' title='bbox 754 3796 819 3850; x_wconf 90' lang='lat' dir='ltr'><strong>et</strong></span> <span class='ocrx_word' id='word_1_326' title='bbox 870 3794 943 3850; x_wconf 90' lang='lat' dir='ltr'><strong>ut</strong></span> <span class='ocrx_word' id='word_1_327' title='bbox 994 3785 1311 3851; x_wconf 88' lang='lat' dir='ltr'><strong>mundum</strong></span> <span class='ocrx_word' id='word_1_328' title='bbox 1363 3808 1445 3851; x_wconf 83' lang='lat' dir='ltr'><strong>ex</strong></span> <span class='ocrx_word' id='word_1_329' title='bbox 1499 3784 1782 3869; x_wconf 88' lang='lat' dir='ltr'><strong>quadam</strong></span> <span class='ocrx_word' id='word_1_330' title='bbox 1832 3794 2016 3871; x_wconf 85' lang='lat' dir='ltr'><strong>parte</strong></span> <span class='ocrx_word' id='word_1_331' title='bbox 2059 3780 2395 3847; x_wconf 86' lang='lat' dir='ltr'><strong>mortalem</strong></span> <span class='ocrx_word' id='word_1_332' title='bbox 2437 3778 2575 3864; x_wconf 86' lang='lat' dir='ltr'><strong>ipse</strong></span> 
     </span>
     <span class='ocr_line' id='line_1_39' title="bbox 509 3876 2575 3967; baseline -0.001 -25"><span class='ocrx_word' id='word_1_333' title='bbox 509 3878 671 3943; x_wconf 87' lang='lat' dir='ltr'><strong>deus</strong></span> <span class='ocrx_word' id='word_1_334' title='bbox 732 3890 1057 3958; x_wconf 74' lang='lat' dir='ltr'><strong>aeternuS,</strong></span> <span class='ocrx_word' id='word_1_335' title='bbox 1121 3881 1214 3946; x_wconf 90' lang='lat' dir='ltr'><strong>sic</strong></span> <span class='ocrx_word' id='word_1_336' title='bbox 1274 3880 1506 3967; x_wconf 84' lang='lat' dir='ltr'><strong>fragile</strong></span> <span class='ocrx_word' id='word_1_337' title='bbox 1559 3902 1792 3966; x_wconf 86' lang='lat' dir='ltr'><strong>corpus</strong></span> <span class='ocrx_word' id='word_1_338' title='bbox 1847 3879 2100 3945; x_wconf 88' lang='lat' dir='ltr'><strong>animus</strong></span> <span class='ocrx_word' id='word_1_339' title='bbox 2152 3876 2575 3963; x_wconf 86' lang='lat' dir='ltr'><strong>sempiternus</strong></span> 
     </span>
     <span class='ocr_line' id='line_1_40' title="bbox 508 3966 2680 4079; baseline -0.004 -39"><span class='ocrx_word' id='word_1_340' title='bbox 508 3985 744 4041; x_wconf 88' lang='lat' dir='ltr'><strong>movet.</strong></span> <span class='ocrx_word' id='word_1_341' title='bbox 833 4000 985 4041; x_wconf 87' lang='lat' dir='ltr'><strong>nam</strong></span> <span class='ocrx_word' id='word_1_342' title='bbox 1030 3976 1210 4061; x_wconf 84' lang='lat' dir='ltr'><strong>quod</strong></span> <span class='ocrx_word' id='word_1_343' title='bbox 1246 3998 1499 4062; x_wconf 87' lang='lat' dir='ltr'><strong>semper</strong></span> <span class='ocrx_word' id='word_1_344' title='bbox 1529 3986 1828 4041; x_wconf 88' lang='lat' dir='ltr'><strong>movetur</strong></span> <span class='ocrx_word' id='word_1_345' title='bbox 1863 3984 2194 4040; x_wconf 89' lang='lat' dir='ltr'><strong>aeternum</strong></span> <span class='ocrx_word' id='word_1_346' title='bbox 2229 3981 2358 4048; x_wconf 88' lang='lat' dir='ltr'><strong>est,</strong></span> <span class='ocrx_word' id='word_1_347' title='bbox 2401 3968 2576 4054; x_wconf 86' lang='lat' dir='ltr'><strong>quod</strong></span> <span class='ocrx_word' id='word_1_348' title='bbox 2609 3966 2680 4079; x_wconf 64' lang='grc' dir='ltr'><strong>2ξ)</strong></span> 
     </span>
     <span class='ocr_line' id='line_1_41' title="bbox 512 4064 2578 4157; baseline -0.002 -22"><span class='ocrx_word' id='word_1_349' title='bbox 512 4083 727 4140; x_wconf 89' lang='lat' dir='ltr'><strong>autem</strong></span> <span class='ocrx_word' id='word_1_350' title='bbox 771 4084 1019 4139; x_wconf 89' lang='lat' dir='ltr'><strong>motum</strong></span> <span class='ocrx_word' id='word_1_351' title='bbox 1064 4071 1273 4140; x_wconf 83' lang='lat' dir='ltr'><strong>adfert</strong></span> <span class='ocrx_word' id='word_1_352' title='bbox 1318 4070 1509 4137; x_wconf 86' lang='lat' dir='ltr'><strong>alicui</strong></span> <span class='ocrx_word' id='word_1_353' title='bbox 1556 4068 1914 4157; x_wconf 84' lang='lat' dir='ltr'><strong>quodque</strong></span> <span class='ocrx_word' id='word_1_354' title='bbox 1893 4090 2110 4157; x_wconf 71' lang='lat' dir='ltr'><strong>ipsum</strong></span> <span class='ocrx_word' id='word_1_355' title='bbox 2143 4066 2426 4155; x_wconf 84' lang='lat' dir='ltr'><strong>agitatur</strong></span> <span class='ocrx_word' id='word_1_356' title='bbox 2459 4064 2578 4131; x_wconf 89' lang='lat' dir='ltr'><strong>ali·-</strong></span> 
     </span>
    </p>
   </div>
  </div>
 </body>
</html>
