3292 4559
647 210 782 279 284
1258 220 1336 277 M.
1375 220 1650 277 TULLII
1684 218 2085 278 monachus
2152 179 2199 221 ⁷'

553 366 558 371 ·
646 347 870 415 tudine
904 346 1286 435 superiores,
1324 367 1684 430 exaequare
1722 367 1791 411 se
1828 366 1975 411 cum
2008 343 2417 411 inferioribus
2454 346 2713 426 debent,

489 1122 608 1163 -w

551 1592 607 1633 ⁴13

555 2346 610 2387 74

539 3468 610 3511 *75

649 443 740 508 sic
773 441 1108 507 inferiores
1142 464 1273 507 non
1300 440 1514 506 dolere
1541 462 1609 505 se
1638 463 1679 505 a
1706 439 1839 505 suis
1875 450 1990 504 aut
2018 439 2281 525 ingenio
2309 452 2421 506 aut
2456 441 2717 509 fortuna

649 546 760 602 aut
807 536 1116 623 dignitate
1162 534 1480 621 superari3
1539 555 1814 619 quorum
1857 534 2147 620 plerique
2192 545 2305 600 aut
2358 549 2717 621 queruntur

649 653 904 717 semper
946 629 1189 716 aliquid
1235 640 1348 695 aut
1392 628 1588 695 etiam
1632 627 2053 713 exprobrant,
2109 649 2315 714 eoque
2366 631 2602 717 magis,
2658 631 2715 696 si

647 726 887 791 habere
923 748 992 791 se
1037 734 1269 811 putant
1312 724 1488 809 quod
1522 722 1809 789 officiose
1846 733 1911 791 et
1954 723 2159 789 amice
2196 735 2262 789 et
2306 744 2455 790 cum
2490 726 2710 793 labore

649 821 865 904 aliquo
914 838 1031 884 suo
1083 819 1328 888 factum
1373 827 1612 903 queant
1658 817 1898 885 diceret
1953 818 2249 883 odiosum
2298 841 2451 884 sane
2504 842 2707 905 genus

646 914 979 979 hominum
1007 912 1222 979 officia
1250 911 1795 999 exprobrantium,
1822 932 1991 996 quae
2018 913 2385 979 meminisse
2414 914 2603 979 debet
2631 915 2708 992 is,

647 1007 718 1072 in
762 1028 956 1092 quem
1009 1008 1262 1073 conlata
1307 1018 1486 1085 sunt,
1540 1028 1669 1072 non
1718 1028 2221 1073 commemorare
2263 1008 2375 1091 qui
2422 1008 2708 1073 contulit.

653 1124 850 1187 quam
885 1102 970 1168 ob
1005 1124 1140 1169 rem
1156 1150 1174 1179 ,
1229 1113 1304 1167 ut
1336 1101 1412 1179 ii,
1466 1102 1578 1186 qui
1613 1101 1971 1187 superiores
2008 1112 2186 1180 sunt,
2234 1102 2605 1168 submittere
2642 1125 2711 1167 se

653 1197 890 1263 debent
922 1197 992 1261 in
1027 1195 1326 1271 amicitia,
1365 1196 1456 1265 sic
1492 1196 1774 1280 quodam
1800 1196 1993 1261 modo
2022 1195 2353 1263 inferiores
2384 1196 2707 1262 extollere.

653 1301 802 1355 sunt
847 1292 1017 1355 enim
1063 1289 1323 1373 quidam
1338 1337 1356 1367 ,
1401 1290 1513 1373 qui
1547 1290 1850 1355 molestas
1896 1290 2207 1355 amicitias
2243 1289 2513 1369 faciunt,
2560 1312 2709 1355 cum

647 1384 773 1469 ipsi
808 1406 876 1449 se
912 1384 1232 1449 contemni
1267 1394 1524 1470 putant3
1561 1384 1737 1467 quod
1771 1404 1898 1449 non
1934 1383 2069 1449 fere
2106 1384 2418 1470 contingit
2450 1384 2574 1449 nisi
2606 1384 2708 1463 iis,

649 1478 760 1561 qui
796 1478 988 1543 etiam
1027 1478 1522 1545 contemnendos
1559 1501 1627 1544 se
1662 1478 2071 1553 arbitrantur,
2108 1478 2223 1563 qui
2254 1477 2377 1543 hac
2406 1478 2708 1565 opinione

647 1593 778 1637 non
813 1574 1003 1638 modo
1040 1573 1274 1658 verbis,
1310 1572 1425 1637 sed
1459 1572 1657 1638 etiam
1702 1593 1895 1659 opere
1926 1572 2183 1638 levandi
2218 1582 2386 1637 sunt.
2458 1581 2706 1637 tantum

649 1676 866 1732 autem
895 1666 1126 1752 cuique
1153 1668 1586 1746 tribuendum,
1615 1667 1916 1753 primum,
1944 1676 2257 1751 quantum
2280 1665 2421 1751 ipse
2450 1666 2706 1732 efficere

648 1760 883 1847 possis,
939 1760 1169 1827 deinde
1205 1762 1428 1838 etiam,
1483 1771 1795 1847 quantum
1830 1760 1965 1839 ille,
2019 1781 2213 1844 quem
2246 1760 2479 1846 diligas
2514 1770 2709 1845 atque

650 1855 916 1921 adiuves
930 1904 950 1935 ,
999 1858 1311 1923 sustinere
1323 1881 1341 1934 3
1393 1878 1524 1922 non
1559 1857 1735 1922 enim
1768 1878 1977 1940 neque
2013 1867 2087 1920 tu
2120 1853 2329 1941 possis
2340 1902 2360 1933 ,
2414 1854 2707 1940 quamvis

649 1950 924 2017 excellas
939 1999 957 2029 ,
1012 1951 1217 2017 omnis
1253 1962 1399 2017 tuos
1436 1951 1520 2017 ad
1554 1951 1830 2017 honores
1867 1950 2295 2036 amplissimos
2336 1949 2707 2035 perducere,

649 2055 726 2109 ut
761 2044 984 2132 Scipio
1017 2046 1098 2111 P.
1135 2044 1469 2132 Rupilium
1502 2046 1714 2130 potuit
1748 2045 2080 2111 consulem
2114 2044 2399 2122 efficere,
2444 2043 2709 2109 fratrem

652 2140 788 2205 eius
834 2140 1116 2205 Lucium
1159 2162 1290 2204 non
1332 2140 1562 2225 potuit.
1652 2139 1824 2222 quod
1863 2138 1925 2202 si
1970 2139 2165 2204 etiam
2206 2138 2413 2223 possis
2456 2138 2709 2223 quidvis

652 2233 900 2300 deferre
937 2234 1020 2299 ad
1055 2235 1354 2310 alterum,
1400 2232 1753 2297 videndum
1789 2242 1887 2297 est
1920 2242 2138 2298 tamen
2174 2233 2332 2316 quid
2365 2234 2473 2299 ille
2506 2234 2711 2319 possit

651 2328 984 2393 sustinere.
1073 2328 1330 2393 omnino
1367 2326 1681 2391 amicitiae
1717 2325 2153 2391 conroboratis
2198 2326 2330 2391 iam
2375 2328 2712 2392 confirma-

651 2422 858 2503 tisque
895 2431 960 2485 et
1003 2420 1277 2506 ingeniis
1321 2430 1385 2485 et
1431 2419 1747 2484 aetatibus
1792 2418 2175 2485 iudicandae
2218 2430 2397 2496 sunt,
2452 2442 2603 2498 nec,
2654 2421 2711 2485 si

650 2514 764 2599 qui
812 2514 1072 2580 ineunte
1125 2523 1331 2579 aetate
1383 2513 1663 2579 venandi
1716 2525 1828 2579 aut
1877 2513 2048 2599 pilae
2103 2514 2373 2580 studiosi
2424 2514 2708 2593 fuerunt,

651 2631 760 2675 eos
796 2608 1034 2675 habere
1068 2608 1480 2687 necessarios,
1517 2629 1680 2692 quos
1716 2619 1853 2673 tum
1883 2608 2110 2673 eodem
2139 2607 2351 2673 studio
2385 2610 2707 2695 praeditos

653 2704 1029 2770 dilexerunt.
1117 2704 1240 2768 isto
1287 2704 1456 2769 enim
1502 2703 1697 2768 modo
1740 2702 2019 2779 nutrices
2056 2714 2119 2770 et
2162 2703 2526 2791 paedagogi
2570 2705 2708 2770 iure

649 2798 982 2865 vetustatis
1029 2798 1377 2883 plurimum
1421 2798 1905 2865 benevolentiae
1950 2799 2396 2885 postulabunt:
2451 2800 2564 2885 qui
2596 2823 2709 2865 ne-

650 2892 953 2979 glegendi
997 2891 1258 2975 quidem
1301 2914 1432 2959 non
1481 2904 1657 2971 sunt,
1712 2892 1829 2958 sed
1876 2893 2000 2959 alio
2050 2894 2333 2979 quodam
2374 2894 2567 2963 modo
2602 2916 2709 2959 ae-

652 2990 964 3053 stimandi.
1013 2986 1196 3051 aliter
1221 2987 1534 3054 amicitiae
1555 2988 1817 3053 stabiles
1847 3009 2223 3074 permanere
2253 3013 2383 3056 non
2408 3000 2705 3075 possunt3

651 3081 935 3165 dispares
972 3080 1143 3146 enim
1177 3104 1387 3148 mores
1424 3083 1703 3169 disparia
1748 3082 1963 3149 studia
1997 3096 2381 3168 sequuntur,
2434 3103 2705 3165 quorum

649 3174 1098 3239 dissimilitudo
1151 3175 1451 3241 dissociat
1502 3175 1815 3241 amicitias
1828 3222 1847 3252 ,
1897 3200 2017 3243 nec
2066 3178 2149 3242 ob
2204 3179 2394 3243 aliam
2445 3194 2705 3239 causam

648 3270 847 3335 ullam
875 3269 1030 3335 boni
1054 3269 1362 3355 inprobis,
1398 3270 1652 3356 inprobi
1683 3270 1867 3337 bonis
1897 3270 2085 3337 amici
2112 3292 2251 3336 esse
2276 3290 2406 3334 non
2438 3276 2707 3351 possunt

648 3365 773 3430 nisi
807 3364 982 3449 quod
1016 3376 1197 3430 tanta
1219 3375 1318 3431 est
1350 3365 1517 3430 inter
1551 3386 1685 3443 eos,
1719 3376 1961 3449 quanta
1986 3365 2267 3429 maxima
2300 3372 2510 3448 potest
2546 3384 2705 3438 esse,

651 3484 904 3527 morum
965 3461 1451 3545 studiorumque
1516 3460 1838 3525 distantia.
1943 3469 2117 3525 recte
2170 3457 2364 3523 etiam
2424 3458 2708 3544 praecipi

649 3566 862 3643 potest
885 3557 953 3622 in
982 3556 1298 3634 amicitiis,
1332 3578 1416 3619 ne
1443 3555 1867 3638 intemperata
1897 3552 2214 3638 quaedam
2240 3552 2706 3631 benevolentia,

651 3650 827 3735 quod
858 3672 1167 3737 persaepe
1202 3650 1304 3727 fit,
1349 3648 1634 3733 inpediat
1667 3669 1937 3733 magnas
1984 3646 2287 3713 utilitates
2324 3647 2705 3724 amicorum3

649 3766 770 3811 nec
815 3745 1013 3820 enim,
1065 3755 1139 3810 ut
1183 3744 1268 3807 ad
1318 3741 1572 3807 fabulas
1613 3741 1903 3817 redeam,
1948 3739 2213 3805 Troiam
2246 3741 2707 3828 Neoptolemus

651 3860 881 3924 capere
926 3838 1266 3924 potuisset,
1313 3836 1367 3900 si
1402 3834 1841 3919 Lycomedem
1855 3882 1874 3913 ,
1920 3835 2097 3921 apud
2140 3855 2335 3920 quem
2370 3848 2508 3903 erat
2550 3836 2710 3903 edu-

651 3942 854 4009 catus,
888 3931 1106 3996 multis
1143 3952 1292 3995 cum
1325 3928 1605 3994 lacrimis
1639 3928 1761 3993 iter
1792 3951 1986 3993 suum
2019 3929 2454 4018 inpedientem
2488 3931 2709 3997 audire

650 4024 977 4090 voluisset.
1065 4035 1130 4091 et
1172 4044 1363 4108 saepe
1406 4020 1697 4087 incidunt
1739 4045 2019 4111 magnae
2062 4050 2193 4107 res,
2250 4040 2325 4094 ut
2378 4027 2709 4095 disceden-
