3292 4559
992 269 1122 335 vDE
1155 276 1480 335 DEORUM
1514 278 1837 335 NATURA
1869 277 2017 333 ΜΒ.
2054 278 2129 333 11.
2510 258 2593 331 39

1075 820 1172 885 M.
1211 820 1539 909 TULLII
1573 817 2073 923 CICERONIS

964 930 1109 995 DE
1161 928 1655 995 DEORUM
1703 929 2180 995 NATURA

1221 1042 1354 1106 AD
1397 1040 1494 1106 Μ.
1537 1040 1937 1107 BRUTUM

1134 1158 1434 1214 LIBER
1487 1156 2031 1229 SECUNDUS.

1246 1360 1909 1419 ARGUMENTUM.

661 1466 773 1520 Hic
807 1464 952 1519 liber
984 1464 1234 1519 continet
1263 1464 1430 1518 Balbi
1466 1464 1538 1519 de
1569 1468 1776 1519 natura
1810 1464 2039 1517 deorum
2072 1462 2506 1533 disputationem
2532 1480 2601 1517 ex

559 1548 744 1597 mente
765 1539 1090 1609 Stoicorum,
1130 1541 1228 1611 qui
1251 1546 1430 1599 totum
1455 1542 1642 1595 locum
1668 1541 1729 1593 in
1752 1544 1943 1610 partes
1970 1544 2233 1609 quattuor
2258 1539 2597 1594 dividebant.

559 1618 802 1671 Primum
823 1618 975 1672 enirn¹
988 1618 1406 1672 docebant'esse
1425 1617 1586 1686 deos,
1625 1617 1829 1672 deinde
1848 1617 2041 1686 quales
2061 1622 2271 1685 essent,
2310 1622 2428 1669 tum
2442 1632 2599 1669 mun·

561 1694 691 1747 dum
728 1694 800 1747 ab
836 1694 916 1747 eis
955 1692 1353 1761 administrari,
1389 1698 1671 1763 postremo
1698 1694 1985 1747 consulere
2012 1709 2107 1747 eos
2134 1693 2301 1747 rebus
2327 1692 2598 1747 humanis.

559 1770 664 1823 His
689 1770 861 1841 igItur
889 1775 1150 1837 quattuor
1174 1773 1460 1837 tamquam
1487 1768 1765 1837 capitibus
1790 1773 1913 1822 tota
1936 1768 2106 1823 Balbi
2131 1769 2433 1838 disputatio
2468 1785 2599 1823 con-

558 1845 783 1899 tinetur.
852 1844 928 1897 Et
945 1846 1126 1913 prima
1143 1844 1367 1912 quidem
1384 1860 1515 1911 pars
1533 1844 1620 1897 his
1640 1843 1981 1913 argumentis
2000 1842 2383 1897 confirmatur:
2402 1845 2597 1913 prime,

561 1920 710 1989 quod
735 1920 977 1973 omnium
1003 1919 1354 1973 consentiens
1381 1920 1454 1971 sit
1480 1919 1550 1973 de
1578 1920 1663 1971 dis
1682 1918 1887 1987 opinio,
1924 1926 2127 1973 natura
2152 1920 2379 1973 evidens
2404 1921 2478 1972 sit
2502 1936 2599 1973 ne-

561 2012 716 2051 cesse
745 2011 885 2061 esse,
925 1993 1125 2049 deinde
1154 1994 1290 2047 deos
1317 1993 1467 2062 ipsos
1492 1993 1819 2062 praesentia
1840 2010 1943 2046 sua
1969 1998 2027 2047 et
2052 1993 2299 2047 adventu
2324 2010 2449 2048 eam
2482 2010 2601 2047 rem

561 2069 936 2138 confirmasse,
971 2069 1380 2139 praedictiones
1397 2070 1531 2123 item
1550 2074 1608 2123 et
1631 2069 2055 2139 praesensiones
2078 2084 2262 2123 rerum
2286 2068 2599 2123 futurarum

561 2162 681 2202 esse
700 2147 834 2201 deos
850 2147 1112 2212 clamare,
1151 2144 1392 2199 omnium
1409 2162 1540 2200 vero
1559 2146 1795 2199 maxime
1813 2144 2011 2199 miram
2024 2146 2195 2201 totius
2212 2145 2404 2199 mundi
2420 2146 2597 2202 varie-

558 2229 758 2291 tatem,
794 2222 1284 2292 pulchritudinem,
1321 2221 1573 2276 ordinem
1605 2238 1899 2291 rerumque
1926 2223 2169 2275 omnium
2196 2221 2269 2275 ad
2294 2221 2597 2277 utilitatem

560 2298 1041 2369 conspirationem.
1112 2296 1260 2361 Quin
1280 2314 1348 2352 ex
1366 2297 1491 2368 ipsa
1505 2298 1787 2351 hominum
1810 2298 2057 2351 sollertia
2076 2296 2267 2367 colligi
2290 2313 2457 2367 posse
2474 2314 2597 2352 esse

559 2375 805 2445 aliquam
839 2380 1083 2429 mentem
1110 2374 1370 2429 divinam.
1457 2373 1604 2430 Nam
1632 2374 1679 2427 si
1706 2378 1913 2442 cetera,
1953 2388 2097 2443 quae
2125 2374 2184 2427 in
2200 2389 2439 2444 corpore
2466 2373 2594 2443 sint,

558 2451 784 2507 aliunde
801 2456 1102 2519 sumantur,
1119 2451 1272 2505 aliud
1290 2468 1326 2505 a
1339 2459 1508 2518 terra,
1523 2450 1678 2506 aliud
1697 2450 1768 2504 ab
1788 2465 1994 2519 umore,
2016 2450 2170 2504 aliud
2189 2450 2261 2505 ab
2283 2453 2429 2519 aere,
2443 2451 2597 2507 aliud

561 2528 634 2582 ab
650 2527 786 2599 igni,
816 2528 1088 2582 rationem
1110 2526 1279 2581 etiam
1303 2527 1528 2582 aliunde
1547 2526 1853 2581 habeamus
1870 2543 2098 2581 necesse
2118 2544 2239 2581 esse
2260 2533 2333 2595 et,
2364 2544 2489 2581 cum
2507 2542 2595 2583 ce·

558 2611 682 2659 tera
711 2604 898 2659 omnia
921 2604 1162 2657 mundus
1195 2603 1422 2672 habeat,
1461 2605 1610 2673 quod
1637 2602 1711 2658 sit
1738 2604 1981 2657 omnium
2000 2604 2293 2673 optimum,
2329 2604 2389 2656 id
2414 2604 2595 2673 ipsum

558 2700 656 2737 cur
672 2698 786 2736 non
802 2681 1014 2735 habeat
1028 2680 1242 2735 nullam
1260 2698 1380 2735 esse
1396 2682 1689 2735 rationem.
1728 2679 1933 2735 Omnes
1950 2696 2115 2749 porro
2133 2681 2439 2735 concedere
2456 2680 2597 2734 nihil

555 2775 670 2813 -non
687 2760 850 2813 modo
870 2775 991 2814 esse
1008 2758 1214 2812 mundo
1231 2758 1446 2826 melius,
1475 2759 1576 2812 sed
1594 2774 1667 2813 ne
1684 2757 1920 2827 cogitari
1938 2756 2160 2825 quidem
2176 2772 2367 2825 posse:
2389 2772 2499 2825 qua
2516 2773 2594 2823 re,

558 2852 684 2891 cum
699 2834 916 2888 ratione
934 2832 1073 2885 nihil
1093 2833 1167 2885 sit
1182 2833 1396 2899 melius,
1437 2850 1506 2886 ea
1525 2848 1745 2902 quoque
1762 2834 1819 2887 in
1836 2833 2041 2887 mundo
2059 2832 2191 2886 insit
2208 2848 2435 2887 necesse
2454 2847 2593 2898 esse,

559 2909 654 2980 qui
678 2927 792 2964 non
819 2915 1010 2978 posset
1033 2908 1116 2961 ita
1141 2908 1394 2962 omnibus
1421 2908 1677 2978 partibus
1703 2909 2033 2975 consentire,
2070 2909 2179 2963 nisi
2206 2924 2317 2963 uno
2336 2907 2521 2961 divino
2540 2914 2599 2963 et

559 2986 883 3039 continuato
911 2984 1110 3053 spiritu
1135 2984 1512 3039 contineretur
1537 2986 1685 3055 (cap.
1712 2986 1910 3056 2—8).
1978 2985 2085 3039 His
2110 2985 2419 3040 rationibus
2446 2984 2597 3039 subi-

559 3062 779 3117 ciuntur
797 3060 1292 3115 demonstrationes
1316 3062 1604 3131 physicae.
1673 3062 1866 3116 Prima
1882 3062 2043 3115 huius
2068 3062 2218 3117 modi
2243 3066 2353 3117 est:
2390 3062 2593 3133 omnia,

560 3154 704 3209 quae
733 3137 956 3193 alantur
981 3141 1041 3190 et
1065 3142 1344 3205 crescant,
1380 3153 1452 3191 ea
1477 3138 1879 3207 temperatione
1907 3138 2111 3193 caloris
2136 3138 2268 3192 oriri
2294 3144 2352 3193 et
2384 3139 2593 3209 augeri,

559 3230 858 3283 omnesque
884 3216 1076 3283 partes
1100 3212 1291 3266 mundi
1317 3213 1503 3268 calore
1530 3214 1704 3269 fultas
1722 3212 1999 3283 sustineri,
2026 3214 2217 3285 itaque
2243 3214 2411 3270 etiam
2436 3232 2593 3268 mun-

561 3292 690 3344 dum
708 3290 872 3344 simili
896 3290 1130 3359 parique
1153 3294 1356 3344 natura
1380 3290 1604 3345 servari.
1674 3290 1811 3345 Esse
1830 3290 2003 3361 igitur
2016 3297 2290 3359 naturam,
2320 3307 2463 3361 quae
2481 3306 2594 3344 om-

558 3384 688 3421 nem
719 3367 986 3419 mundum
1029 3364 1314 3419 contineat
1348 3382 1583 3435 eumque
1617 3370 1867 3435 tueatur,
1923 3375 2065 3436 quae
2111 3368 2373 3437 quoniam
2403 3366 2594 3419 mundi

558 3442 931 3512 principatum
965 3441 1054 3512 (τὸ
1089 3440 1440 3514 ἡγεμονικόν)
1473 3446 1539 3495 ut
1579 3442 1638 3496 in
1680 3442 1903 3497 homine
1940 3460 2096 3497 mens
2132 3443 2385 3498 obtineat
2420 3446 2477 3496 et
2522 3442 2595 3495 sit

561 3519 771 3590 optima
789 3520 1050 3587 omnium,
1087 3518 1147 3571 in
1170 3519 1278 3572 hac
1297 3535 1489 3573 sensus
1516 3535 1737 3589 quoque
1758 3525 1816 3574 et
1841 3520 1985 3574 ratio
2012 3519 2185 3573 insint
2208 3534 2433 3573 necesse
2452 3535 2591 3586 esse,

561 3602 619 3652 et
649 3595 826 3649 multo
861 3595 1084 3665 quidem
1111 3596 1350 3651 acriores
1387 3600 1554 3665 atque
1587 3596 1825 3652 maiores
1838 3637 1853 3666 ,
1893 3614 1960 3651 ex
1994 3613 2103 3666 quo
2137 3594 2394 3650 concludi
2425 3610 2593 3664 posse

559 3672 824 3725 mundum
850 3688 969 3726 esse
997 3672 1179 3727 deum.
1247 3672 1386 3727 Esse
1413 3678 1711 3741 praeterea
1745 3672 2081 3727 animantem
2116 3671 2403 3739 mundum,
2442 3672 2593 3740 quod

560 3754 714 3804 motu
739 3764 839 3802 suo
859 3748 1086 3816 cicatur,
1125 3747 1220 3819 qui
1242 3749 1334 3803 vel
1348 3748 1588 3804 Platone
1614 3756 1843 3805 auctore
1870 3755 2087 3803 tantum
2109 3749 2169 3801 in
2195 3746 2407 3800 animos
2424 3746 2595 3801 cadat

562 3826 707 3897 (cap.
727 3825 955 3895 9—12).
1025 3825 1222 3881 Altera
1247 3824 1391 3879 ratio
1421 3830 1506 3880 est
1532 3826 1651 3881 eius
1678 3826 1854 3881 modi.-
1908 3826 1968 3879 in
1994 3825 2143 3879 omni
2166 3840 2349 3878 rerum
2373 3822 2591 3878 institu-

559 3901 711 3956 tione
730 3918 850 3955 csse
869 3900 1082 3971 aliquid
1099 3908 1400 3958 extremum
1419 3908 1586 3972 atque
1603 3903 1933 3973 perfectum,
1952 3902 2061 3955 nisi
2077 3916 2221 3971 quae
2239 3898 2323 3953 vis
2339 3898 2589 3954 obsistat.

561 3976 629 4031 In
653 3977 802 4031 omni
835 3977 1005 4047 igitur
1031 3983 1233 4033 natura
1261 3978 1352 4033 vel
1383 3979 1638 4033 universo
1668 3996 1736 4033 ac
1762 3980 1937 4031 multo
1966 3978 2133 4033 etiam
2156 3975 2335 4049 magis
2361 3992 2591 4033 necesse

563 4049 930 4108 esse'absolvi
968 4054 1178 4125 aliquid
1215 4072 1282 4109 ac
1315 4053 1534 4124 perfici,
1574 4054 1724 4123 quod
1756 4052 1913 4123 nihil,
1950 4060 2015 4109 ut
2048 4054 2105 4108 in
2132 4054 2331 4111 ceteris
2353 4052 2587 4123 naturis,
