<?xml version="1.0" encoding="UTF-8"?>
<!DOCTYPE html PUBLIC "-//W3C//DTD XHTML 1.0 Transitional//EN"
    "http://www.w3.org/TR/xhtml1/DTD/xhtml1-transitional.dtd">
<html xmlns="http://www.w3.org/1999/xhtml" xml:lang="en" lang="en">
 <head>
  <title>
</title>
<meta http-equiv="Content-Type" content="text/html;charset=utf-8" />
  <meta name='ocr-system' content='tesseract 3.04.00' />
  <meta name='ocr-capabilities' content='ocr_page ocr_carea ocr_par ocr_line ocrx_word'/>
</head>
<body>
  <div class='ocr_page' id='page_1' title='image "./mtulliiciceroni03unkngoog_0075.png"; bbox 0 0 3292 4559; ppageno 0'>
   <div class='ocr_carea' id='block_1_1' title="bbox 922 242 2566 312">
    <p class='ocr_par' dir='ltr' id='par_1_1' title="bbox 922 242 2566 312">
     <span class='ocr_line' id='line_1_1' title="bbox 922 242 2566 312; baseline -0.002 -2"><span class='ocrx_word' id='word_1_1' title='bbox 922 254 1032 310; x_wconf 85' lang='lat' dir='ltr'><strong>DE</strong></span> <span class='ocrx_word' id='word_1_2' title='bbox 1064 251 1393 309; x_wconf 86' lang='lat' dir='ltr'>DEORUM</span> <span class='ocrx_word' id='word_1_3' title='bbox 1426 251 1754 312; x_wconf 81' lang='lat' dir='ltr'><strong>NATURA</strong></span> <span class='ocrx_word' id='word_1_4' title='bbox 1785 250 1864 308; x_wconf 87' lang='grc' dir='ltr'><strong>Π.</strong></span> <span class='ocrx_word' id='word_1_5' title='bbox 1900 253 2142 311; x_wconf 77' lang='lat'>12-17.</span> <span class='ocrx_word' id='word_1_6' title='bbox 2477 242 2566 307; x_wconf 80' lang='lat'><strong>45</strong></span> 
     </span>
    </p>
   </div>
   <div class='ocr_carea' id='block_1_2' title="bbox 484 372 2568 841">
    <p class='ocr_par' dir='ltr' id='par_1_2' title="bbox 484 372 2568 841">
     <span class='ocr_line' id='line_1_2' title="bbox 484 372 2561 465; baseline 0 -19"><span class='ocrx_word' id='word_1_7' title='bbox 484 378 869 447; x_wconf 82' lang='lat' dir='ltr'><strong>Octaviano</strong></span> <span class='ocrx_word' id='word_1_8' title='bbox 914 398 1297 463; x_wconf 83' lang='lat' dir='ltr'><strong>magnarum</strong></span> <span class='ocrx_word' id='word_1_9' title='bbox 1340 372 1609 443; x_wconf 81' lang='lat' dir='ltr'><strong>fuerunt</strong></span> <span class='ocrx_word' id='word_1_10' title='bbox 1644 372 2079 443; x_wconf 70' lang='lat' dir='ltr'><strong>calamitatum</strong></span> <span class='ocrx_word' id='word_1_11' title='bbox 2123 378 2561 465; x_wconf 82' lang='lat' dir='ltr'><strong>praenuntiae,</strong></span> 
     </span>
     <span class='ocr_line' id='line_1_3' title="bbox 485 466 2568 560; baseline -0 -22"><span class='ocrx_word' id='word_1_12' title='bbox 485 487 629 539; x_wconf 86' lang='lat' dir='ltr'><strong>tum</strong></span> <span class='ocrx_word' id='word_1_13' title='bbox 664 474 807 539; x_wconf 86' lang='lat' dir='ltr'><strong>sole</strong></span> <span class='ocrx_word' id='word_1_14' title='bbox 843 472 1195 560; x_wconf 72' lang='lat' dir='ltr'><strong>geminam,</strong></span> <span class='ocrx_word' id='word_1_15' title='bbox 1228 472 1432 555; x_wconf 88' lang='lat' dir='ltr'><strong>quod,</strong></span> <span class='ocrx_word' id='word_1_16' title='bbox 1467 482 1540 537; x_wconf 91' lang='lat' dir='ltr'><strong>ut</strong></span> <span class='ocrx_word' id='word_1_17' title='bbox 1577 494 1613 537; x_wconf 92' lang='lat' dir='ltr'><strong>e</strong></span> <span class='ocrx_word' id='word_1_18' title='bbox 1646 466 1830 557; x_wconf 88' lang='lat' dir='ltr'><strong>patre</strong></span> <span class='ocrx_word' id='word_1_19' title='bbox 1865 472 2104 549; x_wconf 87' lang='lat' dir='ltr'><strong>audivi,</strong></span> <span class='ocrx_word' id='word_1_20' title='bbox 2139 472 2463 538; x_wconf 81' lang='lat' dir='ltr'><strong>Tuditano</strong></span> <span class='ocrx_word' id='word_1_21' title='bbox 2499 482 2568 538; x_wconf 89' lang='lat' dir='ltr'><strong>et</strong></span> 
     </span>
     <span class='ocr_line' id='line_1_4' title="bbox 486 564 2568 653; baseline -0.001 -20"><span class='ocrx_word' id='word_1_22' title='bbox 486 567 765 653; x_wconf 87' lang='lat' dir='ltr'><strong>Aquilio</strong></span> <span class='ocrx_word' id='word_1_23' title='bbox 802 566 1175 632; x_wconf 87' lang='lat' dir='ltr'><strong>consulibus</strong></span> <span class='ocrx_word' id='word_1_24' title='bbox 1214 576 1544 642; x_wconf 86' lang='lat' dir='ltr'><strong>evenerat,</strong></span> <span class='ocrx_word' id='word_1_25' title='bbox 1588 586 1717 649; x_wconf 88' lang='lat' dir='ltr'><strong>quo</strong></span> <span class='ocrx_word' id='word_1_26' title='bbox 1761 564 2020 650; x_wconf 81' lang='lat' dir='ltr'><strong>quidem</strong></span> <span class='ocrx_word' id='word_1_27' title='bbox 2065 587 2234 631; x_wconf 89' lang='lat' dir='ltr'><strong>anno</strong></span> <span class='ocrx_word' id='word_1_28' title='bbox 2268 565 2348 631; x_wconf 91' lang='grc' dir='ltr'><strong>Ρ.</strong></span> <span class='ocrx_word' id='word_1_29' title='bbox 2383 564 2568 631; x_wconf 77' lang='lat' dir='ltr'><strong>Afri-</strong></span> 
     </span>
     <span class='ocr_line' id='line_1_5' title="bbox 490 658 2566 745; baseline -0.001 -18"><span class='ocrx_word' id='word_1_30' title='bbox 490 684 695 727; x_wconf 87' lang='lat' dir='ltr'><strong>canus</strong></span> <span class='ocrx_word' id='word_1_31' title='bbox 740 661 844 726; x_wconf 83' lang='lat' dir='ltr'><strong>sol</strong></span> <span class='ocrx_word' id='word_1_32' title='bbox 888 662 1052 727; x_wconf 85' lang='lat' dir='ltr'><strong>alter</strong></span> <span class='ocrx_word' id='word_1_33' title='bbox 1094 660 1443 725; x_wconf 81' lang='lat' dir='ltr'><strong>exstinctus</strong></span> <span class='ocrx_word' id='word_1_34' title='bbox 1491 671 1617 738; x_wconf 87' lang='lat' dir='ltr'><strong>est,</strong></span> <span class='ocrx_word' id='word_1_35' title='bbox 1672 660 1906 745; x_wconf 88' lang='lat' dir='ltr'><strong>quibus</strong></span> <span class='ocrx_word' id='word_1_36' title='bbox 1951 660 2234 726; x_wconf 85' lang='lat' dir='ltr'><strong>exterriti</strong></span> <span class='ocrx_word' id='word_1_37' title='bbox 2276 658 2566 725; x_wconf 78' lang='lat' dir='ltr'><strong>homines</strong></span> 
     </span>
     <span class='ocr_line' id='line_1_6' title="bbox 490 754 2566 841; baseline 0 -22"><span class='ocrx_word' id='word_1_38' title='bbox 490 758 628 820; x_wconf 85' lang='lat' dir='ltr'><strong>vim</strong></span> <span class='ocrx_word' id='word_1_39' title='bbox 664 754 1001 839; x_wconf 82' lang='lat' dir='ltr'><strong>quandam</strong></span> <span class='ocrx_word' id='word_1_40' title='bbox 1042 776 1183 819; x_wconf 87' lang='lat' dir='ltr'><strong>esse</strong></span> <span class='ocrx_word' id='word_1_41' title='bbox 1230 754 1569 821; x_wconf 88' lang='lat' dir='ltr'><strong>caelestem</strong></span> <span class='ocrx_word' id='word_1_42' title='bbox 1607 765 1672 820; x_wconf 88' lang='lat' dir='ltr'><strong>et</strong></span> <span class='ocrx_word' id='word_1_43' title='bbox 1717 754 2002 821; x_wconf 84' lang='lat' dir='ltr'><strong>divinam</strong></span> <span class='ocrx_word' id='word_1_44' title='bbox 2039 755 2344 841; x_wconf 85' lang='lat' dir='ltr'><strong>suspicati</strong></span> <span class='ocrx_word' id='word_1_45' title='bbox 2387 765 2566 831; x_wconf 86' lang='lat' dir='ltr'><strong>sunt3</strong></span> 
     </span>
    </p>
   </div>
   <div class='ocr_carea' id='block_1_3' title="bbox 492 849 2647 935">
    <p class='ocr_par' dir='ltr' id='par_1_3' title="bbox 492 849 2647 935">
     <span class='ocr_line' id='line_1_7' title="bbox 492 849 2647 935; baseline 0 -21"><span class='ocrx_word' id='word_1_46' title='bbox 492 863 801 935; x_wconf 79' lang='lat' dir='ltr'>quartam</span> <span class='ocrx_word' id='word_1_47' title='bbox 838 870 1102 913; x_wconf 85' lang='lat' dir='ltr'><strong>causam</strong></span> <span class='ocrx_word' id='word_1_48' title='bbox 1138 870 1277 915; x_wconf 84' lang='lat' dir='ltr'><strong>esse</strong></span> <span class='ocrx_word' id='word_1_49' title='bbox 1313 870 1587 933; x_wconf 87' lang='lat' dir='ltr'><strong>eamque</strong></span> <span class='ocrx_word' id='word_1_50' title='bbox 1621 850 1726 915; x_wconf 88' lang='lat' dir='ltr'><strong>vel</strong></span> <span class='ocrx_word' id='word_1_51' title='bbox 1761 850 2112 914; x_wconf 82' lang='lat' dir='ltr'><strong>maximam</strong></span> <span class='ocrx_word' id='word_1_52' title='bbox 2149 849 2568 933; x_wconf 86' lang='lat' dir='ltr'><strong>aequabilita-</strong></span> <span class='ocrx_word' id='word_1_53' title='bbox 2596 866 2647 908; x_wconf 77' lang='lat'><strong>1⁵</strong></span> 
     </span>
    </p>
   </div>
   <div class='ocr_carea' id='block_1_4' title="bbox 496 942 2648 2064">
    <p class='ocr_par' dir='ltr' id='par_1_4' title="bbox 496 942 2579 2064">
     <span class='ocr_line' id='line_1_8' title="bbox 496 942 2572 1027; baseline -0 -19"><span class='ocrx_word' id='word_1_54' title='bbox 496 960 635 1009; x_wconf 87' lang='lat' dir='ltr'><strong>tem</strong></span> <span class='ocrx_word' id='word_1_55' title='bbox 666 953 887 1008; x_wconf 86' lang='lat' dir='ltr'><strong>motus</strong></span> <span class='ocrx_word' id='word_1_56' title='bbox 922 946 995 1007; x_wconf 81' lang='lat' dir='ltr'><strong>in</strong></span> <span class='ocrx_word' id='word_1_57' title='bbox 1030 943 1443 1013; x_wconf 70' lang='lat' dir='ltr'><strong>conversione</strong></span> <span class='ocrx_word' id='word_1_58' title='bbox 1480 943 1662 1021; x_wconf 86' lang='lat' dir='ltr'><strong>caeli,</strong></span> <span class='ocrx_word' id='word_1_59' title='bbox 1699 942 1880 1020; x_wconf 87' lang='lat' dir='ltr'><strong>solis,</strong></span> <span class='ocrx_word' id='word_1_60' title='bbox 1925 943 2117 1008; x_wconf 89' lang='lat' dir='ltr'><strong>lunae</strong></span> <span class='ocrx_word' id='word_1_61' title='bbox 2162 942 2572 1027; x_wconf 85' lang='lat' dir='ltr'><strong>siderumque</strong></span> 
     </span>
     <span class='ocr_line' id='line_1_9' title="bbox 509 1034 2576 1121; baseline -0.001 -20"><span class='ocrx_word' id='word_1_62' title='bbox 509 1036 797 1101; x_wconf 89' lang='lat' dir='ltr'><strong>omnium</strong></span> <span class='ocrx_word' id='word_1_63' title='bbox 834 1036 1328 1114; x_wconf 78' lang='lat' dir='ltr'><strong>distinctionem,</strong></span> <span class='ocrx_word' id='word_1_64' title='bbox 1362 1037 1760 1115; x_wconf 83' lang='lat' dir='ltr'><strong>varietatem,</strong></span> <span class='ocrx_word' id='word_1_65' title='bbox 1795 1035 2372 1121; x_wconf 85' lang='lat' dir='ltr'><strong>pulchritudinem,</strong></span> <span class='ocrx_word' id='word_1_66' title='bbox 2405 1034 2576 1100; x_wconf 88' lang='lat' dir='ltr'><strong>ordi-</strong></span> 
     </span>
     <span class='ocr_line' id='line_1_10' title="bbox 502 1130 2573 1218; baseline -0.002 -21"><span class='ocrx_word' id='word_1_67' title='bbox 502 1154 687 1208; x_wconf 87' lang='lat' dir='ltr'><strong>nem,</strong></span> <span class='ocrx_word' id='word_1_68' title='bbox 739 1152 1021 1216; x_wconf 86' lang='lat' dir='ltr'><strong>quarum</strong></span> <span class='ocrx_word' id='word_1_69' title='bbox 1070 1153 1286 1197; x_wconf 87' lang='lat' dir='ltr'><strong>rerum</strong></span> <span class='ocrx_word' id='word_1_70' title='bbox 1334 1142 1633 1218; x_wconf 87' lang='lat' dir='ltr'><strong>aspectus</strong></span> <span class='ocrx_word' id='word_1_71' title='bbox 1685 1131 1825 1217; x_wconf 86' lang='lat' dir='ltr'><strong>ipse</strong></span> <span class='ocrx_word' id='word_1_72' title='bbox 1871 1131 2026 1196; x_wconf 86' lang='lat' dir='ltr'><strong>satis</strong></span> <span class='ocrx_word' id='word_1_73' title='bbox 2077 1130 2390 1195; x_wconf 85' lang='lat' dir='ltr'><strong>indicaret</strong></span> <span class='ocrx_word' id='word_1_74' title='bbox 2441 1149 2573 1193; x_wconf 91' lang='lat' dir='ltr'><strong>non</strong></span> 
     </span>
     <span class='ocr_line' id='line_1_11' title="bbox 501 1222 2576 1310; baseline -0.002 -19"><span class='ocrx_word' id='word_1_75' title='bbox 501 1248 645 1291; x_wconf 78' lang='lat' dir='ltr'><strong>esse</strong></span> <span class='ocrx_word' id='word_1_76' title='bbox 692 1248 773 1290; x_wconf 90' lang='lat' dir='ltr'><strong>ea</strong></span> <span class='ocrx_word' id='word_1_77' title='bbox 819 1224 1101 1290; x_wconf 87' lang='lat' dir='ltr'><strong>fortuita.</strong></span> <span class='ocrx_word' id='word_1_78' title='bbox 1189 1236 1295 1301; x_wconf 88' lang='lat' dir='ltr'><strong>ut,</strong></span> <span class='ocrx_word' id='word_1_79' title='bbox 1338 1226 1392 1290; x_wconf 89' lang='lat' dir='ltr'><strong>si</strong></span> <span class='ocrx_word' id='word_1_80' title='bbox 1425 1225 1571 1310; x_wconf 89' lang='lat' dir='ltr'><strong>quis</strong></span> <span class='ocrx_word' id='word_1_81' title='bbox 1614 1225 1684 1290; x_wconf 89' lang='lat' dir='ltr'><strong>in</strong></span> <span class='ocrx_word' id='word_1_82' title='bbox 1721 1224 1984 1291; x_wconf 90' lang='lat' dir='ltr'><strong>domum</strong></span> <span class='ocrx_word' id='word_1_83' title='bbox 2027 1224 2308 1310; x_wconf 86' lang='lat' dir='ltr'><strong>aliquam</strong></span> <span class='ocrx_word' id='word_1_84' title='bbox 2351 1233 2464 1288; x_wconf 89' lang='lat' dir='ltr'><strong>aut</strong></span> <span class='ocrx_word' id='word_1_85' title='bbox 2505 1222 2576 1287; x_wconf 87' lang='lat' dir='ltr'><strong>in</strong></span> 
     </span>
     <span class='ocr_line' id='line_1_12' title="bbox 500 1317 2576 1407; baseline -0.002 -22"><span class='ocrx_word' id='word_1_86' title='bbox 500 1320 923 1407; x_wconf 86' lang='lat' dir='ltr'><strong>gymnasium</strong></span> <span class='ocrx_word' id='word_1_87' title='bbox 975 1331 1087 1385; x_wconf 87' lang='lat' dir='ltr'><strong>aut</strong></span> <span class='ocrx_word' id='word_1_88' title='bbox 1136 1319 1205 1385; x_wconf 90' lang='lat' dir='ltr'><strong>in</strong></span> <span class='ocrx_word' id='word_1_89' title='bbox 1244 1320 1459 1386; x_wconf 88' lang='lat' dir='ltr'><strong>forum</strong></span> <span class='ocrx_word' id='word_1_90' title='bbox 1503 1320 1778 1398; x_wconf 87' lang='lat' dir='ltr'><strong>venerit,</strong></span> <span class='ocrx_word' id='word_1_91' title='bbox 1833 1340 1982 1385; x_wconf 91' lang='lat' dir='ltr'><strong>cum</strong></span> <span class='ocrx_word' id='word_1_92' title='bbox 2026 1319 2242 1385; x_wconf 87' lang='lat' dir='ltr'><strong>videat</strong></span> <span class='ocrx_word' id='word_1_93' title='bbox 2287 1317 2576 1383; x_wconf 85' lang='lat' dir='ltr'><strong>omnium</strong></span> 
     </span>
     <span class='ocr_line' id='line_1_13' title="bbox 500 1410 2572 1500; baseline -0.002 -19"><span class='ocrx_word' id='word_1_94' title='bbox 500 1436 727 1481; x_wconf 86' lang='lat' dir='ltr'><strong>rerum</strong></span> <span class='ocrx_word' id='word_1_95' title='bbox 759 1414 1094 1491; x_wconf 81' lang='lat' dir='ltr'><strong>rationem,</strong></span> <span class='ocrx_word' id='word_1_96' title='bbox 1128 1415 1413 1490; x_wconf 89' lang='lat' dir='ltr'><strong>modum,</strong></span> <span class='ocrx_word' id='word_1_97' title='bbox 1450 1413 1884 1500; x_wconf 82' lang='lat' dir='ltr'><strong>disciplinam,</strong></span> <span class='ocrx_word' id='word_1_98' title='bbox 1920 1434 2050 1479; x_wconf 89' lang='lat' dir='ltr'><strong>non</strong></span> <span class='ocrx_word' id='word_1_99' title='bbox 2085 1412 2286 1500; x_wconf 78' lang='lat' dir='ltr'><strong>possit</strong></span> <span class='ocrx_word' id='word_1_100' title='bbox 2319 1434 2399 1479; x_wconf 88' lang='lat' dir='ltr'><strong>ea</strong></span> <span class='ocrx_word' id='word_1_101' title='bbox 2432 1410 2572 1478; x_wconf 85' lang='lat' dir='ltr'><strong>sine</strong></span> 
     </span>
     <span class='ocr_line' id='line_1_14' title="bbox 504 1506 2574 1595; baseline -0.001 -21"><span class='ocrx_word' id='word_1_102' title='bbox 504 1530 709 1574; x_wconf 83' lang='lat' dir='ltr'><strong>causa</strong></span> <span class='ocrx_word' id='word_1_103' title='bbox 760 1508 904 1573; x_wconf 87' lang='lat' dir='ltr'><strong>fieri</strong></span> <span class='ocrx_word' id='word_1_104' title='bbox 952 1508 1266 1587; x_wconf 88' lang='lat' dir='ltr'><strong>iudicare,</strong></span> <span class='ocrx_word' id='word_1_105' title='bbox 1328 1510 1444 1574; x_wconf 90' lang='lat' dir='ltr'><strong>sed</strong></span> <span class='ocrx_word' id='word_1_106' title='bbox 1496 1532 1636 1576; x_wconf 88' lang='lat' dir='ltr'><strong>esse</strong></span> <span class='ocrx_word' id='word_1_107' title='bbox 1692 1510 1970 1594; x_wconf 83' lang='lat' dir='ltr'><strong>aliquem</strong></span> <span class='ocrx_word' id='word_1_108' title='bbox 2031 1509 2394 1595; x_wconf 89' lang='lat' dir='ltr'><strong>intellegat,</strong></span> <span class='ocrx_word' id='word_1_109' title='bbox 2460 1506 2574 1591; x_wconf 86' lang='lat' dir='ltr'><strong>qui</strong></span> 
     </span>
     <span class='ocr_line' id='line_1_15' title="bbox 503 1600 2574 1690; baseline -0.002 -22"><span class='ocrx_word' id='word_1_110' title='bbox 503 1600 751 1690; x_wconf 81' lang='lat' dir='ltr'><strong>praesit</strong></span> <span class='ocrx_word' id='word_1_111' title='bbox 786 1613 852 1667; x_wconf 90' lang='lat' dir='ltr'><strong>et</strong></span> <span class='ocrx_word' id='word_1_112' title='bbox 886 1602 992 1667; x_wconf 91' lang='lat' dir='ltr'><strong>cui</strong></span> <span class='ocrx_word' id='word_1_113' title='bbox 1024 1614 1346 1689; x_wconf 88' lang='lat' dir='ltr'><strong>pareatur,</strong></span> <span class='ocrx_word' id='word_1_114' title='bbox 1381 1603 1583 1669; x_wconf 92' lang='lat' dir='ltr'><strong>multo</strong></span> <span class='ocrx_word' id='word_1_115' title='bbox 1612 1604 1820 1689; x_wconf 89' lang='lat' dir='ltr'><strong>magis</strong></span> <span class='ocrx_word' id='word_1_116' title='bbox 1853 1604 1921 1669; x_wconf 90' lang='grc' dir='ltr'><strong>ιιι</strong></span> <span class='ocrx_word' id='word_1_117' title='bbox 1957 1604 2149 1668; x_wconf 85' lang='lat' dir='ltr'><strong>tantis</strong></span> <span class='ocrx_word' id='word_1_118' title='bbox 2185 1600 2574 1667; x_wconf 89' lang='lat' dir='ltr'><strong>motionibus</strong></span> 
     </span>
     <span class='ocr_line' id='line_1_16' title="bbox 506 1696 2574 1782; baseline -0.001 -20"><span class='ocrx_word' id='word_1_119' title='bbox 506 1697 837 1782; x_wconf 66' lang='lat' dir='ltr'><strong>tantisque</strong></span> <span class='ocrx_word' id='word_1_120' title='bbox 888 1696 1460 1774; x_wconf 80' lang='lat' dir='ltr'><strong>vicissitudinibus,</strong></span> <span class='ocrx_word' id='word_1_121' title='bbox 1528 1708 1664 1763; x_wconf 89' lang='lat' dir='ltr'><strong>tam</strong></span> <span class='ocrx_word' id='word_1_122' title='bbox 1713 1698 2062 1763; x_wconf 84' lang='lat' dir='ltr'><strong>multarum</strong></span> <span class='ocrx_word' id='word_1_123' title='bbox 2112 1719 2328 1763; x_wconf 89' lang='lat' dir='ltr'><strong>rerum</strong></span> <span class='ocrx_word' id='word_1_124' title='bbox 2380 1706 2574 1781; x_wconf 88' lang='lat' dir='ltr'><strong>atque</strong></span> 
     </span>
     <span class='ocr_line' id='line_1_17' title="bbox 508 1790 2576 1876; baseline -0.001 -21"><span class='ocrx_word' id='word_1_125' title='bbox 508 1802 837 1855; x_wconf 87' lang='lat' dir='ltr'><strong>tantarum</strong></span> <span class='ocrx_word' id='word_1_126' title='bbox 872 1790 1236 1867; x_wconf 87' lang='lat' dir='ltr'><strong>ordinibus,</strong></span> <span class='ocrx_word' id='word_1_127' title='bbox 1274 1790 1345 1855; x_wconf 90' lang='grc' dir='ltr'><strong>ιιι</strong></span> <span class='ocrx_word' id='word_1_128' title='bbox 1375 1791 1609 1875; x_wconf 88' lang='lat' dir='ltr'><strong>quibus</strong></span> <span class='ocrx_word' id='word_1_129' title='bbox 1644 1792 1805 1857; x_wconf 89' lang='lat' dir='ltr'><strong>nihil</strong></span> <span class='ocrx_word' id='word_1_130' title='bbox 1840 1812 2150 1876; x_wconf 86' lang='lat' dir='ltr'><strong>umquam</strong></span> <span class='ocrx_word' id='word_1_131' title='bbox 2183 1790 2476 1855; x_wconf 87' lang='lat' dir='ltr'><strong>inmensa</strong></span> <span class='ocrx_word' id='word_1_132' title='bbox 2508 1797 2576 1853; x_wconf 88' lang='lat' dir='ltr'><strong>et</strong></span> 
     </span>
     <span class='ocr_line' id='line_1_18' title="bbox 510 1882 2579 1965; baseline -0.002 -15"><span class='ocrx_word' id='word_1_133' title='bbox 510 1885 761 1950; x_wconf 89' lang='lat' dir='ltr'><strong>infinita</strong></span> <span class='ocrx_word' id='word_1_134' title='bbox 786 1894 1072 1951; x_wconf 85' lang='lat' dir='ltr'><strong>vetustas</strong></span> <span class='ocrx_word' id='word_1_135' title='bbox 1107 1885 1375 1951; x_wconf 84' lang='lat' dir='ltr'><strong>mentita</strong></span> <span class='ocrx_word' id='word_1_136' title='bbox 1401 1885 1504 1963; x_wconf 89' lang='lat' dir='ltr'><strong>sit,</strong></span> <span class='ocrx_word' id='word_1_137' title='bbox 1542 1896 1783 1951; x_wconf 85' lang='lat' dir='ltr'><strong>statuat</strong></span> <span class='ocrx_word' id='word_1_138' title='bbox 1813 1906 2075 1951; x_wconf 87' lang='lat' dir='ltr'><strong>necesse</strong></span> <span class='ocrx_word' id='word_1_139' title='bbox 2110 1893 2208 1948; x_wconf 88' lang='lat' dir='ltr'><strong>est</strong></span> <span class='ocrx_word' id='word_1_140' title='bbox 2242 1884 2328 1947; x_wconf 87' lang='lat' dir='ltr'><strong>ab</strong></span> <span class='ocrx_word' id='word_1_141' title='bbox 2361 1882 2579 1965; x_wconf 83' lang='lat' dir='ltr'><strong>aliqua</strong></span> 
     </span>
     <span class='ocr_line' id='line_1_19' title="bbox 512 1973 2648 2064; baseline -0.004 -19"><span class='ocrx_word' id='word_1_142' title='bbox 512 1992 727 2045; x_wconf 88' lang='lat' dir='ltr'><strong>mente</strong></span> <span class='ocrx_word' id='word_1_143' title='bbox 760 1989 975 2044; x_wconf 89' lang='lat' dir='ltr'><strong>tantos</strong></span> <span class='ocrx_word' id='word_1_144' title='bbox 1008 1990 1275 2045; x_wconf 84' lang='lat' dir='ltr'><strong>naturae</strong></span> <span class='ocrx_word' id='word_1_145' title='bbox 1308 1990 1521 2045; x_wconf 91' lang='lat' dir='ltr'><strong>motus</strong></span> <span class='ocrx_word' id='word_1_146' title='bbox 1555 1978 1922 2064; x_wconf 86' lang='lat' dir='ltr'><strong>gubernari.</strong></span> <span class='ocrx_word' id='word_1_147' title='bbox 1998 1973 2401 2061; x_wconf 81' lang='lat' dir='ltr'><strong>Chrysippus</strong></span> <span class='ocrx_word' id='word_1_148' title='bbox 2435 1974 2648 2057; x_wconf 80' lang='lat' dir='ltr'><strong>qui-6</strong></span> 
     </span>
    </p>
   </div>
   <div class='ocr_carea' id='block_1_5' title="bbox 458 2046 2630 2182">
    <p class='ocr_par' dir='ltr' id='par_1_5' title="bbox 458 2046 2630 2182">
     <span class='ocr_line' id='line_1_20' title="bbox 458 2046 2630 2182; baseline -0.004 -41"><span class='ocrx_word' id='word_1_149' title='bbox 458 2132 475 2141; x_wconf 86' lang='lat'><strong>-</strong></span> <span class='ocrx_word' id='word_1_150' title='bbox 512 2076 685 2151; x_wconf 86' lang='lat' dir='ltr'><strong>dem,</strong></span> <span class='ocrx_word' id='word_1_151' title='bbox 720 2094 1117 2157; x_wconf 85' lang='lat' dir='ltr'><strong>quamquam</strong></span> <span class='ocrx_word' id='word_1_152' title='bbox 1152 2085 1253 2139; x_wconf 85' lang='lat' dir='ltr'><strong>est</strong></span> <span class='ocrx_word' id='word_1_153' title='bbox 1286 2073 1598 2139; x_wconf 86' lang='lat' dir='ltr'><strong>acerrimo</strong></span> <span class='ocrx_word' id='word_1_154' title='bbox 1632 2072 1912 2182; x_wconf 83' lang='lat' dir='ltr'><strong>ingenio,</strong></span> <span class='ocrx_word' id='word_1_155' title='bbox 1948 2082 2165 2135; x_wconf 86' lang='lat' dir='ltr'><strong>tamen</strong></span> <span class='ocrx_word' id='word_1_156' title='bbox 2201 2092 2278 2135; x_wconf 88' lang='lat' dir='ltr'><strong>ea</strong></span> <span class='ocrx_word' id='word_1_157' title='bbox 2304 2068 2489 2147; x_wconf 84' lang='lat' dir='ltr'><strong>dicit,</strong></span> <span class='ocrx_word' id='word_1_158' title='bbox 2505 2078 2582 2132; x_wconf 86' lang='lat' dir='ltr'><strong>ut</strong></span> <span class='ocrx_word' id='word_1_159' title='bbox 2605 2046 2630 2084; x_wconf 79' lang='lat'>¹</span> 
     </span>
    </p>
   </div>
   <div class='ocr_carea' id='block_1_6' title="bbox 514 2163 2592 3290">
    <p class='ocr_par' dir='ltr' id='par_1_6' title="bbox 514 2163 2592 3290">
     <span class='ocr_line' id='line_1_21' title="bbox 514 2163 2576 2254; baseline -0.003 -20"><span class='ocrx_word' id='word_1_160' title='bbox 514 2170 652 2235; x_wconf 87' lang='lat' dir='ltr'><strong>ab</strong></span> <span class='ocrx_word' id='word_1_161' title='bbox 632 2191 779 2254; x_wconf 76' lang='lat' dir='ltr'><strong>ipsa</strong></span> <span class='ocrx_word' id='word_1_162' title='bbox 812 2180 1045 2233; x_wconf 86' lang='lat' dir='ltr'><strong>natura</strong></span> <span class='ocrx_word' id='word_1_163' title='bbox 1082 2168 1397 2245; x_wconf 89' lang='lat' dir='ltr'><strong>didicisse,</strong></span> <span class='ocrx_word' id='word_1_164' title='bbox 1434 2189 1565 2233; x_wconf 89' lang='lat' dir='ltr'><strong>non</strong></span> <span class='ocrx_word' id='word_1_165' title='bbox 1598 2178 1674 2233; x_wconf 86' lang='lat' dir='ltr'><strong>ut</strong></span> <span class='ocrx_word' id='word_1_166' title='bbox 1707 2167 1845 2253; x_wconf 90' lang='lat' dir='ltr'><strong>ipse</strong></span> <span class='ocrx_word' id='word_1_167' title='bbox 1880 2165 2236 2252; x_wconf 84' lang='lat' dir='ltr'><strong>repperisse</strong></span> <span class='ocrx_word' id='word_1_168' title='bbox 2263 2163 2576 2231; x_wconf 84' lang='lat' dir='ltr'><strong>videatur.</strong></span> 
     </span>
     <span class='ocr_line' id='line_1_22' title="bbox 516 2258 2584 2347; baseline -0.003 -17.904"><span class='ocrx_word' id='word_1_169' title='bbox 516 2264 602 2329; x_wconf 87' lang='lat' dir='ltr'><strong>‘si</strong></span> <span class='ocrx_word' id='word_1_170' title='bbox 646 2262 845 2329; x_wconf 91' lang='lat' dir='ltr'><strong>enim&#39;</strong></span> <span class='ocrx_word' id='word_1_171' title='bbox 892 2262 1102 2347; x_wconf 90' lang='lat' dir='ltr'><strong>inquit</strong></span> <span class='ocrx_word' id='word_1_172' title='bbox 1142 2268 1271 2327; x_wconf 86' lang='lat' dir='ltr'><strong>‘est</strong></span> <span class='ocrx_word' id='word_1_173' title='bbox 1314 2260 1619 2347; x_wconf 87' lang='lat' dir='ltr'><strong>aliquid</strong></span> <span class='ocrx_word' id='word_1_174' title='bbox 1600 2286 1670 2327; x_wconf 91' lang='grc' dir='ltr'><strong>ιιι</strong></span> <span class='ocrx_word' id='word_1_175' title='bbox 1705 2284 1920 2327; x_wconf 88' lang='lat' dir='ltr'><strong>rerum</strong></span> <span class='ocrx_word' id='word_1_176' title='bbox 1955 2271 2214 2338; x_wconf 88' lang='lat' dir='ltr'><strong>natura,</strong></span> <span class='ocrx_word' id='word_1_177' title='bbox 2257 2258 2432 2342; x_wconf 91' lang='lat' dir='ltr'><strong>quod</strong></span> <span class='ocrx_word' id='word_1_178' title='bbox 2466 2259 2584 2323; x_wconf 92' lang='lat' dir='ltr'><strong>ho·-</strong></span> 
     </span>
     <span class='ocr_line' id='line_1_23' title="bbox 516 2352 2586 2441; baseline -0.002 -20"><span class='ocrx_word' id='word_1_179' title='bbox 516 2356 707 2421; x_wconf 87' lang='lat' dir='ltr'><strong>minis</strong></span> <span class='ocrx_word' id='word_1_180' title='bbox 742 2379 948 2435; x_wconf 89' lang='lat' dir='ltr'><strong>mens,</strong></span> <span class='ocrx_word' id='word_1_181' title='bbox 984 2356 1157 2441; x_wconf 90' lang='lat' dir='ltr'><strong>quod</strong></span> <span class='ocrx_word' id='word_1_182' title='bbox 1190 2356 1375 2433; x_wconf 89' lang='lat' dir='ltr'><strong>ratio,</strong></span> <span class='ocrx_word' id='word_1_183' title='bbox 1410 2356 1584 2441; x_wconf 89' lang='lat' dir='ltr'><strong>quod</strong></span> <span class='ocrx_word' id='word_1_184' title='bbox 1618 2356 1742 2435; x_wconf 87' lang='lat' dir='ltr'><strong>vis,</strong></span> <span class='ocrx_word' id='word_1_185' title='bbox 1777 2355 1952 2439; x_wconf 90' lang='lat' dir='ltr'><strong>quod</strong></span> <span class='ocrx_word' id='word_1_186' title='bbox 1984 2365 2268 2441; x_wconf 86' lang='lat' dir='ltr'><strong>potestas</strong></span> <span class='ocrx_word' id='word_1_187' title='bbox 2300 2352 2586 2419; x_wconf 83' lang='lat' dir='ltr'><strong>humana</strong></span> 
     </span>
     <span class='ocr_line' id='line_1_24' title="bbox 517 2445 2585 2537; baseline -0.004 -19"><span class='ocrx_word' id='word_1_188' title='bbox 517 2451 777 2518; x_wconf 85' lang='lat' dir='ltr'><strong>efficere</strong></span> <span class='ocrx_word' id='word_1_189' title='bbox 811 2472 942 2515; x_wconf 88' lang='lat' dir='ltr'><strong>non</strong></span> <span class='ocrx_word' id='word_1_190' title='bbox 974 2450 1195 2537; x_wconf 88' lang='lat' dir='ltr'><strong>possit,</strong></span> <span class='ocrx_word' id='word_1_191' title='bbox 1230 2460 1327 2515; x_wconf 89' lang='lat' dir='ltr'><strong>est</strong></span> <span class='ocrx_word' id='word_1_192' title='bbox 1356 2462 1524 2515; x_wconf 85' lang='lat' dir='ltr'><strong>certe</strong></span> <span class='ocrx_word' id='word_1_193' title='bbox 1558 2450 1645 2527; x_wconf 91' lang='lat' dir='ltr'><strong>id,</strong></span> <span class='ocrx_word' id='word_1_194' title='bbox 1681 2449 1854 2534; x_wconf 91' lang='lat' dir='ltr'><strong>quod</strong></span> <span class='ocrx_word' id='word_1_195' title='bbox 1888 2449 2049 2515; x_wconf 90' lang='lat' dir='ltr'><strong>illud</strong></span> <span class='ocrx_word' id='word_1_196' title='bbox 2075 2448 2292 2526; x_wconf 83' lang='lat' dir='ltr'><strong>efficit,</strong></span> <span class='ocrx_word' id='word_1_197' title='bbox 2325 2445 2585 2513; x_wconf 88' lang='lat' dir='ltr'><strong>homine</strong></span> 
     </span>
     <span class='ocr_line' id='line_1_25' title="bbox 518 2544 2586 2653; baseline -0.004 -42"><span class='ocrx_word' id='word_1_198' title='bbox 518 2545 783 2622; x_wconf 88' lang='lat' dir='ltr'><strong>melius,</strong></span> <span class='ocrx_word' id='word_1_199' title='bbox 764 2569 781 2584; x_wconf 94' lang='lat'><strong>·</strong></span> <span class='ocrx_word' id='word_1_200' title='bbox 838 2544 1029 2653; x_wconf 86' lang='lat' dir='ltr'><strong>atqui</strong></span> <span class='ocrx_word' id='word_1_201' title='bbox 1068 2567 1171 2611; x_wconf 87' lang='lat' dir='ltr'><strong>res</strong></span> <span class='ocrx_word' id='word_1_202' title='bbox 1224 2546 1529 2610; x_wconf 88' lang='lat' dir='ltr'><strong>caelestes</strong></span> <span class='ocrx_word' id='word_1_203' title='bbox 1575 2565 1925 2628; x_wconf 89' lang='lat' dir='ltr'><strong>omnesque</strong></span> <span class='ocrx_word' id='word_1_204' title='bbox 1969 2564 2112 2619; x_wconf 88' lang='lat' dir='ltr'><strong>eae,</strong></span> <span class='ocrx_word' id='word_1_205' title='bbox 2165 2563 2442 2626; x_wconf 88' lang='lat' dir='ltr'><strong>quarum</strong></span> <span class='ocrx_word' id='word_1_206' title='bbox 2488 2548 2586 2603; x_wconf 87' lang='lat' dir='ltr'><strong>est</strong></span> 
     </span>
     <span class='ocr_line' id='line_1_26' title="bbox 520 2637 2584 2724; baseline -0.004 -20"><span class='ocrx_word' id='word_1_207' title='bbox 520 2640 681 2704; x_wconf 86' lang='lat' dir='ltr'><strong>ordo</strong></span> <span class='ocrx_word' id='word_1_208' title='bbox 735 2638 1189 2724; x_wconf 89' lang='lat' dir='ltr'><strong>sempiternus,</strong></span> <span class='ocrx_word' id='word_1_209' title='bbox 1243 2639 1326 2704; x_wconf 86' lang='lat' dir='ltr'><strong>ab</strong></span> <span class='ocrx_word' id='word_1_210' title='bbox 1370 2638 1627 2703; x_wconf 88' lang='lat' dir='ltr'><strong>homine</strong></span> <span class='ocrx_word' id='word_1_211' title='bbox 1672 2637 1899 2704; x_wconf 90' lang='lat' dir='ltr'><strong>confici</strong></span> <span class='ocrx_word' id='word_1_212' title='bbox 1949 2658 2081 2701; x_wconf 88' lang='lat' dir='ltr'><strong>non</strong></span> <span class='ocrx_word' id='word_1_213' title='bbox 2133 2643 2432 2719; x_wconf 83' lang='lat' dir='ltr'><strong>possunt.</strong></span> <span class='ocrx_word' id='word_1_214' title='bbox 2487 2641 2584 2699; x_wconf 79' lang='lat' dir='ltr'><strong>est</strong></span> 
     </span>
     <span class='ocr_line' id='line_1_27' title="bbox 520 2724 2588 2819; baseline -0.006 -21"><span class='ocrx_word' id='word_1_215' title='bbox 520 2732 722 2819; x_wconf 88' lang='lat' dir='ltr'><strong>igitur</strong></span> <span class='ocrx_word' id='word_1_216' title='bbox 755 2733 844 2809; x_wconf 91' lang='lat' dir='ltr'><strong>id,</strong></span> <span class='ocrx_word' id='word_1_217' title='bbox 880 2757 920 2797; x_wconf 87' lang='lat' dir='ltr'><strong>a</strong></span> <span class='ocrx_word' id='word_1_218' title='bbox 953 2754 1083 2817; x_wconf 91' lang='lat' dir='ltr'><strong>quo</strong></span> <span class='ocrx_word' id='word_1_219' title='bbox 1116 2732 1228 2798; x_wconf 88' lang='lat' dir='ltr'><strong>illa</strong></span> <span class='ocrx_word' id='word_1_220' title='bbox 1262 2732 1704 2810; x_wconf 88' lang='lat' dir='ltr'><strong>conficiuntur,</strong></span> <span class='ocrx_word' id='word_1_221' title='bbox 1739 2730 1998 2796; x_wconf 87' lang='lat' dir='ltr'><strong>homine</strong></span> <span class='ocrx_word' id='word_1_222' title='bbox 2031 2728 2280 2794; x_wconf 87' lang='lat' dir='ltr'><strong>melius.</strong></span> <span class='ocrx_word' id='word_1_223' title='bbox 2366 2724 2440 2789; x_wconf 92' lang='lat' dir='ltr'><strong>id</strong></span> <span class='ocrx_word' id='word_1_224' title='bbox 2471 2746 2588 2787; x_wconf 87' lang='lat' dir='ltr'><strong>au·-</strong></span> 
     </span>
     <span class='ocr_line' id='line_1_28' title="bbox 522 2818 2589 2913; baseline -0.006 -20"><span class='ocrx_word' id='word_1_225' title='bbox 522 2840 659 2894; x_wconf 87' lang='lat' dir='ltr'><strong>tem</strong></span> <span class='ocrx_word' id='word_1_226' title='bbox 693 2826 851 2911; x_wconf 88' lang='lat' dir='ltr'><strong>quid</strong></span> <span class='ocrx_word' id='word_1_227' title='bbox 880 2829 1107 2913; x_wconf 83' lang='lat' dir='ltr'><strong>potius</strong></span> <span class='ocrx_word' id='word_1_228' title='bbox 1150 2828 1384 2893; x_wconf 81' lang='lat' dir='ltr'><strong>dixeris</strong></span> <span class='ocrx_word' id='word_1_229' title='bbox 1430 2849 1627 2911; x_wconf 87' lang='lat' dir='ltr'><strong>quam</strong></span> <span class='ocrx_word' id='word_1_230' title='bbox 1672 2826 1904 2891; x_wconf 79' lang='lat' dir='ltr'><strong>deum?</strong></span> <span class='ocrx_word' id='word_1_231' title='bbox 1956 2822 2194 2891; x_wconf 85' lang='lat' dir='ltr'><strong>etenim</strong></span> <span class='ocrx_word' id='word_1_232' title='bbox 2240 2820 2296 2885; x_wconf 87' lang='lat' dir='ltr'><strong>si</strong></span> <span class='ocrx_word' id='word_1_233' title='bbox 2339 2818 2405 2883; x_wconf 89' lang='lat' dir='ltr'><strong>di</strong></span> <span class='ocrx_word' id='word_1_234' title='bbox 2455 2839 2589 2882; x_wconf 90' lang='lat' dir='ltr'><strong>non</strong></span> 
     </span>
     <span class='ocr_line' id='line_1_29' title="bbox 526 2910 2591 3007; baseline -0.006 -19.795"><span class='ocrx_word' id='word_1_235' title='bbox 526 2934 679 2987; x_wconf 84' lang='lat' dir='ltr'><strong>sunt</strong></span> <span class='ocrx_word' id='word_1_236' title='bbox 690 2967 710 2998; x_wconf 99' lang='lat'><strong>,</strong></span> <span class='ocrx_word' id='word_1_237' title='bbox 755 2920 911 3006; x_wconf 89' lang='lat' dir='ltr'><strong>quid</strong></span> <span class='ocrx_word' id='word_1_238' title='bbox 956 2944 1097 2987; x_wconf 82' lang='lat' dir='ltr'><strong>esse</strong></span> <span class='ocrx_word' id='word_1_239' title='bbox 1141 2932 1353 3007; x_wconf 89' lang='lat' dir='ltr'><strong>potest</strong></span> <span class='ocrx_word' id='word_1_240' title='bbox 1393 2922 1463 2987; x_wconf 88' lang='grc' dir='ltr'><strong>ιιι</strong></span> <span class='ocrx_word' id='word_1_241' title='bbox 1506 2943 1720 2987; x_wconf 86' lang='lat' dir='ltr'><strong>rerum</strong></span> <span class='ocrx_word' id='word_1_242' title='bbox 1754 2930 1986 2985; x_wconf 89' lang='lat' dir='ltr'><strong>natura</strong></span> <span class='ocrx_word' id='word_1_243' title='bbox 2026 2914 2284 2982; x_wconf 88' lang='lat' dir='ltr'><strong>homine</strong></span> <span class='ocrx_word' id='word_1_244' title='bbox 2318 2910 2591 2977; x_wconf 81' lang='lat' dir='ltr'><strong>melius?</strong></span> 
     </span>
     <span class='ocr_line' id='line_1_30' title="bbox 527 3012 2592 3099; baseline -0.005 -18"><span class='ocrx_word' id='word_1_245' title='bbox 527 3018 601 3081; x_wconf 87' lang='grc' dir='ltr'><strong>ιιι</strong></span> <span class='ocrx_word' id='word_1_246' title='bbox 633 3038 711 3081; x_wconf 92' lang='lat' dir='ltr'><strong>eo</strong></span> <span class='ocrx_word' id='word_1_247' title='bbox 746 3014 918 3081; x_wconf 90' lang='lat' dir='ltr'><strong>enim</strong></span> <span class='ocrx_word' id='word_1_248' title='bbox 956 3017 1091 3081; x_wconf 86' lang='lat' dir='ltr'><strong>solo</strong></span> <span class='ocrx_word' id='word_1_249' title='bbox 1128 3026 1228 3081; x_wconf 87' lang='lat' dir='ltr'><strong>est</strong></span> <span class='ocrx_word' id='word_1_250' title='bbox 1261 3016 1445 3093; x_wconf 86' lang='lat' dir='ltr'><strong>ratic,</strong></span> <span class='ocrx_word' id='word_1_251' title='bbox 1480 3036 1609 3099; x_wconf 92' lang='lat' dir='ltr'><strong>qua</strong></span> <span class='ocrx_word' id='word_1_252' title='bbox 1645 3012 1804 3079; x_wconf 91' lang='lat' dir='ltr'><strong>nihil</strong></span> <span class='ocrx_word' id='word_1_253' title='bbox 1838 3022 2048 3099; x_wconf 86' lang='lat' dir='ltr'><strong>potest</strong></span> <span class='ocrx_word' id='word_1_254' title='bbox 2084 3032 2224 3076; x_wconf 89' lang='lat' dir='ltr'><strong>esse</strong></span> <span class='ocrx_word' id='word_1_255' title='bbox 2258 3017 2592 3095; x_wconf 88' lang='lat' dir='ltr'><strong>praestan-</strong></span> 
     </span>
     <span class='ocr_line' id='line_1_31' title="bbox 530 3101 2588 3193; baseline -0.005 -16"><span class='ocrx_word' id='word_1_256' title='bbox 530 3111 691 3186; x_wconf 85' lang='lat' dir='ltr'><strong>tius3</strong></span> <span class='ocrx_word' id='word_1_257' title='bbox 728 3132 869 3175; x_wconf 89' lang='lat' dir='ltr'><strong>esse</strong></span> <span class='ocrx_word' id='word_1_258' title='bbox 904 3120 1120 3175; x_wconf 88' lang='lat' dir='ltr'><strong>autem</strong></span> <span class='ocrx_word' id='word_1_259' title='bbox 1153 3109 1500 3186; x_wconf 89' lang='lat' dir='ltr'><strong>hominem,</strong></span> <span class='ocrx_word' id='word_1_260' title='bbox 1534 3108 1650 3193; x_wconf 88' lang='lat' dir='ltr'><strong>qui</strong></span> <span class='ocrx_word' id='word_1_261' title='bbox 1682 3105 1894 3173; x_wconf 85' lang='lat' dir='ltr'><strong>nihil</strong></span> <span class='ocrx_word' id='word_1_262' title='bbox 1875 3130 1945 3171; x_wconf 88' lang='grc' dir='ltr'><strong>ιιι</strong></span> <span class='ocrx_word' id='word_1_263' title='bbox 1979 3104 2153 3171; x_wconf 84' lang='grc' dir='ltr'>οιιιιιι</span> <span class='ocrx_word' id='word_1_264' title='bbox 2179 3101 2422 3169; x_wconf 87' lang='lat' dir='ltr'><strong>mundo</strong></span> <span class='ocrx_word' id='word_1_265' title='bbox 2453 3124 2588 3167; x_wconf 89' lang='lat' dir='ltr'><strong>me-</strong></span> 
     </span>
     <span class='ocr_line' id='line_1_32' title="bbox 527 3200 2588 3290; baseline -0.005 -19"><span class='ocrx_word' id='word_1_266' title='bbox 527 3206 655 3271; x_wconf 79' lang='lat' dir='ltr'><strong>lius</strong></span> <span class='ocrx_word' id='word_1_267' title='bbox 690 3226 831 3271; x_wconf 85' lang='lat' dir='ltr'><strong>esse</strong></span> <span class='ocrx_word' id='word_1_268' title='bbox 869 3224 1063 3288; x_wconf 87' lang='lat' dir='ltr'><strong>quam</strong></span> <span class='ocrx_word' id='word_1_269' title='bbox 1089 3226 1158 3269; x_wconf 90' lang='lat' dir='ltr'><strong>se</strong></span> <span class='ocrx_word' id='word_1_270' title='bbox 1183 3216 1385 3290; x_wconf 84' lang='lat' dir='ltr'><strong>putet,</strong></span> <span class='ocrx_word' id='word_1_271' title='bbox 1424 3202 1790 3290; x_wconf 84' lang='lat' dir='ltr'><strong>desipientis</strong></span> <span class='ocrx_word' id='word_1_272' title='bbox 1821 3200 2232 3287; x_wconf 83' lang='lat' dir='ltr'><strong>adrogantiae</strong></span> <span class='ocrx_word' id='word_1_273' title='bbox 2269 3210 2394 3276; x_wconf 84' lang='lat' dir='ltr'><strong>est3</strong></span> <span class='ocrx_word' id='word_1_274' title='bbox 2433 3218 2588 3282; x_wconf 89' lang='lat' dir='ltr'><strong>ergo</strong></span> 
     </span>
    </p>
   </div>
   <div class='ocr_carea' id='block_1_7' title="bbox 2631 2044 2662 2085">
    <p class='ocr_par' dir='ltr' id='par_1_7' title="bbox 2631 2044 2662 2085">
     <span class='ocr_line' id='line_1_33' title="bbox 2631 2044 2662 2085; baseline 0 0"><span class='ocrx_word' id='word_1_275' title='bbox 2631 2044 2662 2085; x_wconf 77' lang='lat' dir='ltr'><strong>ss</strong></span> 
     </span>
    </p>
   </div>
   <div class='ocr_carea' id='block_1_8' title="bbox 531 3293 2669 3385">
    <p class='ocr_par' dir='ltr' id='par_1_8' title="bbox 531 3293 2669 3385">
     <span class='ocr_line' id='line_1_34' title="bbox 531 3293 2669 3385; baseline -0.007 -21"><span class='ocrx_word' id='word_1_276' title='bbox 531 3312 631 3365; x_wconf 88' lang='lat' dir='ltr'><strong>est</strong></span> <span class='ocrx_word' id='word_1_277' title='bbox 683 3297 928 3383; x_wconf 87' lang='lat' dir='ltr'><strong>aliquid</strong></span> <span class='ocrx_word' id='word_1_278' title='bbox 977 3299 1235 3364; x_wconf 87' lang='lat' dir='ltr'><strong>melius.</strong></span> <span class='ocrx_word' id='word_1_279' title='bbox 1288 3310 1387 3364; x_wconf 89' lang='lat' dir='ltr'><strong>est</strong></span> <span class='ocrx_word' id='word_1_280' title='bbox 1436 3298 1633 3385; x_wconf 83' lang='lat' dir='ltr'><strong>igitur</strong></span> <span class='ocrx_word' id='word_1_281' title='bbox 1684 3296 1970 3384; x_wconf 84' lang='lat' dir='ltr'><strong>profecto</strong></span> <span class='ocrx_word' id='word_1_282' title='bbox 2013 3293 2210 3361; x_wconf 68' lang='lat' dir='ltr'><strong>deus?</strong></span> <span class='ocrx_word' id='word_1_283' title='bbox 2301 3317 2384 3358; x_wconf 87' lang='lat' dir='ltr'><strong>an</strong></span> <span class='ocrx_word' id='word_1_284' title='bbox 2418 3310 2590 3364; x_wconf 87' lang='lat' dir='ltr'><strong>vero,</strong></span> <span class='ocrx_word' id='word_1_285' title='bbox 2617 3306 2669 3349; x_wconf 74' lang='grc' dir='ltr'><strong>ιι</strong></span> 
     </span>
    </p>
   </div>
   <div class='ocr_carea' id='block_1_9' title="bbox 532 3380 2604 4139">
    <p class='ocr_par' dir='ltr' id='par_1_9' title="bbox 532 3380 2604 4139">
     <span class='ocr_line' id='line_1_35' title="bbox 532 3380 2596 3479; baseline -0.006 -22"><span class='ocrx_word' id='word_1_286' title='bbox 532 3394 589 3457; x_wconf 85' lang='lat' dir='ltr'><strong>si</strong></span> <span class='ocrx_word' id='word_1_287' title='bbox 637 3392 903 3457; x_wconf 87' lang='lat' dir='ltr'><strong>domum</strong></span> <span class='ocrx_word' id='word_1_288' title='bbox 935 3414 1239 3479; x_wconf 74' lang='lat' dir='ltr'><strong>magnam</strong></span> <span class='ocrx_word' id='word_1_289' title='bbox 1272 3392 1734 3479; x_wconf 86' lang='lat' dir='ltr'><strong>pulchramque</strong></span> <span class='ocrx_word' id='word_1_290' title='bbox 1769 3389 2031 3466; x_wconf 87' lang='lat' dir='ltr'><strong>videris,</strong></span> <span class='ocrx_word' id='word_1_291' title='bbox 2065 3412 2195 3455; x_wconf 89' lang='lat' dir='ltr'><strong>non</strong></span> <span class='ocrx_word' id='word_1_292' title='bbox 2227 3384 2434 3473; x_wconf 86' lang='lat' dir='ltr'><strong>possis</strong></span> <span class='ocrx_word' id='word_1_293' title='bbox 2481 3380 2596 3447; x_wconf 89' lang='lat' dir='ltr'><strong>ad-</strong></span> 
     </span>
     <span class='ocr_line' id='line_1_36' title="bbox 534 3477 2596 3563; baseline -0.006 -11"><span class='ocrx_word' id='word_1_294' title='bbox 534 3486 686 3552; x_wconf 89' lang='lat' dir='ltr'><strong>duci</strong></span> <span class='ocrx_word' id='word_1_295' title='bbox 722 3497 827 3563; x_wconf 90' lang='lat' dir='ltr'><strong>ut,</strong></span> <span class='ocrx_word' id='word_1_296' title='bbox 864 3487 1055 3552; x_wconf 86' lang='lat' dir='ltr'><strong>etiam</strong></span> <span class='ocrx_word' id='word_1_297' title='bbox 1090 3488 1145 3551; x_wconf 85' lang='lat' dir='ltr'><strong>si</strong></span> <span class='ocrx_word' id='word_1_298' title='bbox 1181 3486 1509 3553; x_wconf 90' lang='lat' dir='ltr'><strong>dominum</strong></span> <span class='ocrx_word' id='word_1_299' title='bbox 1542 3507 1674 3551; x_wconf 89' lang='lat' dir='ltr'><strong>non</strong></span> <span class='ocrx_word' id='word_1_300' title='bbox 1709 3483 1960 3561; x_wconf 86' lang='lat' dir='ltr'><strong>videas,</strong></span> <span class='ocrx_word' id='word_1_301' title='bbox 1995 3482 2284 3550; x_wconf 86' lang='lat' dir='ltr'><strong>muribus</strong></span> <span class='ocrx_word' id='word_1_302' title='bbox 2316 3477 2494 3543; x_wconf 85' lang='lat' dir='ltr'><strong>illam</strong></span> <span class='ocrx_word' id='word_1_303' title='bbox 2528 3486 2596 3541; x_wconf 86' lang='lat' dir='ltr'><strong>et</strong></span> 
     </span>
     <span class='ocr_line' id='line_1_37' title="bbox 533 3568 2598 3667; baseline -0.007 -21"><span class='ocrx_word' id='word_1_304' title='bbox 533 3581 828 3647; x_wconf 83' lang='lat' dir='ltr'><strong>mustelis</strong></span> <span class='ocrx_word' id='word_1_305' title='bbox 865 3580 1263 3647; x_wconf 84' lang='lat' dir='ltr'><strong>aedificatam</strong></span> <span class='ocrx_word' id='word_1_306' title='bbox 1296 3592 1512 3667; x_wconf 85' lang='lat' dir='ltr'><strong>putes.</strong></span> <span class='ocrx_word' id='word_1_307' title='bbox 1551 3590 1802 3645; x_wconf 83' lang='lat' dir='ltr'><strong>tantum</strong></span> <span class='ocrx_word' id='word_1_308' title='bbox 1836 3599 1992 3663; x_wconf 87' lang='lat' dir='ltr'><strong>ergo</strong></span> <span class='ocrx_word' id='word_1_309' title='bbox 2023 3585 2315 3641; x_wconf 88' lang='lat' dir='ltr'><strong>ornatum</strong></span> <span class='ocrx_word' id='word_1_310' title='bbox 2347 3568 2598 3647; x_wconf 82' lang='lat' dir='ltr'><strong>mundi,</strong></span> 
     </span>
     <span class='ocr_line' id='line_1_38' title="bbox 536 3664 2599 3782; baseline -0.007 -41"><span class='ocrx_word' id='word_1_311' title='bbox 536 3686 787 3741; x_wconf 85' lang='lat' dir='ltr'><strong>tantam</strong></span> <span class='ocrx_word' id='word_1_312' title='bbox 828 3675 1203 3741; x_wconf 78' lang='lat' dir='ltr'><strong>varietatem</strong></span> <span class='ocrx_word' id='word_1_313' title='bbox 1243 3674 1912 3782; x_wconf 79' lang='lat' dir='ltr'><strong>pulchritudinemque</strong></span> <span class='ocrx_word' id='word_1_314' title='bbox 1946 3692 2158 3737; x_wconf 86' lang='lat' dir='ltr'><strong>rerum</strong></span> <span class='ocrx_word' id='word_1_315' title='bbox 2205 3664 2599 3742; x_wconf 82' lang='lat' dir='ltr'><strong>caelestium,</strong></span> 
     </span>
     <span class='ocr_line' id='line_1_39' title="bbox 538 3757 2597 3855; baseline -0.006 -20"><span class='ocrx_word' id='word_1_316' title='bbox 538 3782 787 3835; x_wconf 84' lang='lat' dir='ltr'><strong>tantam</strong></span> <span class='ocrx_word' id='word_1_317' title='bbox 835 3770 969 3835; x_wconf 82' lang='lat' dir='ltr'><strong>vim</strong></span> <span class='ocrx_word' id='word_1_318' title='bbox 1012 3782 1077 3835; x_wconf 85' lang='lat' dir='ltr'><strong>et</strong></span> <span class='ocrx_word' id='word_1_319' title='bbox 1119 3769 1629 3855; x_wconf 85' lang='lat' dir='ltr'><strong>magnitudinem</strong></span> <span class='ocrx_word' id='word_1_320' title='bbox 1672 3767 1866 3833; x_wconf 87' lang='lat' dir='ltr'><strong>maris</strong></span> <span class='ocrx_word' id='word_1_321' title='bbox 1909 3776 2104 3848; x_wconf 81' lang='lat' dir='ltr'><strong>atque</strong></span> <span class='ocrx_word' id='word_1_322' title='bbox 2155 3774 2496 3836; x_wconf 86' lang='lat' dir='ltr'><strong>terrarum,</strong></span> <span class='ocrx_word' id='word_1_323' title='bbox 2542 3757 2597 3823; x_wconf 90' lang='lat' dir='ltr'><strong>si</strong></span> 
     </span>
     <span class='ocr_line' id='line_1_40' title="bbox 539 3854 2599 3941; baseline -0.005 -13"><span class='ocrx_word' id='word_1_324' title='bbox 539 3876 726 3929; x_wconf 89' lang='lat' dir='ltr'><strong>tuum</strong></span> <span class='ocrx_word' id='word_1_325' title='bbox 790 3886 869 3930; x_wconf 87' lang='lat' dir='ltr'><strong>ac</strong></span> <span class='ocrx_word' id='word_1_326' title='bbox 929 3885 1055 3929; x_wconf 87' lang='lat' dir='ltr'><strong>non</strong></span> <span class='ocrx_word' id='word_1_327' title='bbox 1120 3863 1388 3929; x_wconf 88' lang='lat' dir='ltr'><strong>deorum</strong></span> <span class='ocrx_word' id='word_1_328' title='bbox 1452 3861 1886 3927; x_wconf 85' lang='lat' dir='ltr'><strong>inmortalium</strong></span> <span class='ocrx_word' id='word_1_329' title='bbox 1951 3854 2340 3922; x_wconf 70' lang='lat' dir='ltr'><strong>domicilium</strong></span> <span class='ocrx_word' id='word_1_330' title='bbox 2389 3862 2599 3941; x_wconf 87' lang='lat' dir='ltr'><strong>putes,</strong></span> 
     </span>
     <span class='ocr_line' id='line_1_41' title="bbox 543 3948 2602 4045; baseline -0.004 -22"><span class='ocrx_word' id='word_1_331' title='bbox 543 3980 755 4025; x_wconf 89' lang='lat' dir='ltr'><strong>nonne</strong></span> <span class='ocrx_word' id='word_1_332' title='bbox 788 3958 981 4045; x_wconf 86' lang='lat' dir='ltr'><strong>plane</strong></span> <span class='ocrx_word' id='word_1_333' title='bbox 1017 3958 1305 4045; x_wconf 88' lang='lat' dir='ltr'><strong>desipere</strong></span> <span class='ocrx_word' id='word_1_334' title='bbox 1340 3956 1635 4023; x_wconf 80' lang='lat' dir='ltr'><strong>videare?</strong></span> <span class='ocrx_word' id='word_1_335' title='bbox 1671 3978 1753 4019; x_wconf 86' lang='lat' dir='ltr'><strong>an</strong></span> <span class='ocrx_word' id='word_1_336' title='bbox 1788 3975 1872 4018; x_wconf 90' lang='lat' dir='ltr'><strong>ne</strong></span> <span class='ocrx_word' id='word_1_337' title='bbox 1905 3950 2028 4017; x_wconf 91' lang='lat' dir='ltr'><strong>hoc</strong></span> <span class='ocrx_word' id='word_1_338' title='bbox 2062 3948 2322 4035; x_wconf 89' lang='lat' dir='ltr'><strong>quidem</strong></span> <span class='ocrx_word' id='word_1_339' title='bbox 2353 3948 2602 4015; x_wconf 85' lang='lat' dir='ltr'><strong>intelle·</strong></span> 
     </span>
     <span class='ocr_line' id='line_1_42' title="bbox 544 4048 2604 4139; baseline -0.005 -19"><span class='ocrx_word' id='word_1_340' title='bbox 544 4052 791 4139; x_wconf 83' lang='lat' dir='ltr'><strong>gimus,</strong></span> <span class='ocrx_word' id='word_1_341' title='bbox 845 4074 1060 4133; x_wconf 74' lang='lat' dir='ltr'><strong>omma</strong></span> <span class='ocrx_word' id='word_1_342' title='bbox 1110 4074 1341 4139; x_wconf 87' lang='lat' dir='ltr'><strong>supera</strong></span> <span class='ocrx_word' id='word_1_343' title='bbox 1386 4072 1527 4117; x_wconf 89' lang='lat' dir='ltr'><strong>esse</strong></span> <span class='ocrx_word' id='word_1_344' title='bbox 1569 4048 1866 4127; x_wconf 88' lang='lat' dir='ltr'><strong>meliora,</strong></span> <span class='ocrx_word' id='word_1_345' title='bbox 1917 4056 2152 4113; x_wconf 86' lang='lat' dir='ltr'><strong>terram</strong></span> <span class='ocrx_word' id='word_1_346' title='bbox 2203 4055 2418 4113; x_wconf 87' lang='lat' dir='ltr'><strong>autem</strong></span> <span class='ocrx_word' id='word_1_347' title='bbox 2461 4064 2604 4111; x_wconf 74' lang='lat' dir='ltr'><strong>esne</strong></span> 
     </span>
    </p>
   </div>
  </div>
 </body>
</html>
