3292 4559
789 248 919 317 282
1403 260 1480 314 Μ.
1519 258 1792 317 TULLII
1825 256 2228 315 CICERONIS

786 388 1025 453 Titiam
1061 385 1316 451 decreto
1352 383 1643 469 conlegii,
1681 394 1756 449 ut
1787 382 2013 447 Livias
2047 383 2310 447 consilio
2341 382 2650 469 Philippi,
2686 407 2834 451 con-

789 481 945 547 sulis
980 490 1045 545 et
1078 478 1379 565 auguris?
1430 477 1591 543 nihil
1626 477 1820 554 domi,
1863 476 2023 541 nihil
2055 476 2318 541 militiae
2351 498 2466 563 per
2497 475 2835 565 magistra-

787 588 891 641 tus
946 585 1200 660 gestum
1244 573 1381 639 sine
1426 593 1647 638 comm
1693 570 2066 637 auctoritate
2110 592 2299 657 posse
2343 570 2644 655 cuiquam
2691 594 2836 657 pro-

685 650 755 762 ᾖξ’
792 670 967 735 bari?
1051 671 1184 734 Aa.
1250 668 1431 754 Age,
1474 668 1605 733 iam
1648 667 1776 731 ista
1815 666 2004 732 video
2037 666 2372 750 fateorque
2403 688 2542 731 esse
2577 688 2834 752 magna,

788 766 902 831 sed
946 776 1044 829 est
1085 764 1154 828 in
1196 762 1488 848 conlegio
1528 772 1746 827 vestro
1783 761 1954 825 inter
1993 760 2378 826 Marcellum
2421 771 2489 825 et
2521 760 2836 847 Appium,

788 860 1062 944 optimos
1099 878 1399 942 augures,
1434 878 1672 941 magna
1705 855 2014 920 dissensio
2045 890 2138 901 —
2163 876 2320 925 ‚nam
2351 876 2575 921 eorum
2613 876 2739 941 ego
2767 854 2836 919 in

788 953 983 1019 libros
1024 951 1224 1017 incidi
1254 986 1371 1029 -,
1416 972 1564 1015 cum
1608 950 1792 1015 alteri
1833 950 2083 1035 placeat
2116 948 2402 1034 auspicia
2431 949 2558 1013 ista
2593 950 2680 1013 ad
2713 949 2838 1013 uti-

787 1048 1031 1112 litatem
1100 1068 1241 1111 esse
1308 1044 1401 1110 rei
1460 1044 1760 1129 publicae
1819 1043 2178 1129 conposita,
2247 1044 2428 1109 alteri
2499 1042 2838 1129 disciplina

788 1152 1001 1206 vestra
1034 1139 1217 1223 quasi
1254 1139 1527 1203 divinari
1560 1138 1855 1203 videatur
1887 1160 2104 1224 posse:
2140 1138 2262 1203 hac
2289 1148 2362 1203 tu
2389 1139 2472 1204 de
2495 1161 2568 1204 re
2595 1160 2836 1221 quaero

788 1234 946 1319 quid
988 1235 1243 1299 sentias.
1330 1234 1422 1297 M.
1485 1232 1756 1319 Egone?
1823 1232 2308 1310 divinationem,
2351 1252 2549 1317 quam
2597 1232 2836 1299 Graeci

785 1328 1096 1413 μαντικήν
1131 1328 1474 1413 appellant,
1512 1350 1654 1393 esse
1681 1328 1890 1392 sentio
1925 1337 1991 1392 et
2022 1326 2212 1391 huius
2246 1326 2414 1392 hanc
2445 1328 2658 1412 ipsam
2691 1350 2834 1413 par-

784 1433 944 1497 tem,
990 1443 1155 1505 quae
1198 1433 1297 1486 est
1330 1420 1399 1486 in
1434 1421 1664 1486 avibus
1700 1422 2054 1505 ceterisque
2091 1420 2321 1506 signis,
2366 1423 2401 1502 †
2435 1422 2616 1504 quod
2649 1422 2833 1485 disci-

784 1517 997 1603 plinae
1040 1526 1326 1581 nostrae:
1373 1516 1429 1581 si
1470 1516 1641 1581 enim
1677 1517 1830 1581 deos
1863 1538 2004 1582 esse
2039 1515 2448 1581 concedimus
2481 1538 2834 1601 eorumque

784 1622 995 1676 mente
1036 1612 1351 1675 mundum
1392 1612 1533 1696 regi
1576 1623 1641 1677 et
1683 1632 1906 1677 corum
1949 1634 2188 1677 numen
2229 1610 2564 1676 hominum
2607 1634 2834 1676 consu·

784 1705 915 1771 lere
959 1706 1181 1791 generi
1214 1717 1281 1771 et
1312 1726 1501 1791 posse
1533 1705 1722 1770 nobis
1757 1706 1942 1791 signa
1974 1726 2190 1771 rerum
2223 1704 2588 1771 futurarum
2623 1718 2834 1771 osten·

690 1817 741 1857 ³³
786 1801 965 1880 dere,
1026 1823 1156 1867 non
1216 1801 1404 1867 video
1464 1824 1579 1867 cur
1630 1822 1769 1867 esse
1821 1800 2275 1867 divinationem
2325 1824 2578 1889 negem.
2685 1812 2832 1867 sunt

786 1908 1002 1961 autem
1036 1918 1134 1974 ea,
1170 1918 1335 1981 quae
1368 1895 1576 1983 posui,
1613 1918 1696 1962 ex
1728 1894 1964 1979 quibus
1994 1895 2093 1973 id,
2130 1896 2305 1980 quod
2336 1898 2657 1972 volumus,
2695 1896 2832 1961 effi·

782 1990 949 2054 citur
992 2001 1055 2055 et
1090 1992 1357 2075 cogitur.
1444 1990 1575 2055 iam
1607 2012 1764 2054 vero
1795 1990 2257 2076 permultorum
2292 1992 2734 2076 exemplorum
2769 2002 2832 2055 et

780 2094 999 2149 nostra
1041 2095 1139 2149 est
1184 2084 1375 2169 plena
1415 2106 1516 2149 res
1559 2084 1822 2169 publica
1864 2094 1929 2149 et
1971 2084 2188 2149 omnia
2227 2106 2428 2171 regna
2478 2107 2828 2169 omnesque

778 2179 1003 2263 populi
1046 2188 1441 2262 cunctaeque
1484 2188 1737 2264 gentes,
1781 2201 1856 2243 ex
1899 2200 2216 2267 augurum
2250 2178 2592 2264 praedictis
2627 2180 2830 2244 multa

778 2271 1237 2337 incredibiliter
1278 2294 1432 2337 vera
1474 2272 1776 2338 cecidisse
1786 2296 1805 2350 3
1857 2294 2068 2357 neque
2111 2273 2282 2339 enim
2315 2272 2577 2359 Polyidi
2619 2294 2828 2357 neque

776 2364 1211 2449 Melampodis
1252 2386 1463 2449 neque
1496 2365 1718 2451 Mopsi
1761 2388 1972 2451 neque
2005 2366 2384 2453 Amphiarai
2425 2388 2641 2452 neque
2679 2365 2830 2433 Gal-

778 2456 1027 2519 chantis
1069 2476 1279 2539 neque
1320 2458 1548 2522 Heleni
1594 2469 1846 2523 tantum
1891 2482 2126 2527 nomen
2167 2460 2426 2537 fuisset,
2479 2483 2694 2546 neque
2735 2472 2824 2526 tot

774 2549 1065 2615 nationes
1097 2550 1167 2614 id
1200 2550 1285 2614 ad
1317 2549 1441 2615 hoc
1474 2561 1728 2638 tempus
1761 2552 2199 2633 retinuissent,
2243 2556 2572 2633 Arabum,
2615 2554 2826 2640 Phry·

775 2664 964 2729 gum,
1017 2643 1395 2730 Lycaonum
1410 2694 1427 2723 ,
1484 2643 1765 2712 Cilicum
1815 2650 2218 2735 maximeque
2258 2649 2661 2726 Pisidarum,
2703 2650 2823 2714 nisi

773 2750 1060 2806 vetustas
1122 2762 1201 2806 ea
1262 2752 1437 2806 certa
1478 2764 1637 2821 ¹esse
1689 2744 2024 2809 docuisset.
2129 2766 2250 2809 nec
2299 2767 2454 2811 vero
2505 2746 2822 2812 Romulus

775 2846 993 2900 noster
1042 2835 1370 2922 auspicato
1420 2836 1650 2903 urbem
1700 2838 2112 2916 condidisset,
2172 2861 2382 2925 neque
2433 2840 2583 2905 Atti
2633 2841 2705 2906 N
2701 2841 2824 2906 avii

774 2950 1009 2993 nomen
1044 2932 1350 2997 memoria
1382 2931 1635 2997 floreret
1669 2944 1800 2997 tam
1835 2932 1976 3010 diu,
2011 2932 2136 2999 nisi
2169 2953 2390 2999 omnes
2423 2935 2470 2999 ii
2502 2936 2712 3001 multa
2747 2937 2824 3000 ad

775 3022 1107 3088 veritatem
1168 3025 1567 3091 admirabilia
1626 3026 1952 3092 dixissent.
2057 3027 2172 3095 sed
2223 3027 2492 3093 dubium
2543 3050 2679 3094 non
2733 3040 2826 3095 est

773 3113 929 3195 quin
980 3114 1142 3181 haec
1194 3118 1529 3204 disciplina
1580 3130 1643 3185 et
1695 3143 1798 3185 ars
1845 3142 2164 3207 augurum
2207 3122 2538 3188 evanuerit
2576 3124 2712 3189 iam
2763 3135 2826 3187 et

771 3217 1088 3276 vetustate
1142 3223 1206 3276 et
1255 3215 1692 3300 neglegentia:
1755 3216 1846 3280 ita
1895 3236 2104 3299 neque
2154 3216 2248 3281 illi
2295 3218 2651 3295 adsentior,
2715 3219 2825 3303 qui

771 3301 939 3367 hanc
982 3304 1310 3371 scientiam
1352 3320 1549 3394 negat
1589 3329 1896 3392 umquam
1938 3309 2007 3373 in
2039 3321 2256 3375 nostro
2293 3310 2564 3397 collegio
2599 3311 2824 3388 fuisse,

772 3418 983 3481 neque
1016 3398 1128 3476 illi,
1164 3400 1277 3485 qui
1311 3424 1453 3467 esse
1486 3403 1680 3468 etiam
1713 3426 1886 3469 nunc
1917 3415 2129 3489 putat3
2173 3426 2340 3489 quae
2374 3406 2532 3470 mihi
2568 3406 2828 3472 videtur

772 3491 947 3574 apud
987 3492 1259 3559 maiores
1302 3494 1502 3560 fuisse
1549 3497 1818 3582 duplex,
1863 3508 1938 3563 ut
1977 3498 2062 3563 ad
2103 3498 2198 3564 rei
2231 3500 2526 3585 publicae
2563 3511 2822 3587 tempus

766 3604 899 3647 non
940 3606 1321 3669 numquam,
1372 3588 1456 3652 ad
1498 3590 1736 3675 agendi
1769 3590 2103 3656 consilium
2139 3592 2506 3679 saepissime
2540 3596 2824 3679 pertine-

671 3709 724 3747 34
766 3686 883 3740 ret.
938 3680 1068 3742 Att.
1116 3676 1331 3746 Credo
1363 3681 1577 3749 hercle
1606 3684 1704 3748 ita
1735 3706 1875 3749 esse
1900 3684 2132 3770 istique
2159 3687 2389 3751 rationi
2413 3688 2822 3773 potissimum

662 3789 732 3844 14
766 3768 1112 3849 adsentior3
1160 3774 1273 3839 sed
1306 3773 1503 3841 redde
1536 3788 1766 3844 cetera.
1854 3780 1947 3845 M.
2008 3780 2304 3847 Reddam
2338 3804 2492 3847 vero
2527 3794 2596 3847 et
2627 3782 2722 3860 id,
2769 3784 2822 3847 si

762 3872 1015 3945 potero,
1069 3866 1277 3931 brevi:
1330 3870 1617 3953 sequitur
1669 3873 1839 3937 enim
1889 3874 1972 3939 de
2021 3874 2160 3941 iure
2212 3875 2363 3941 belli
2370 3900 2394 3953 3
2443 3876 2514 3940 in
2565 3898 2702 3961 quo
2757 3888 2821 3942 et

762 3956 1166 4039 suscipiendo
1218 3971 1283 4025 et
1330 3964 1613 4046 gerendo
1668 3978 1734 4032 et
1777 3967 2155 4053 deponendo
2199 3969 2301 4035 ius
2345 3980 2419 4035 ut
2461 3970 2819 4055 plurimum

761 4044 998 4110 valeret
1052 4061 1119 4114 et
1164 4052 1325 4119 fides
1370 4076 1721 4143 eorumque
1761 4072 1838 4126 ut
1873 4063 2116 4147 publici
2157 4063 2530 4149 interpretes
2577 4077 2818 4141 essent,
