3292 4559
964 277 1071 333 DE
1104 275 1623 334 DIVINATIONE
1657 276 1734 330 11.
1771 277 2078 332 106—111.
2422 265 2552 330 203

496 405 735 472 niando
778 425 929 468 vera
970 400 1296 477 viderunt,
1339 400 1442 465 usi
1486 410 1634 464 sunt
1669 399 1926 464 fortuna
1961 411 2154 485 atque
2191 421 2344 466 casu
2355 422 2374 479 ;
2427 401 2552 467 nisi

500 501 664 565 forte
716 518 1125 564 concessuros
1177 495 1295 560 tibi
1346 495 1695 562 existumas
1751 515 1889 573 eos,
1951 495 2063 578 qui
2123 496 2372 560 somnia
2435 517 2552 582 pro

500 593 759 660 somniis
792 591 1060 668 habent,
1106 590 1162 656 si
1196 590 1454 675 quando
1491 589 1752 675 aliquod
1787 589 2108 655 somnium
2141 611 2366 655 verum
2403 613 2553 656 eva-

501 688 679 766 serit,
730 708 859 752 non
911 685 980 751 id
1034 685 1295 750 fortuito
1350 685 1678 752 accidisse.
1785 684 1900 750 sed
1953 683 2178 750 demus
2231 684 2350 749 tibi
2399 685 2553 750 istas

500 782 659 846 duas
704 779 1129 866 sumptiones,
1182 801 1260 846 ea
1291 800 1459 863 quae
1502 779 1816 864 λήμματα
1860 780 2186 864 appellant
2218 778 2553 856 dialectici,

498 876 614 942 sed
645 897 765 940 nos
798 875 1036 940 Latine
1070 874 1248 958 loqui
1280 874 1631 951 malumus3
1677 873 2042 959 adsumptio
2080 885 2324 950 tamen,
2357 895 2555 957 quam

499 969 877 1054 πρόςληψιν
928 967 1103 1032 idem
1146 976 1409 1043 vocant,
1462 987 1595 1031 non
1642 966 1918 1032 dabitur.
2007 967 2290 1030 adsumit
2339 978 2554 1030 autem

502 1061 849 1149 Cratippus
902 1060 1027 1127 hoc
1072 1061 1293 1126 modo:
1348 1066 1527 1126 ‘sunt
1570 1070 1788 1125 autem
1828 1059 2322 1125 innumerabiles
2373 1082 2558 1145 prae-

500 1155 829 1223 sensiones
881 1177 1013 1221 non
1065 1154 1405 1220 fortuitae?
1513 1164 1580 1220 at
1631 1175 1754 1240 ego
1808 1155 1952 1220 dico
2005 1155 2248 1219 nullam
2281 1189 2370 1200 —
2411 1153 2557 1218 vide

501 1262 742 1334 quanta
793 1249 876 1315 sit
928 1249 1359 1316 controversia
1389 1283 1479 1296 -
1486 1273 1505 1327 3
1557 1249 1689 1314 iam
1741 1249 2187 1334 adsumptione
2231 1270 2363 1313 non
2405 1269 2558 1312 con-

503 1367 681 1410 cessa
730 1344 907 1409 nulla
960 1344 1285 1410 conclusio
1338 1355 1454 1410 est.
1544 1351 1642 1409 ‘at
1691 1343 2074 1429 inpudentes
2119 1365 2370 1419 sumus,
2423 1339 2555 1428 qui,

502 1461 651 1504 cum
710 1448 844 1504 tam
893 1438 1305 1525 perspicuum
1358 1437 1470 1516 sit,
1522 1459 1655 1504 non
1707 1437 2174 1503 concedamus.'
2259 1437 2418 1522 quid
2463 1447 2562 1502 est

500 1532 949 1620 perspicuum?
985 1534 1216 1599 ‘multa
1247 1533 1429 1599 vera'
1474 1532 1682 1617 inquit
1719 1533 2062 1600 ‘evaderaff
2151 1533 2337 1617 quid,
2383 1533 2560 1617 quod

501 1628 702 1693 multo
735 1629 924 1714 plura
956 1628 1161 1694 falsa?
1201 1650 1415 1695 nonne
1449 1628 1591 1714 ipsa
1623 1627 1930 1706 varietas,
1967 1649 2134 1713 quae
2170 1638 2269 1692 est
2301 1628 2561 1712 propria

501 1724 817 1799 fortunae,
852 1723 1179 1788 fortunam
1213 1745 1355 1789 esse
1389 1743 1672 1798 causam,
1707 1743 1838 1786 non
1870 1733 2168 1786 naturam
2204 1718 2407 1806 [esse]
2446 1720 2560 1784 do-

2583 990 2659 1031 109

503 1817 642 1880 cet?
696 1815 926 1880 deinde
971 1816 1027 1879 si
1060 1827 1173 1882 tua
1206 1817 1329 1880 ista
1364 1815 1716 1892 conclusi0,
1757 1812 2096 1901 Cratippe,
2146 1836 2300 1879 vera
2345 1825 2442 1880 est
2473 1851 2561 1862 -
2577 1883 2592 1893 ,

503 1920 719 1972 tecum
770 1907 941 1973 enim
974 1908 1131 1972 mihi
1164 1931 1267 1974 res
1302 1920 1402 1974 est
1432 1944 1548 1984 —,
1596 1929 1810 1974 nonne
1853 1908 2170 1993 intellegis
2208 1909 2432 1974 eadem
2465 1910 2563 1973 uti

502 2023 694 2087 posse
730 2012 795 2066 et
839 2000 1208 2086 haruspices
1254 2012 1317 2067 et
1359 2002 1792 2087 fulguratores
1827 2012 1890 2066 et
1935 2001 2311 2087 interpretes
2349 2012 2562 2066 osten-

503 2108 717 2160 torum
767 2106 832 2161 et
884 2117 1162 2181 augures
1211 2107 1275 2161 et
1329 2095 1666 2182 sortilegos
1719 2105 1784 2161 et
1829 2092 2234 2162 Chaldaeos?
2286 2117 2562 2180 quorum

501 2212 815 2277 generum
849 2191 1101 2256 nullum
1147 2201 1273 2268 est,
1328 2213 1413 2256 ex
1447 2212 1575 2275 quo
1610 2211 1742 2256 non
1776 2190 2048 2275 aliquid,
2103 2191 2269 2256 sicut
2310 2191 2564 2278 praedi-

503 2295 680 2349 ctum
714 2296 831 2362 est,
866 2284 1165 2350 evaserit:
1212 2305 1366 2372 ergo
1403 2295 1516 2350 aut
1550 2307 1629 2350 ea
1662 2305 1920 2370 quoque
1955 2307 2196 2370 genera
2231 2283 2561 2350 divinandi

502 2389 679 2456 sunt,
725 2400 891 2464 quae
923 2390 995 2444 tu
1029 2380 1401 2446 rectissume
1434 2379 1772 2466 inprobas,
1819 2391 1960 2457 aut,
2007 2379 2066 2444 si
2097 2401 2177 2446 ea
2217 2401 2347 2444 non
2391 2391 2562 2458 sunt,

500 2494 630 2538 non
681 2472 983 2560 intellego
1036 2495 1153 2540 cur
1202 2474 1363 2540 haec
1415 2473 1542 2541 duo
1596 2474 1753 2551 sint,
1816 2496 1984 2558 quae
2035 2473 2370 2558 relinquis;
2432 2496 2563 2559 qua

503 2589 656 2653 ergo
691 2568 933 2634 ratione
968 2569 1130 2636 haec
1161 2569 1435 2647 inducis,
1472 2569 1700 2636 eadem
1733 2569 1845 2636 illa
1879 2578 2149 2656 possunt
2184 2590 2354 2647 esse,
2393 2591 2560 2653 quae

503 2661 688 2727 tollis.

634 2754 812 2838 Quid
853 2777 1008 2822 vero
1053 2755 1251 2823 habet
1294 2757 1690 2824 auctoritatis
1733 2756 1912 2822 furor
1956 2758 2108 2834 iste,
2159 2778 2355 2842 quem
2399 2756 2560 2820 divi-

501 2871 660 2914 num
698 2850 965 2924 vocatis,
1000 2861 1103 2926 ut,
1142 2873 1307 2934 quae
1344 2851 1595 2936 sapiens
1631 2872 1764 2915 non
1797 2851 2042 2930 videat,
2090 2874 2168 2919 ea
2211 2850 2428 2916 videat
2459 2851 2560 2916 in-

504 2963 729 3018 sanus,
765 2952 829 3007 et
862 2943 947 3017 is,
984 2945 1096 3025 qui
1130 2944 1444 3010 humanos
1479 2967 1706 3010 sensus
1743 2945 2050 3024 amiserit,
2089 2947 2339 3012 divinos
2376 2946 2561 3012 adse-

506 3047 692 3102 cutus
728 3035 848 3099 sit?
892 3033 1179 3120 Sibyllae
1224 3061 1447 3105 versus
1494 3039 1941 3117 observamus,
1989 3062 2149 3125 quos
2193 3042 2308 3106 illa
2339 3041 2560 3108 furens

505 3128 748 3194 fudisse
802 3127 1063 3208 dicitur3
1114 3151 1390 3215 quorum
1440 3131 1753 3218 interpres
1805 3155 2012 3220 nuper
2062 3134 2228 3202 falsa
2279 3137 2560 3220 quadam

506 3223 837 3290 hominum
870 3223 1047 3290 fama
1080 3226 1366 3294 dicturus
1399 3227 1469 3294 in
1504 3237 1731 3294 senatu
1764 3229 2112 3314 putabatur
2147 3252 2327 3306 eum,
2363 3252 2557 3313 quem

505 3341 575 3384 re
612 3341 765 3384 vcra
798 3341 1018 3406 regem
1052 3319 1467 3399 habebamus,
1505 3323 1958 3409 appellandum
1993 3345 2248 3408 quoque
2283 3345 2425 3388 esse
2458 3345 2560 3388 re-

505 3435 685 3501 gem,
740 3413 795 3478 si
846 3414 1008 3479 salvi
1059 3438 1199 3482 esse
1252 3417 1580 3484 vellemus.
1689 3419 1812 3483 hoc
1864 3419 1917 3482 si
1970 3429 2066 3483 est
2117 3418 2186 3484 in
2227 3417 2438 3493 libris,
2489 3417 2559 3480 in

506 3531 699 3594 quem
733 3506 1057 3576 hominem
1091 3521 1156 3576 et
1188 3510 1257 3576 in
1288 3513 1465 3595 quod
1500 3523 1754 3598 tempus
1789 3512 1926 3578 est?
1977 3511 2204 3576 callide
2241 3510 2414 3576 enim
2447 3509 2560 3593 qui

503 3603 615 3668 illa
646 3603 981 3688 conposuit
1013 3604 1309 3689 perfecit,
1354 3617 1459 3684 ut,
1491 3607 1944 3692 quodcumque
1979 3604 2338 3682 accidisset,
2376 3625 2560 3688 prae-

510 3697 748 3763 dictum
783 3697 1108 3765 videretur
1141 3699 1477 3766 hominum
1510 3712 1576 3766 et
1610 3711 1970 3787 temporum
2005 3697 2372 3766 definitione
2407 3697 2560 3762 sub-

506 3792 655 3857 lata.
769 3792 1061 3860 adhibuit
1122 3795 1317 3862 etiam
1376 3795 1689 3862 latebram
1751 3794 2152 3862 obscuritatis
2165 3841 2184 3871 ,
2250 3803 2326 3858 ut
2383 3791 2556 3857 idem

508 3905 729 3950 versus
765 3886 921 3952 alias
955 3887 1025 3954 in
1058 3888 1249 3954 aliam
1274 3911 1413 3956 rem
1446 3911 1637 3976 posse
1665 3888 2136 3978 accommodari
2169 3887 2555 3953 viderentur.

510 3998 639 4041 non
675 4000 813 4044 esse
848 3992 1065 4047 autem
1096 3983 1257 4048 illud
1284 4005 1543 4049 carmen
1576 3983 1866 4060 furentis,
1903 4006 2052 4049 cum
2083 3982 2294 4068 ipsum
2327 3984 2557 4067 poe‘ma

512 4071 819 4151 declarat,
865 4088 960 4142 est
1006 4079 1176 4146 enim
1210 4079 1418 4166 magis
1455 4080 1608 4146 artis
1644 4091 1710 4145 et
1758 4078 2122 4164 diligentiae
2157 4099 2354 4162 quam
2397 4075 2558 4142 inci-

2589 2822 2666 2862 110

2587 3813 2656 3850 111
