3292 4559
319 3904 330 4024 ἱ

319 4076 328 4237 ἓ

319 4240 338 4383 ὲ,

1090 225 1197 279 DE
1230 224 1331 285 RE
1365 223 1707 292 PUBLICA
1739 224 1840 281 VI.
1875 227 1931 281 1.
2001 310 2010 317 ,
2403 212 2534 282 235

1382 690 1422 717 μ,

817 823 959 934 Μ.
1006 864 1435 933 TULLII
1498 866 2141 935 CICERONIS

1122 976 1255 1043 DE
1298 976 1421 1044 RE
1463 976 1887 1045 PUBLICA

1072 1093 1413 1149 LIBER
1468 1094 1928 1153 SEXTUS.

1217 1332 1790 1421 ARGUMENTUM.

556 1436 720 1501 Quas
748 1454 851 1493 res
880 1442 1036 1493 sexto
1064 1436 1211 1491 libro
1240 1425 1559 1507 complexus
1578 1434 1776 1493 Cicero
1801 1434 2004 1507 fuerat,
2039 1439 2341 1509 plerasque
2368 1438 2529 1511 igno-

450 1530 641 1569 ramus
654 1533 680 1585 ς
712 1516 933 1571 etenim
966 1514 1269 1569 minutiora
1304 1520 1363 1570 et
1398 1514 1674 1569 dissoluta
1697 1513 2019 1585 fragmenta
2041 1531 2242 1586 parum
2271 1532 2374 1571 nos
2399 1517 2532 1573 edo-

452 1598 609 1649 cent:
630 1609 1003 1664 quamquam,
1024 1592 1073 1647 si
1092 1609 1163 1647 ea
1180 1592 1475 1647 emendate
1494 1610 1529 1651 a
1546 1591 1928 1663 grammaticis
1947 1592 2292 1663 adferuntur,
2312 1598 2534 1649 constat

452 1669 512 1723 in
538 1676 699 1727 sexto
728 1686 963 1742 quoque
988 1670 1136 1725 libro
1164 1670 1549 1725 continuatum
1576 1686 1699 1725 esse
1718 1670 1787 1725 de
1805 1668 1888 1725 rei
1905 1669 2168 1741 publicae
2183 1676 2400 1731 rectore
2417 1688 2532 1725 ser-

452 1764 705 1817 monem3
742 1750 887 1803 item
922 1748 1133 1801 dietum
1169 1746 1241 1801 de
1278 1746 1646 1801 seditionibus
1682 1762 1978 1817 rerumque
2011 1747 2366 1817 publicarum
2401 1764 2531 1803 eon-

453 1825 811 1880 versionibus
834 1840 1134 1893 earumque
1154 1823 1357 1891 causis,
1376 1822 1532 1879 verbi
1550 1823 1740 1895 gratia
1760 1823 1910 1893 luxu,
1933 1824 2258 1893 ambitione,
2275 1823 2528 1894 libidine,

455 1900 787 1971 depravatis
810 1900 1075 1955 moribus.
1150 1898 1264 1955 Sed
1280 1904 1473 1955 tamen
1494 1900 1564 1956 de
1584 1900 1860 1973 religione
1879 1905 2030 1956 certe
2047 1900 2108 1955 in
2122 1902 2232 1956 hae
2248 1907 2533 1972 postrema

457 1980 643 2049 operis
670 1984 845 2050 parte
862 1978 1011 2049 quin
1036 1977 1385 2048 disputatum
1410 1977 1582 2033 fuerit
1608 1993 1724 2031 non
1751 1976 1976 2047 dubit03
2009 1994 2142 2031 nam
2169 1982 2230 2033 et
2245 1976 2432 2033 Laelii
2460 1978 2530 2034 de

454 2057 737 2130 religione
786 2056 969 2111 oratio
1014 2060 1479 2111 commemoratur
1512 2060 1571 2109 et
1606 2055 1682 2109 ad
1715 2054 1876 2109 illum
1909 2055 2109 2111 somnii
2145 2055 2532 2111 admirabilem

458 2134 751 2206 epilogum
803 2138 1005 2189 auctor
1036 2150 1154 2187 non
1187 2132 1374 2204 potuit
1408 2132 1517 2187 nisi
1552 2133 1663 2189 hae
1695 2132 1913 2188 ratione
1947 2132 2260 2203 pervenire.
2323 2133 2532 2187 Actum

456 2217 761 2281 praeterea
796 2216 885 2268 est
920 2211 990 2266 de
1023 2210 1290 2282 praemiis
1324 2210 1545 2266 virtutis
1574 2214 1632 2265 et
1661 2210 1731 2265 de
1759 2209 2174 2265 immortalitate
2202 2210 2528 2277 animorum,

458 2290 617 2345 euius
644 2292 943 2359 utriusque
971 2290 1055 2345 rei
1072 2294 1275 2344 testem
1293 2288 1567 2344 habemus
1588 2287 1938 2342 Macrobium
1956 2287 2016 2341 in
2035 2287 2236 2341 somnii
2253 2282 2536 2343 commem

456 2368 697 2438 tatione,
734 2382 919 2437 eaque
936 2366 1195 2423 Platonis
1224 2365 1463 2420 imitatio
1494 2364 1620 2434 fuit,
1661 2364 1756 2435 qui
1783 2369 2122 2436 postremam
2139 2381 2376 2435 eamque
2395 2364 2532 2419 satis

458 2462 733 2518 magnam
758 2446 1029 2501 librorum
1057 2444 1128 2499 de
1155 2460 1217 2499 re
1248 2443 1481 2515 publiea
1505 2442 1802 2513 partemin
1821 2459 1889 2498 eo
1917 2447 2250 2514 argumento
2275 2458 2532 2496 eonsum-

459 2526 591 2595 psit.
661 2524 1022 2582 Enumeratis
1041 2522 1213 2594 igitur
1229 2524 1299 2577 iis
1310 2563 1325 2592 ,
1364 2536 1509 2593 quae
1528 2522 1678 2577 inter
1693 2520 1948 2577 homines
1964 2521 2272 2589 habentur,
2308 2519 2532 2579 virtutis

459 2603 751 2673 praemiis,
771 2620 897 2657 eum
916 2618 987 2657 ea
1004 2602 1140 2655 satis
1160 2600 1347 2655 faeere
1365 2618 1480 2655 non
1496 2600 1834 2670 viderentur,
1863 2600 2032 2653 immo
2050 2600 2208 2655 nulla
2225 2598 2530 2675 aliquando

462 2686 682 2750 essent,
722 2695 903 2733 sermo
931 2676 1216 2732 Ciceronis
1250 2677 1525 2747 paulatim
1561 2692 1628 2731 eo
1665 2676 1930 2746 delapsus
1971 2682 2082 2744 est,
2117 2680 2184 2729 ut
2215 2674 2277 2729 in
2303 2674 2530 2745 dialogo

459 2756 627 2811 bonis
653 2756 789 2811 viris
818 2760 875 2809 et
900 2754 1048 2808 bene
1078 2754 1148 2808 de
1175 2770 1235 2808 re
1262 2754 1493 2824 publiea
1508 2752 1724 2807 meritis
1743 2758 1872 2823 post
1890 2753 2104 2806 obitum
2123 2756 2354 2806 aeterna
2369 2766 2530 2819 prae-

460 2839 577 2891 mia
606 2840 668 2891 et
694 2832 966 2889 caelestia
992 2848 1114 2887 esse
1141 2830 1505 2901 rependenda
1532 2830 1906 2885 adseveraret.
1977 2828 2144 2892 Quod
2179 2843 2306 2881 eum
2331 2828 2414 2880 ita
2439 2826 2528 2895 sit,

460 2911 813 2967 immortales
850 2925 973 2964 esse
1011 2909 1225 2962 animos
1260 2924 1491 2963 neeesse
1525 2912 1641 2975 est3
1677 2907 1749 2961 de
1785 2922 1896 2976 quo
1921 2908 2226 2975 praesepto
2253 2918 2380 2957 eum
2407 2902 2534 2957 aliis

462 2990 607 3051 lonis
636 2988 929 3060 praeclare
960 2985 1222 3041 disseruit
1239 2986 1461 3051 cicere,
1498 2988 1618 3037 tum
1645 2984 1705 3037 in
1735 2984 1842 3038 hoe
1856 2983 2002 3037 libro
2019 2998 2134 3036 non
2150 2977 2532 3051 perfunctoria

464 3068 723 3123 oratione
754 3064 1127 3136 disputavisse
1154 3062 1465 3118 credendus
1492 3066 1594 3115 est,
1667 3060 1815 3114 Tum
1844 3059 1976 3130 quia
2003 3058 2172 3113 Plato
2202 3058 2262 3111 in
2287 3055 2530 3111 Politiae

464 3160 603 3199 suae
632 3148 883 3199 extrema
899 3147 1062 3212 parte
1081 3141 1259 3195 virum
1278 3138 1559 3210 quendam
1581 3137 1656 3191 ad
1672 3137 1846 3191 vitam
1861 3140 2183 3190 revocatum
2200 3132 2362 3188 finxit
2379 3150 2529 3189 eum·

468 3237 576 3291 que
604 3220 861 3291 praemia
875 3220 1151 3274 bonorum
1170 3222 1229 3272 et
1244 3216 1517 3271 malorum
1536 3214 1832 3285 supplicia,
1872 3228 2016 3283 quae
2035 3212 2271 3281 viderat,
2297 3228 2529 3283 nan-anf

464 3304 580 3353 tem
620 3297 866 3365 induxit,
914 3296 1111 3351 Cicero
1156 3310 1377 3365 quoque
1412 3291 1650 3347 defensa
1687 3290 1943 3345 Platonis
1977 3289 2302 3344 narratione
2338 3293 2536 3342 eontra

469 3375 747 3431 derisores
786 3374 1083 3444 quosdam,
1122 3372 1291 3427 aliam
1330 3369 1526 3425 similis
1565 3366 1790 3423 artificii
1824 3367 2079 3423 fabulam
2113 3366 2400 3436 componit
2431 3364 2530 3417 ho-

466 3452 632 3506 minis
661 3468 774 3506 non
801 3451 953 3504 illius
979 3450 1203 3520 quidem
1220 3447 1601 3504 reviviscentis
1620 3486 1635 3515 ,
1674 3445 1774 3501 sed
1792 3443 2070 3499 narrantis
2090 3444 2391 3510 somnium,
2422 3456 2532 3511 quo

469 3530 879 3585 demonstraret
905 3527 1179 3599 ampliora
1205 3526 1473 3581 virtutum
1499 3540 1729 3578 manere
1758 3522 2010 3593 praemia
2030 3536 2198 3592 quam
2216 3518 2366 3574 orbis
2381 3518 2532 3571 vitae

461 3603 749 3661 vhumanae
776 3604 987 3661 habere
1018 3604 1241 3661 soleret.
1309 3605 1500 3673 Atque
1528 3602 1611 3657 ita
1635 3602 1781 3657 haee
1807 3601 1880 3655 de
1896 3616 1956 3655 re
1975 3598 2205 3669 publiea
2225 3594 2532 3667 disputatio

466 3684 814 3739 nobilissima
834 3682 1101 3739 eonelusa
1120 3689 1222 3738 est.

606 3926 785 4007 Quod
833 3928 889 3991 si
938 3931 1061 3993 ista
1112 3927 1287 3991 nobis
1342 3926 1627 4011 ooyitatio
1673 3926 1747 3989 de
1791 3918 2098 4005 triumpho
2142 3919 2364 3982 iniecta
2405 3936 2529 3979 non
2583 3973 2608 4011 ι

473 4036 638 4103 esset,
676 4047 862 4111 quam
898 4036 963 4088 tu
998 4044 1233 4111 quoque
1269 4019 1599 4106 adprobas,
1636 4040 1714 4083 ne
1750 4029 1814 4083 tu
1849 4014 2021 4081 haud
2043 4012 2304 4079 multum
2329 4010 2530 4095 requi-

2583 3900 2615 3953 1
