3292 4559
1130 268 1338 328 CATO
1372 268 1625 326 MAIOR
1661 265 1900 326 14-20',
2417 258 2544 324 241

490 399 659 462 inter
694 394 855 461 duos
882 394 1252 462 consulatus
1287 395 1438 460 anni
1466 394 1692 462 decem
1724 392 2162 462 interfuissent
2198 415 2550 479 censorque

494 502 643 556 ante
678 490 1069 578 superiorem
1102 491 1507 556 consulatum
1550 489 1807 568 fuisset3
1851 511 1933 556 ex
1967 511 2096 574 quo
2138 489 2548 576 intellegitur,

492 584 730 670 Pyrrhi
765 585 932 652 bello
966 585 1279 672 grandem
1314 607 1469 651 sane
1504 585 1732 650 fuisse:
1789 595 1856 652 et
1899 595 2115 650 tamen
2149 584 2242 650 sic
2278 607 2317 649 a
2350 584 2548 671 patri-

494 679 617 744 bus
652 679 1035 767 accepimus.
1121 678 1279 744 nihil
1313 679 1511 765 igitur
1545 677 1868 755 adferunt,
1905 679 2016 764 qui
2049 678 2118 744 in
2149 701 2220 744 re
2253 677 2548 764 gerunda
2575 696 2625 737 ιτ

493 774 732 838 versari
782 782 1177 840 senectutem
1228 785 1495 858 negant,
1550 771 1950 859 [similesque
1994 770 2172 858 sunt]
2221 784 2294 838 ut
2339 772 2394 838 si
2439 771 2555 857 qui

492 867 991 953 gubernatorem
1022 867 1092 931 in
1134 867 1502 954 navigando
1537 866 1698 931 nihil
1731 888 1925 952 agere
1961 866 2206 944 dicant,
2251 889 2399 931 cum
2443 866 2552 932 alii

493 963 695 1027 malos
731 962 1072 1037 scandant,
1110 961 1219 1025 alii
1252 984 1369 1047 per
1402 961 1577 1027 foros
1614 973 1900 1038 cursent,
1947 960 2056 1026 alii
2092 962 2406 1026 sentinam
2440 983 2556 1027 ex-

494 1055 822 1130 hauriant,
874 1055 983 1121 ille
1037 1055 1291 1120 clavum
1344 1067 1567 1121 tenens
1621 1055 1878 1140 quietus
1931 1055 2149 1120 sedeat
2199 1055 2268 1119 in
2319 1054 2552 1141 puppiz

492 1171 624 1214 non
670 1148 827 1214 facit
870 1171 977 1226 ea,
1033 1171 1199 1233 quae
1245 1150 1539 1227 iuvenes,
1595 1161 1664 1214 at
1704 1171 1857 1216 vero
1900 1149 2142 1214 maiora
2185 1159 2248 1216 et
2293 1149 2556 1213 meliora

492 1243 669 1308 facit.
739 1264 871 1307 non
904 1243 1147 1308 viribus
1184 1254 1296 1309 aut
1330 1244 1669 1310 velocitate
1710 1255 1823 1309 aut
1859 1243 2182 1310 celeritate
2217 1263 2556 1330 corporum

492 1359 597 1404 res
631 1359 907 1422 magnae
940 1350 1272 1424 geruntur,
1306 1338 1423 1404 sed
1459 1338 1743 1415 consilio,
1779 1338 2174 1416 auctoritate,
2211 1335 2555 1413 sententia3

495 1431 731 1515 quibus
766 1453 896 1496 non
929 1430 1122 1497 modo
1157 1454 1288 1497 non
1324 1432 1566 1510 orbari,
1614 1433 1730 1498 sed
1773 1433 1967 1498 etiam
2002 1433 2228 1518 augeri
2263 1441 2557 1498 senectus

498 1525 686 1590 solet:
751 1525 876 1591 nisi
937 1525 1103 1592 forte
1169 1549 1292 1613 ego
1336 1527 1552 1605 vobis,
1609 1528 1722 1612 qui
1787 1539 1853 1592 et
1903 1527 2085 1592 miles
2139 1537 2205 1592 et
2259 1527 2554 1591 tribunus
2583 1543 2635 1583 ιε

498 1629 563 1684 et
632 1618 886 1704 legatus
950 1631 1015 1686 et
1078 1621 1301 1686 consul
1372 1631 1664 1688 versatus
1727 1643 1873 1686 sum
1942 1620 2009 1685 in
2072 1620 2250 1684 vario
2319 1641 2556 1703 genere

497 1711 841 1790 bellorum,
898 1735 1147 1779 cessare
1190 1737 1365 1779 nunc
1400 1715 1647 1790 videor,
1704 1736 1850 1778 cum
1885 1714 2055 1779 bella
2088 1734 2220 1777 non
2253 1733 2437 1796 gero;
2490 1721 2558 1776 at

497 1806 750 1872 senatui
784 1828 951 1889 quae
988 1807 1114 1871 sint
1148 1808 1433 1892 gerenda
1465 1807 1834 1892 praescribo
1864 1818 1928 1872 et
1965 1828 2093 1890 quo
2127 1805 2348 1870 modo:
2383 1805 2559 1870 Kar-

496 1899 746 1986 thagini
778 1899 946 1964 male
980 1899 1110 1964 iam
1146 1900 1260 1964 diu
1290 1900 1599 1985 cogitant-i
1636 1900 1876 1964 bellum
1902 1900 2106 1964 multo
2134 1911 2282 1976 ante
2312 1900 2560 1965 denun-

496 1996 608 2072 tio,
646 1994 727 2060 de
763 2015 893 2077 qua
926 1994 1135 2059 vereri
1166 2016 1299 2059 non
1334 2005 1483 2060 ante
1518 1993 1809 2059 desinam
1845 2015 2040 2077 quam
2073 1993 2250 2057 illam
2277 1993 2558 2059 excisam

498 2111 637 2155 esse
694 2107 1083 2173 cognover03
1148 2110 1343 2172 quam
1401 2088 1685 2174 palmam
1748 2088 1996 2153 utinam
2049 2087 2116 2152 di
2166 2087 2556 2164 inmortales,
2583 2104 2634 2144 1⁹

502 2181 743 2268 Scipio,
780 2180 897 2253 tibi
932 2194 1289 2260 reservent,
1324 2195 1399 2248 ut
1435 2183 1541 2248 avi
1574 2182 1878 2266 reliquias
1912 2182 2327 2268 persequare!
2377 2182 2558 2248 cuius

500 2303 538 2343 a
572 2287 775 2343 morte
822 2286 1043 2344 sextus
1086 2277 1191 2344 hic
1226 2288 1293 2344 et
1336 2279 1696 2345 tricesimus
1733 2301 1940 2344 annus
1985 2289 2114 2355 est,
2169 2278 2283 2344 sed
2316 2299 2560 2344 memo-

497 2375 659 2440 riam
692 2373 862 2438 illius
896 2373 1272 2440 viriwmnes
1308 2374 1631 2460 excipient
1663 2373 1816 2438 anni
1850 2383 2332 2457 consequent-es.
2389 2393 2557 2438 anno

498 2479 645 2534 ante
681 2490 786 2534 me
822 2489 1152 2534 censorem
1185 2480 1475 2535 mortuus
1514 2478 1629 2546 est,
1666 2490 1902 2534 novem
1939 2467 2123 2534 annis
2159 2478 2308 2554 post
2338 2490 2558 2534 meum

499 2564 921 2642 consulatum,
957 2585 1105 2629 cum
1136 2565 1358 2630 consul
1391 2564 1625 2630 iterum
1652 2586 1758 2630 me
1789 2563 2050 2630 consule
2079 2574 2331 2628 creatus
2360 2573 2556 2628 esset:

497 2680 655 2724 num
689 2657 905 2744 igitur,
943 2659 997 2723 si
1032 2659 1116 2723 ad
1152 2659 1570 2725 centesimum
1606 2682 1849 2723 annum
1883 2659 2177 2734 vixisset,
2214 2657 2558 2724 senectutis

500 2775 649 2818 eum
684 2775 839 2817 suae
874 2753 1266 2836 paeniteret?
1300 2775 1421 2819 nec
1456 2754 1630 2818 enim
1667 2752 2042 2818 excursione
2077 2773 2198 2817 nec
2235 2752 2403 2816 saltu
2437 2772 2558 2816 nec

500 2845 749 2911 eminus
800 2843 1002 2908 hastis
1046 2857 1156 2910 aut
1201 2846 1555 2912 comminus
1600 2845 1833 2932 gladiis
1851 2921 1864 2928 ,
1879 2856 2194 2923 uteretur,
2249 2844 2364 2912 sed
2408 2867 2560 2910 con-

502 2937 664 3012 silio,
700 2935 976 3013 ratione,
1012 2940 1352 3005 sententiae
1390 2961 1558 3025 quae
1591 2936 1717 3004 nisi
1753 2952 1968 3006 essent
1999 2941 2068 3005 in
2103 2941 2393 3017 senibus,
2427 2962 2558 3005 non

502 3051 827 3095 summum
865 3029 1199 3095 consilium
1232 3034 1507 3099 maiores
1540 3034 1744 3098 nostri
1779 3035 2211 3120 appellassent
2245 3045 2557 3101 senatum.

503 3122 679 3210 apud
713 3121 1265 3192 Lacedaemonios
1300 3127 1561 3212 quidem
1594 3128 1670 3206 ii,
1708 3128 1820 3212 qui
1857 3129 2320 3216 amplissimum
2355 3130 2560 3216 magi·
2584 3141 2638 3182 2⁰

502 3228 772 3284 stratum
823 3227 1087 3303 gerunt,
1140 3229 1215 3284 ut
1265 3233 1446 3300 sunt,
1500 3223 1592 3288 sic
1647 3223 1840 3288 etiam
1889 3223 2301 3289 nominantur
2353 3245 2558 3289 senes.

502 3312 678 3398 quod
712 3311 767 3377 si
800 3311 1013 3398 legere
1058 3324 1169 3378 aut
1214 3315 1451 3382 audire*
1479 3317 1708 3382 voletis
1751 3327 2042 3394 externa,
2097 3317 2410 3382 maximas
2456 3338 2560 3381 res

502 3405 795 3494 publicas
824 3405 908 3470 ab
933 3407 1449 3476 adulescentibus
1475 3411 1913 3487 labefactatas,
1951 3435 1991 3476 a
2019 3411 2278 3476 senibus
2312 3420 2562 3474 susten-

504 3512 669 3568 tatas
704 3510 769 3568 et
800 3501 1125 3569 restitutas
1160 3504 1509 3589 reperietis.

678 3620 864 3703 cedo,
919 3622 1030 3708 qui
1082 3635 1362 3691 vestram
1412 3647 1550 3690 rem
1601 3625 1928 3710 publicam
1973 3633 2218 3688 tantam
2261 3621 2562 3687 amisistis

1367 3729 1499 3784 tam
1537 3719 1706 3784 cito?

510 3839 603 3903 sic
656 3839 824 3902 enim
876 3850 1358 3925 percontantur,
1410 3851 1484 3904 ut
1537 3849 1635 3906 est
1679 3839 1747 3902 in
1791 3837 2024 3904 Naevii
2063 3829 2292 3924 po'e‘tae
2336 3835 2559 3902 Ludo:

509 3932 972 4017 respondentur
1007 3945 1067 4000 et
1104 3934 1230 3998 alia
1265 3945 1329 4000 et
1364 3935 1487 4000 hoc
1520 3933 1589 3998 in
1622 3931 1876 4020 primis:

682 4061 1140 4144 proveniebant
1175 4074 1454 4130 oratores
1489 4063 1661 4142 novi,
1698 4061 1874 4129 stulti
1909 4053 2392 4128 adulescentuli.

619 4160 837 4206 ciceronis
855 4163 937 4206 vol.
959 4161 1049 4212 VII,
2123 4162 2192 4216 16
