3292 4559
1059 253 1168 310 DE
1200 251 1302 308 RE
1336 250 1680 310 PUBLICA
1711 253 1760 307 1.
1797 253 2036 308 45—50.
2447 243 2576 308 167

498 379 1067 470 opulentioresque
1122 375 1537 452 exstitissent,
1599 385 1740 439 tum
1793 397 1874 440 ex
1899 429 1907 436 .
1928 397 2150 442 eorum
2201 377 2458 444 fastidio
2511 390 2576 445 et

503 475 814 563 superbia
857 481 1009 538 nata
1054 493 1193 538 esse
1241 480 1768 547 commemorant,
1815 470 2189 536 cedentibus
2221 472 2474 558 ignavis
2510 484 2576 540 et
2644 551 2650 559 ‚.

500 569 825 637 inbecillis
887 578 949 632 et
1012 565 1427 652 adrogantiae
1488 565 1760 630 divitum
1831 567 2414 636 succumbentibus.
2520 567 2575 635 si

502 687 665 732 vero
718 664 819 728 ius
873 684 1062 726 suum
1114 658 1335 746 populi
1386 669 1676 736 teneant,
1737 671 1980 746 negant
2039 661 2382 746 quicquam
2436 685 2574 730 esse

502 755 968 846 praestantius,
1020 754 1313 831 liberius,
1367 752 1645 829 beatius,
1701 753 1938 840 quippe
1991 755 2103 837 qui
2155 756 2394 820 domini
2447 757 2574 822 sint

498 853 763 938 legum,
796 849 1175 916 iudiciorum
1188 895 1207 926 ,
1242 847 1425 924 belli,
1459 847 1635 933 pacis
1648 893 1668 923 ,
1715 847 2078 926 foederum,
2123 849 2348 934 capitis
2381 851 2573 916 unius

502 947 846 1030 cuiusque,
880 943 1221 1031 pecuniae:
1260 942 1427 1008 hanc
1462 965 1660 1006 unam
1698 938 1709 1026 Ι
1747 942 1866 1008 rite
1899 965 2036 1008 rem
2062 943 2273 1028 publi·
2313 943 2401 1030 [p.
2427 945 2571 1009 176.

504 1065 683 1119 cam,
734 1039 803 1104 id
856 1050 956 1104 est.
994 1061 1132 1102 rem
1175 1037 1425 1122 populi,
1481 1037 1796 1122 appellari
1833 1047 2077 1122 putant.
2163 1037 2382 1122 itaque
2425 1050 2490 1106 et
2535 1063 2574 1104 a

502 1157 740 1220 regum
774 1143 837 1199 et
872 1156 912 1196 a
945 1143 1203 1217 patrum
1238 1131 1672 1196 dominatione
1707 1131 1914 1204 solere
1946 1131 2013 1197 in
2046 1130 2408 1198 libertatem
2435 1157 2574 1200 rem

504 1227 736 1316 populi
769 1227 1079 1294 vindicari
1092 1273 1109 1298 ,
1144 1248 1277 1290 non
1313 1247 1394 1290 ex
1429 1224 1648 1290 liberis
1680 1225 1934 1310 populis
1969 1247 2154 1312 reges
2189 1227 2426 1312 requiri
2461 1239 2574 1293 aut

504 1331 905 1411 potestatem·
963 1331 1155 1404 atque
1225 1341 1379 1406 opes
1448 1319 1870 1406 optimatium.
1975 1330 2042 1386 et
2109 1341 2262 1386 vero
2332 1336 2571 1408 negant
2612 1319 2692 1378 49'

506 1427 807 1504 oportere
868 1415 1162 1480 indomiti
1214 1413 1437 1500 populi
1488 1413 1643 1478 vitio
1699 1437 1906 1498 genus
1957 1414 2083 1480 hoc
2131 1426 2336 1481 totum
2388 1417 2572 1482 liberi

504 1510 735 1599 populi
777 1509 1130 1596 repudiari:
1170 1508 1483 1574 concordi
1519 1509 1758 1593 populo
1793 1519 1860 1573 et
1891 1509 2106 1576 omnia
2137 1510 2453 1578 referente
2489 1514 2572 1577 a‘d

506 1604 1015 1672 incolumitatem
1052 1614 1114 1668 et
1149 1602 1234 1667 ad
1270 1602 1631 1666 libertatem
1669 1623 1854 1666 suam
1887 1603 2046 1668 nihil
2083 1601 2094 1688 Ι
2133 1627 2272 1670 esse
2311 1604 2404 1691 [p.
2428 1606 2571 1671 169.

506 1697 977 1776 inmutabilius,
1028 1697 1189 1761 nihil
1241 1697 1485 1760 firmius
1496 1721 1515 1774 3
1569 1696 1942 1761 facillimam
1993 1709 2209 1764 autem
2262 1699 2331 1764 in
2384 1723 2464 1765 ea
2503 1703 2576 1766 re'

387 1813 397 1818 “
507 1793 773 1882 publica
806 1815 947 1857 esse
982 1791 1408 1868 concordiam,
1443 1791 1511 1854 in
1547 1811 1678 1874 qua
1701 1790 1874 1856 idem
1903 1791 2220 1857 conducat
2245 1793 2572 1860 omnibus:

465 1885 473 1892 ’
510 1913 595 1956 ex
628 1885 919 1953 utilitatis
954 1885 1401 1962 varietatibus,
1447 1905 1593 1950 cum
1638 1883 1778 1948 aliis
1815 1885 1990 1950 aliud
2025 1887 2353 1972 expediat,
2397 1889 2574 1954 nasci
2655 1947 2658 1954 .

510 1981 881 2049 discordias.
966 1980 1185 2063 itaque
1238 2002 1387 2045 cum
1430 1991 1643 2064 patres
1689 2001 1904 2044 rerum
1947 1981 2332 2066 potirentur,
2387 2005 2574 2048 num-

509 2100 709 2164 quam
745 2074 1102 2140 constitisse
1138 2073 1413 2138 civitatis
1451 2083 1720 2149 statum3
1755 2074 1958 2138 multo
1991 2073 2118 2138 iam
2153 2075 2222 2138 id
2254 2076 2322 2142 in
2357 2079 2570 2162 regnis

510 2173 755 2248 minus,
816 2189 1119 2252 quorum,
1182 2178 1257 2232 ut
1306 2167 1397 2232 ait
1447 2165 1727 2242 Ennius,
1791 2167 1998 2232 ‘nulla
2051 2167 2298 2255 [regni]
2353 2183 2572 2237 sancta

510 2265 784 2332 societas
824 2284 945 2328 nec
988 2262 1147 2326 fides
1192 2261 1329 2327 est-⁵
1418 2282 1547 2344 qua
1590 2284 1662 2326 re
1697 2283 1844 2326 cum
1878 2263 1983 2327 lex
2019 2264 2099 2327 sit
2136 2264 2338 2330 civilis
2375 2267 2574 2332 socie-

508 2360 659 2426 tatis
704 2357 1080 2437 vineussum,
1128 2356 1229 2420 ius
1274 2365 1489 2420 autem
1541 2354 1705 2441 legis
1759 2357 2054 2440 aequale,
2105 2379 2234 2441 quo
2289 2357 2384 2446 [p.
2425 2360 2570 2425 170.

508 2455 649 2519 iure
692 2451 962 2518 societ-as
1009 2450 1248 2515 civium
1282 2449 1483 2516 teneri
1518 2459 1759 2535 potest,
1805 2473 1952 2516 cum
1988 2474 2106 2536 par
2139 2473 2269 2518 non
2304 2454 2386 2519 sit
2421 2477 2571 2520 con-

509 2548 679 2612 dicio
722 2544 996 2612 civium?
1066 2544 1121 2609 si
1166 2544 1336 2609 enim
1380 2545 1686 2630 pecunias
1731 2545 1994 2630 aequari
2045 2569 2174 2612 non
2228 2548 2468 2634 placet,
2517 2549 2572 2612 si

506 2643 769 2728 ingenia
804 2638 1089 2706 omnium
1125 2640 1306 2725 paria
1340 2661 1479 2705 esse
1514 2663 1645 2705 non
1680 2650 1971 2727 possunt,
2007 2641 2150 2706 iura
2183 2655 2355 2708 certe
2390 2645 2572 2729 paria

508 2737 746 2802 debent
792 2757 932 2802 esse
978 2755 1199 2799 eorum
1240 2735 1411 2800 inter
1454 2757 1556 2810 se,
1602 2734 1713 2816 qui
1749 2745 1900 2799 sunt
1933 2736 2106 2800 cives
2139 2736 2206 2799 in
2242 2737 2466 2800 eadem
2500 2759 2570 2803 re

506 2830 786 2918 publica.
875 2828 1031 2913 quid
1066 2842 1163 2894 est
1198 2829 1367 2894 enim
1404 2829 1626 2892 civitas
1655 2827 1786 2892 nisi
1819 2827 1976 2892 iuris
2013 2829 2323 2892 societas?
2357 2829 2393 2865 ⁴*
2428 2831 2464 2865 ¹*
2500 2831 2535 2866 *

1034 2920 1514 3009 [Desiderantur
1537 2923 1814 3007 paqinae
1850 2919 2056 3006 duaa]

643 3016 653 3099 Ι
694 3014 960 3083 Ceteras
1010 3039 1162 3082 vero
1214 3040 1315 3082 res
1368 3015 1658 3102 publicas
1709 3037 1792 3079 ne
1845 3014 2258 3100 appellandas
2323 3013 2416 3102 [p.
2463 3015 2566 3082 53.
2604 2986 2674 3098 ἒξ

509 3111 771 3198 quidem
805 3121 1035 3197 putant
1066 3111 1147 3175 iis
1180 3110 1575 3188 nominibus,
1620 3108 1856 3192 quibus
1901 3109 2048 3174 illae
2085 3133 2226 3176 sese
2262 3111 2571 3198 appellari

508 3207 729 3272 velint.
817 3228 933 3271 cur
967 3205 1137 3270 enim
1170 3229 1391 3291 regem
1425 3205 1773 3291 appellem,
1819 3203 1994 3286 Iovis
2031 3204 2257 3289 optimi
2291 3207 2569 3284 nomine,

506 3300 835 3367 hominem
872 3300 1241 3364 dominandi
1274 3299 1577 3386 cupidum
1614 3310 1725 3364 aut
1759 3297 2008 3384 imperii
2044 3299 2380 3384 singularis
2394 3347 2412 3378 ,
2456 3322 2572 3385 po-

507 3397 663 3482 pulo
710 3415 1017 3480 oppresso
1061 3394 1525 3470 dominantem,
1572 3415 1704 3458 non
1739 3404 2083 3478 tyrannum
2117 3393 2369 3477 potius?
2439 3405 2572 3458 tam

508 3490 685 3558 enim
730 3511 871 3554 esse
918 3489 1197 3554 clemens
1232 3500 1541 3574 tyrannus
1578 3510 1796 3572 quam·
1821 3485 1994 3575 [rex]
2041 3487 2420 3572 inportunus
2455 3510 2572 3573 po·-

506 3595 665 3662 test‚
710 3593 785 3648 ut
825 3584 947 3648 hoc
992 3584 1375 3669 populorum
1417 3583 1696 3660 intersit,
1741 3593 1956 3646 utrum
1995 3582 2160 3648 comi
2197 3581 2452 3657 domino
2489 3605 2573 3646 an

511 3701 743 3764 aspero
778 3675 1087 3755 serviant3
1122 3678 1279 3761 quin
1316 3677 1593 3742 serviant
1630 3677 1641 3762 l
1679 3677 1942 3760 quidem
1976 3677 2114 3743 fieri
2149 3699 2278 3741 non
2333 3673 2426 3762 [p.
2464 3675 2570 3739 54.
2676 3705 2683 3713 ·

510 3781 743 3858 potest.
850 3794 978 3857 quo
1032 3783 1246 3838 autem
1298 3773 1489 3837 modo
1542 3771 1809 3855 adsequi
1860 3783 2111 3857 poterat
2163 3771 2574 3836 Lacedaemo

510 3869 623 3932 illa
650 3878 816 3946 tum,
855 3890 1003 3933 cum
1036 3879 1361 3954 praestare
1396 3867 1742 3953 putabatur
1777 3867 2110 3952 disciplina
2135 3866 2227 3930 rei
2255 3864 2572 3951 publicae,

512 3974 585 4027 ut
621 3961 808 4027 bonis
843 3974 1129 4028 uteretur
1162 3963 1472 4047 iustisque
1507 3961 1798 4049 regibus,
1845 3984 1992 4027 cum
2039 3972 2207 4028 esset
2239 3959 2572 4024 habendus

512 4079 631 4122 rex
664 4055 1055 4143 quicumque
1090 4081 1323 4144 genere
1359 4058 1539 4144 regio
1573 4067 1762 4123 natus
1801 4058 2006 4124 esset?
2065 4078 2218 4123 nam
2251 4053 2574 4141 optimatis
