3292 4559
1050 298 1157 354 DE
1192 290 1717 361 D1vaT10NE
1749 295 1828 352 11.
1863 296 2103 352 62-66.
2489 279 2614 348 189

674 416 795 490 nos
832 422 1073 488 circum
1106 421 1329 488 latices
1362 411 1615 507 gelidos
1651 419 2049 485 fumant-ibus
2085 419 2233 497 aris,

670 517 987 604 ‘aurigeris
1022 517 1241 582 divom
1272 516 1603 602 placantes
1644 513 1912 579 namma
1941 510 2170 590 tauris

680 613 799 678 sub
834 612 1095 698 platano
1126 609 1505 688 mnbrilbra,
1540 609 1688 674 fons
1723 608 1898 674 unde
1933 618 2192 673 emanat
2218 616 2440 693 aquai,

678 703 953 772 vidimus
980 699 1235 770 1111118111
1261 705 1483 791 specie
1515 715 1822 789 tortuque
1857 703 2202 768 draconem

676 800 1047 876 vertibilem,
1078 798 1259 866 -Iovis
1296 811 1373 864 ut
1404 800 1599 886 pulsu
1620 809 1999 886 penetraret
2029 799 2116 862 ab
2152 812 2294 863 ara·

680 896 793 980 qui
826 895 1125 981 platani
1106 917 1177 958 m
1211 914 1390 958 ramo
1424 893 1727 958 foliorum
1765 891 2048 979 tegmine
2084 903 2340 978 saeptos

680 989 997 1074 conripuit
1034 989 1245 1074 pfflos
1256 1012 1276 1064 3
1309 1005 1475 1072 'ques
1512 1009 1662 1052 cum
1695 997 2103 1054 consumeret
2139 995 2305 1062 oct0,

681 1103 853 1148 nona
888 1103 1085 1168 super
1116 1083 1393 1147 tremulo
1427 1081 1726 1168 genetrix
1761 1081 2065 1166 clangore
2095 1078 2382 1156 ¹volabat,

678 1177 791 1242 eui
823 1177 1001 1244 ferus
1035 1175 1279 1241 inmani
1310 1174 1580 1242 laniavit
1612 1176 1862 1242 viscera
1895 1192 2134 1239 morsu.

680 1271 879 1350 huno,
912 1271 1031 1336 ubi
1065 1282 1193 1336 tam
1232 1281 1487 1337 teneros
1520 1269 1802 1338 volucris
1837 1280 2238 1354 matremque
2271 1267 2560 1356 peremit,
2665 1288 2717 1328 81

684 1366 796 1450 qui
831 1366 961 1431 luci
996 1365 1283 1432 ediderat
1317 1365 1572 1453 genitor
1608 1363 1950 1432 Saturnius
1984 1363 2160 1430 idem

676 1462 931 1526 abdidit
966 1473 1031 1528 et
1064 1461 1228 1526 duro
1263 1459 1567 1526 formavit
1601 1460 1885 1548 tegmine
1915 1461 2081 1525 saxi.

682 1575 803 1621 1188
834 1567 1056 1622 amem
1090 1554 1301 1620 timidi
1335 1567 1577 1621 stantes
1610 1555 1908 1621 mirabile
1941 1565 2301 1620 monstrum

592 1706 595 1708 ,
681 1651 961 1716 ‘vidimus
996 1651 1067 1715 in
1098 1645 1329 1716 mediis
1365 1651 1583 1716 divom
1616 1651 1933 1716 versarier
1967 1649 2114 1714 aris.

687 1757 827 1810 tum
862 1743 1141 1810 08181188
1176 1744 1338 1810 haee
1372 1755 1474 1810 est
1502 1744 1732 1808 fidenti
1766 1765 1926 1809 voce
1961 1743 2244 1808 locutus:

690 1839 997 1921 quidnam
1032 1849 1361 1923 torpentes
1396 1837 1611 1902 subito
1647 1836 2044 1923 obstipuistis
2079 1833 2359 1900 Achivi?

688 1932 876 1996 nobis
910 1932 1073 1996 haec
1106 1941 1405 2016 portenta
1440 1930 1635 1996 deum
1670 1929 1847 1995 dedit
1879 1931 2020 2015 ipse
2055 1939 2306 1994 creator

692 2027 875 2091 tarda
909 2037 974 2092 et
1010 2046 1155 2090 sera
1188 2025 1402 2103 nimis,
1436 2025 1553 2091 sed
1588 2024 1765 2089 fama
1800 2047 1878 2090 ac
1911 2023 2105 2089 laude
2141 2021 2429 2108 perenni-¹

690 2144 842 2186 nam
878 2129 1035 2205 quot
1072 2118 1211 2184 avis
1244 2129 1451 2184 taetro
1484 2128 1800 2186 mactatas
1835 2117 2026 2184 dente
2061 2117 2314 2195 videtis,

692 2227 783 2282 tot
818 2237 939 2280 -nos
974 2213 1060 2278 ad
1094 2213 1360 2278 Tmiam
1395 2213 1549 2280 belli
1587 2212 2066 2278 exanclabimus
2103 2233 2326 2288 annos,

691 2331 857 2395 quae
894 2309 1167 2374 decumo
1204 2309 1393 2373 cadet
1426 2320 1493 2374 et
1522 2329 1738 2394 poena
1771 2306 2032 2372 satiabit
2066 2305 2378 2372 Achivos.

692 2405 891 2472 edidit
924 2404 1085 2470 haec
1122 2400 1423 2480 Calchas,
1458 2424 1629 2487 quae
1663 2403 1794 2468 iam
1828 2412 2082 2468 matura
2115 2400 2369 2466 videtis.

562 2522 727 2585 quae
773 2499 1034 2564 tandem
1076 2497 1201 2563 ista
1246 2499 1586 2585 auguratio
1632 2508 1732 2564 est
1775 2518 1857 2562 ex
1891 2495 2262 2582 passeribus
2307 2514 2623 2560 annorum
2667 2512 2720 2553 65

560 2597 773 2682 potius
800 2616 994 2679 quam
1020 2604 1135 2658 aut
1168 2615 1466 2659 mensum
1494 2603 1610 2658 aut
1636 2591 1926 2659 dierum?
1959 2613 2076 2656 cur
2110 2600 2328 2657 autem
2365 2589 2445 2655 de
2479 2610 2629 2675 pas-

564 2689 829 2756 serculis
874 2687 1309 2753 coniecturam
1353 2687 1539 2765 facit,
1592 2687 1664 2752 in
1709 2686 1944 2769 quibus
1989 2685 2242 2749 nullum
2277 2692 2415 2748 erat
2446 2703 2630 2747 mon-

566 2795 796 2860 strum,
848 2782 930 2847 de
974 2782 1251 2847 dracone
1296 2781 1469 2859 silet,
1522 2779 1666 2864 qui,
1718 2779 1788 2844 id
1831 2779 2008 2865 quod
2049 2778 2190 2845 fieri
2231 2799 2364 2842 non
2396 2777 2628 2863 potuit,

566 2876 857 2964 lapideus
894 2874 1125 2938 dicitur
1157 2875 1405 2941 factus?
1457 2886 1783 2960 postremo
1817 2875 1976 2958 quid
2010 2873 2218 2943 simile
2252 2872 2450 2938 habet
2483 2893 2631 2958 pas-

569 2991 673 3035 ser
707 2967 931 3033 annis?
962 2989 1115 3032 nam
1141 2966 1224 3034 de
1258 2991 1473 3056 angue
1506 2967 1637 3046 ino,
1676 2969 1789 3052 qui
1809 2967 2032 3036 Sullae
2069 2968 2369 3058 adparuit
2400 2967 2630 3034 immo·-

568 3060 747 3138 lanti,
782 3070 1125 3144 utrumque
1159 3062 1440 3140 memini,
1470 3073 1541 3128 et
1559 3060 1832 3140 Sullam,
1869 3083 2018 3128 cum
2051 3065 2122 3129 in
2157 3062 2629 3150 expeditionem

570 3159 892 3223 exercitam
925 3152 1271 3220 educturus
1306 3167 1493 3234 esset,
1524 3156 1960 3223 immolavisse
1981 3168 2054 3224 et
2087 3179 2370 3244 anguem
2405 3155 2488 3222 ab
2519 3177 2632 3220 ara

571 3249 917 3326 exstitisse,
970 3269 1177 3333 eoque
1213 3249 1317 3315 die
1348 3272 1487 3316 rem
1518 3251 1847 3336 praeclare
1883 3273 2024 3320 8888
2066 3262 2318 3338 gestam
2351 3272 2484 3316 non
2509 3249 2634 3314 ha-

571 3344 841 3434 ruspieis
871 3342 1161 3422 consilio,
1197 3344 1314 3410 sed
1343 3343 1768 3430 imperatoris.

698 3439 923 3522 Atque
958 3437 1119 3505 haec
1147 3449 1542 3504 ostentorum
1574 3461 1818 3526 genera
1851 3437 2146 3504 mirabile
2179 3436 2338 3502 nihil
2371 3435 2631 3512 habent,
2666 3425 2734 3478 31

572 3555 739 3618 quae
776 3555 923 3599 cum
955 3531 1131 3598 facta
1164 3544 1345 3610 sunt,
1395 3544 1537 3599 tum
1579 3535 1666 3601 ad
1710 3533 2144 3599 coniecturam
2190 3530 2407 3614 aliqua
2437 3498 2702 3595 inter-⁶

570 3628 927 3716 pretatione
977 3637 1379 3705 revocantur,
1432 3641 1506 3693 ut
1556 3628 1670 3693 illa
1719 3625 1916 3692 tritici
1967 3647 2172 3712 grana
2221 3623 2292 3689 in
2333 3645 2407 3689 os
2451 3623 2634 3709 pueri

571 3722 797 3790 Midae
834 3737 1141 3808 congesta
1174 3733 1290 3788 aut
1322 3744 1509 3810 apes,
1554 3744 1720 3808 quas
1755 3720 2028 3786 dixisti
2007 3743 2078 3786 111
2109 3719 2308 3785 labris
2342 3717 2632 3784 Platonis

576 3815 936 3884 consedisse
966 3816 1184 3903 pueri,
1236 3837 1367 3883 non
1410 3827 1547 3882 tam
1578 3814 1900 3880 mirabilia
1943 3815 2072 3880 sint
2112 3836 2312 3900 quam
2347 3811 2638 3879 coniecta

574 3913 740 3978 belle
752 3935 772 3990 ;
816 3933 983 3996 quae
1015 3921 1237 3980 tamen
1269 3912 1375 3978 vel
1406 3912 1551 3999 ipsa
1583 3911 1750 3977 falsa
1784 3932 1926 3976 esse
1959 3910 2068 3976 vel
2101 3933 2211 3988 ea,
2248 3929 2416 3994 quae
2449 3927 2638 3996 prae-

577 4004 749 4071 dicta
781 4016 959 4084 sunt,
1006 4005 1271 4072 fortuito
1308 4007 1613 4074 cecidisse
1650 4016 2016 4095 potuerunt.
2105 4005 2187 4072 de
2221 4002 2362 4092 ipso
2397 4001 2638 4070 Roscio

575 4111 786 4188 potest
826 4099 989 4167 illud
1033 4101 1296 4186 quidem
1332 4125 1473 4171 esse
1506 4103 1770 4182 falsum,
1819 4112 1892 4170 ut
1928 4099 2408 4189 circumligatus
2443 4098 2640 4168 fuerit
