3292 4559
675 4091 723 4127 ΕΞ

771 263 851 323 12³
923 233 931 250 '
1386 268 1464 323 M.
1501 263 1775 326 TULLH
1810 223 2210 344 CICERONIS

767 395 957 459 [friam
991 403 1403 479 acceperunt,
1449 402 1515 456 at
1547 390 2019 477 Karthaginem
2056 402 2120 456 et
2153 390 2571 456 Numantiam
2608 389 2818 455 fundi·

767 507 867 551 tus
921 489 1344 552 sustulerunt:
1408 487 1644 551 nollem
1699 482 2111 563 Corinthum,
2167 486 2282 550 sed
2336 485 2528 550 credo
2583 485 2823 570 aliquid

767 592 1047 657 secutos,
1113 580 1655 667 opportunitatem
1713 579 1837 645 loci
1900 602 2234 657 maxume,
2286 602 2367 644 ne
2428 590 2647 664 posset
2710 580 2825 644 ali-

767 676 1022 759 quando
1060 675 1143 739 ad
1176 675 1418 739 bellum
1453 672 1821 738 faciendum
1854 670 2035 737 locus
2070 673 2209 759 ipse
2254 672 2594 737 adhortari.
2676 697 2826 738 mea

767 770 1022 851 quidem
1074 769 1390 834 sententia
1441 767 1615 853 paci,
1672 789 1837 851 quae
1888 766 2046 831 nihil
2091 766 2394 832 habitura
2436 767 2515 831 sit
2556 767 2828 832 insidia-

763 887 937 942 rum,
1002 885 1254 949 semper
1313 873 1412 928 est
1473 862 1967 927 consulendum:
2038 861 2106 927 in
2159 882 2287 945 quo
2342 862 2395 925 si
2448 860 2601 924 mihi
2652 875 2827 927 esset

767 959 823 1023 ‹J'l
839 967 1271 1044 dempta-atum
1285 1005 1303 1033 ,
1351 956 1405 1020 si
1448 978 1578 1020 non
1611 967 1973 1041 optumam,
2019 966 2087 1019 at
2120 954 2404 1038 aliquam
2438 977 2576 1019 rem
2610 954 2826 1040 publi·
2919 1034 2921 1039 ,

767 1075 926 1130 cjx-im,
961 1071 1128 1136 quae
1161 1073 1334 1115 nunc
1368 1050 1546 1114 nulla
1579 1061 1709 1127 est,
1744 1049 2146 1115 haberemuS.
2234 1062 2298 1114 et
2332 1070 2481 1113 cum
2515 1049 2625 1126 iis,
2661 1070 2825 1131 quos

768 1151 827 1207 τῇ
867 1146 1204 1221 deviceriS,
1251 1144 1717 1209 consulendum
1754 1155 1879 1219 est,
1926 1154 2065 1209 tum
2098 1143 2176 1221 ii,
2224 1143 2335 1228 qui
2370 1142 2565 1207 armis
2601 1143 2826 1227 positis

767 1243 847 1303 :nl
883 1243 1340 1327 :imperatorum
1374 1238 1570 1319 fidem
1604 1237 1998 1324 confugient,
2036 1238 2329 1323 quamvis
2365 1258 2619 1301 murum
2655 1236 2826 1302 aries

767 1333 1176 1415 percusserit,
1220 1332 1600 1417 recipiendi3
1655 1333 1722 1396 in
1757 1354 1887 1415 quo
1922 1343 2100 1397 tanto
2137 1354 2327 1418 opere
2363 1332 2538 1417 apud
2569 1343 2827 1396 nostros

767 1426 1007 1490 iustitia
1041 1427 1212 1490 culta
1248 1437 1363 1502 est,
1401 1437 1474 1490 ut
1506 1426 1572 1503 ii,
1609 1426 1723 1509 qui
1759 1426 2047 1492 civitates
2084 1436 2196 1491 aut
2220 1420 2510 1490 nationes
2538 1424 2828 1489 devictas

771 1519 931 1583 hello
984 1519 1052 1583 in
1101 1519 1295 1585 fidem
1348 1520 1766 1605 recepissent,
1822 1542 2042 1585 earum
2093 1520 2343 1606 patroni
2385 1530 2602 1584 essent
2647 1541 2828 1584 more

707 1644 727 1675 ,ς
767 1611 1094 1678 maiorum.
1185 1634 1261 1678 ac
1313 1613 1464 1678 belli
1517 1613 1778 1697 quidem
1834 1615 2121 1698 aequitas
2179 1614 2577 1679 sanctissime
2621 1614 2828 1678 fetiali

767 1707 983 1791 ptr-puli
1017 1707 1292 1772 Romani
1325 1708 1464 1773 iure
1491 1708 1846 1793 perscripta
1872 1720 1997 1785 est3
2035 1731 2119 1773 ex
2142 1730 2270 1793 quo
2297 1707 2586 1793 intellegi
2614 1720 2827 1793 potest

767 1803 1013 1865 nullum
1061 1802 1300 1866 bellum
1346 1825 1486 1867 esse
1520 1802 1765 1866 iustum
1798 1802 1921 1867 nisi
1955 1802 2131 1885 quod
2164 1812 2276 1867 aut
2309 1801 2501 1866 rebus
2537 1802 2827 1887 repetitis

767 1906 1024 1978 geratur
1059 1908 1170 1961 aut
1193 1896 1646 1961 ‘denuntiatum
1682 1907 1828 1961 ante
1864 1898 1949 1960 sit
1981 1906 2047 1961 et
2078 1896 2409 1961 indictum.
2499 1893 2826 1981 [Popilius

767 1991 1108 2075 imperator
1143 1990 1403 2056 tenebat
1435 1991 1863 2076 provinciam,
1907 1992 1977 2056 in
2012 1992 2193 2058 cuius
2231 1990 2517 2057 exercitu
2556 1988 2827 2056 Catonis

767 2083 930 2147 ,tilius
953 2084 1087 2147 tiro
1121 2084 1453 2149 militabat.
1544 2106 1693 2149 cum
1728 2095 1945 2149 autem
1977 2084 2231 2169 Popilio
2267 2084 2594 2149 videretur
2627 2106 2825 2149 unam

767 2178 1078 2242 dimittere
1111 2177 1450 2262 legionem,
1491 2176 1757 2243 Catonis
1792 2199 2051 2263 quoque
2086 2179 2308 2256 filium,
2345 2178 2456 2263 qui
2490 2179 2559 2243 in
2598 2179 2825 2243 eadem

767 2271 1013 2355 legione
1058 2269 1400 2349 militabat,
1445 2272 1704 2337 dimisit.
1793 2273 1908 2337 sed
1953 2294 2100 2337 cum
2136 2294 2350 2337 amore
2384 2273 2727 2358 pugnandi
2761 2274 2824 2337 in

767 2365 1042 2428 exercitu
1067 2365 1494 2441 remansisset,
1527 2363 1692 2430 Cato
1726 2366 1809 2430 ad
1826 2366 2153 2453 Popilium
2174 2367 2443 2453 scripsit,
2474 2377 2567 2443 ut,
2601 2368 2656 2431 si
2678 2390 2825 2432 eum

763 2455 1000 2539 patitur
1031 2457 1100 2519 in
1135 2458 1418 2523 exercitu
1452 2480 1812 2538 remanere,
1859 2460 2139 2525 secundo
2186 2483 2334 2525 eum
2379 2460 2625 2545 obliget
2657 2460 2825 2524 mili-

767 2551 887 2611 riae
915 2561 1336 2629 sacramentO,
1364 2552 1517 2634 quia
1542 2552 1753 2637 priore
1782 2555 2015 2619 amisso
2042 2554 2181 2619 iure
2210 2575 2358 2620 cum
2384 2553 2677 2618 hostibus
2706 2576 2826 2638 pu-

767 2665 961 2727 gnare
996 2665 1126 2708 non
1159 2655 1428 2730 poterat.
1499 2647 1661 2711 adeo
1698 2671 1948 2713 summa
1983 2661 2118 2719 erat
2153 2646 2510 2713 observatio
2545 2647 2614 2711 in
2650 2646 2824 2712 bello

707 2771 723 2803 π
767 2735 1131 2825 movenda]
1219 2738 1430 2804 Marci
1475 2741 1736 2824 quidem
1774 2739 2041 2807 Catonis
2093 2743 2259 2807 senis
2295 2753 2391 2807 est
2426 2741 2704 2827 epistula
2742 2742 2823 2805 ad

764 2835 859 2895 M.
896 2832 1125 2909 filium,
1169 2833 1236 2896 in
1271 2854 1402 2916 qua
1438 2834 1657 2899 scribit
1694 2858 1762 2901 se
1798 2837 2053 2902 audisse
2088 2860 2237 2901 eum
2271 2836 2537 2921 missum
2569 2833 2821 2899 factum

763 2951 903 2991 esse
937 2950 976 2990 a
1022 2926 1312 3003 consule,
1368 2950 1514 2993 cum
1568 2929 1636 2993 in
1680 2929 2069 2994 Macedonia
2114 2930 2281 2994 bello
2325 2928 2589 2994 Persico
2637 2928 2820 2993 miles

763 3030 954 3083 esset:
1006 3032 1222 3085 monet
1265 3021 1464 3107 igitur
1507 3034 1580 3087 ut
1625 3035 1850 3088 caveat
1892 3046 1974 3089 ne
2018 3024 2330 3109 proelium
2365 3022 2538 3086 ineat
2548 3046 2566 3099 3
2623 3035 2822 3108 negat

764 3115 929 3175 euim
989 3112 1090 3178 ius
1157 3138 1295 3181 esse
1349 3119 1458 3199 qui
1512 3118 1693 3183 miles
1746 3141 1876 3183 non
1931 3118 2014 3183 sit
2066 3140 2213 3183 cum
2264 3117 2444 3180 hoste
2503 3138 2817 3202 pugnare.

695 3243 727 3283 ς
767 3208 1060 3291 equidem
1123 3211 1316 3275 etiam
1369 3212 1529 3276 illud
1582 3212 2049 3291 animadvertO,
2121 3212 2323 3297 quod,
2386 3209 2496 3295 qui
2557 3210 2820 3296 proprio

763 3304 1014 3370 nomine
1047 3306 1389 3391 perduellis
1418 3318 1602 3385 esset,
1637 3310 1693 3372 is
1722 3308 1920 3373 hostis
1947 3319 2303 3384 vocaretur,
2337 3307 2598 3372 lenitate
2635 3304 2817 3396 verbi

763 3403 851 3463 rei
899 3400 1215 3466 tristitiam
1259 3401 1642 3488 mitigatam3
1699 3402 1899 3467 hostis
1947 3404 2117 3468 enim
2163 3404 2334 3488 apud
2383 3402 2655 3467 maiores
2696 3423 2819 3464 no·

763 3512 921 3557 suns
955 3495 1010 3558 is
1047 3494 1393 3571 dicebatur,
1432 3518 1624 3579 quem
1658 3518 1829 3561 nunc
1864 3498 2274 3582 peregrinum
2310 3496 2604 3559 dicimus:
2643 3493 2813 3556 indi-

763 3603 909 3651 fflut
945 3588 1280 3654 duodecim
1315 3590 1572 3655 tabulae
1606 3612 1731 3655 Am*
1767 3612 1992 3655 srAtrvs
2024 3613 2165 3654 mss
2202 3612 2327 3654 om
2357 3611 2584 3664 nosris,
2625 3586 2819 3651 item-

763 3711 887 3767 que
919 3706 1231 3751 Anvnasvs
1264 3707 1509 3750 nosram
1543 3707 1827 3751 Animam
1859 3706 2257 3750 Avc'rom'r-AS.
2339 3683 2497 3767 quid
2532 3682 2615 3747 ad
2650 3681 2820 3744 hanc

763 3781 1312 3845 nmnsuetudinem
1349 3781 1498 3845 addi
1533 3790 1771 3866 potest,
1810 3797 1985 3855 eum,
2033 3780 2292 3863 quicum
2329 3778 2568 3845 bellum
2603 3798 2821 3861 getae,

763 3891 819 3935 tu
835 3899 891 3939 tn
925 3875 1099 3939 molli
1133 3875 1388 3940 nomine
1417 3875 1777 3960 appellare?
1816 3896 2206 3957 quamquam
2235 3874 2304 3937 id
2331 3894 2563 3937 nomen
2592 3869 2823 3934 durius

763 3969 972 4032 test-*enit
1004 3968 1135 4032 iam
1169 3980 1481 4045 vetustas3
1521 3993 1559 4032 a
1593 3970 1933 4054 peregrino
1969 3970 2142 4033 enim
2176 3967 2437 4033 recessit
2468 3977 2531 4030 et
2554 3964 2819 4050 proprie

763 4063 823 4123 in
871 4084 972 4138 ec,
1018 4065 1131 4145 qui
1176 4086 1351 4127 arma
1398 4075 1614 4128 contra
1658 4064 1882 4141 ferret,
1929 4062 2251 4129 remansit.
2341 4083 2489 4126 cum
2532 4080 2686 4125 vero
2734 4055 2824 4122 de
