3292 4559
576 1539 627 1578 u

598 2639 635 2691 8

594 2709 644 2750 15

668 250 799 317 222
1278 259 1357 315 M.
1394 259 1670 317 TULLII
1703 256 2106 314 CICERONIS

667 389 805 455 lum
836 385 974 453 fieri
1008 406 1195 473 posse
1232 382 1408 462 dicit‘,
1442 382 1618 468 quod
1648 392 1762 448 aut
1796 382 1878 448 sit
1912 404 2140 449 verum
2174 392 2287 448 aut
2321 380 2618 450 futurum
2651 384 2732 450 sit

668 506 921 559 verum,
974 493 1068 559 et,
1121 478 1429 565 quicquid
1471 477 1764 546 futurum
1807 477 1920 557 sit,
1971 478 2040 543 id
2085 477 2242 543 dicit
2283 477 2426 544 fieri
2467 501 2732 547 necesse

668 599 839 655 esse,
877 586 973 654 et,
1018 573 1325 659 quicquid
1358 594 1491 638 non
1524 573 1609 639 sit
1642 571 1962 650 futurum,
2005 571 2074 637 id
2107 583 2305 659 negat
2336 572 2477 640 ficri
2509 595 2730 660 posse3

668 683 741 737 tu
792 682 859 737 et
908 691 1075 755 quae
1121 691 1254 734 non
1306 669 1435 733 sint
1475 667 1696 733 futura
1739 688 1928 754 posse
1970 665 2108 732 fieri
2155 666 2345 746 dicis,
2398 679 2472 732 ut
2513 667 2732 755 frangi

667 766 835 831 hanc
868 785 1213 851 gemmam,
1249 762 1442 828 etiam
1478 761 1534 827 si
1568 761 1635 826 id
1669 782 2025 846 numquam
2059 760 2350 828 futurum
2379 762 2479 841 sit,
2513 784 2726 848 neque

666 881 927 926 necesse
961 857 1160 927 fuisse
1190 853 1547 944 Cypselum
1579 877 1851 942 regnare
1884 853 2198 934 Corinthi,
2236 877 2624 941 quamquam
2654 856 2726 923 id

669 953 1045 1021 millensimo
1083 963 1229 1019 ante
1264 974 1434 1018 anno
1468 950 1792 1037 Apollinis
1829 948 2088 1016 oraculo
2124 950 2368 1016 editum
2403 963 2592 1018 esset.
2659 966 2727 1017 at

668 1050 724 1114 si
777 1048 901 1114 ista
944 1046 1371 1134 conprobabis
1427 1044 1646 1112 divina
1696 1043 2054 1131 praedicta,
2109 1055 2176 1111 et
2226 1067 2393 1131 quae
2444 1046 2614 1112 falsa
2660 1046 2729 1112 in

671 1143 902 1210 futuris
946 1143 1240 1208 dicentur
1284 1141 1353 1205 in
1394 1139 1471 1204 iis
1515 1139 1815 1216 habebis,
1867 1149 1939 1204 ut
1983 1161 2063 1204 ea
2103 1139 2243 1206 fieri
2287 1161 2419 1206 non
2459 1140 2729 1226 possint,

676 1239 775 1326 [ut
822 1238 877 1303 si
924 1237 1173 1302 dicatur
1216 1235 1603 1300 Africanum
1645 1233 2054 1320 Karthagine
2097 1234 2450 1322 potiturum
2458 1233 2509 1321 ‚]
2565 1247 2632 1300 et
2673 1236 2733 1300 si

668 1356 818 1400 vere
864 1332 1113 1398 dicatur
1156 1331 1237 1397 de
1282 1330 1499 1396 futuro
1534 1329 1730 1414 idque
1765 1329 1856 1395 ita
1889 1328 2182 1394 futurum
2217 1330 2325 1407 sit,
2371 1331 2546 1396 dicas
2584 1353 2726 1397 esse

668 1427 1128 1503 necessarium3
1180 1447 1347 1509 quae
1391 1435 1489 1492 est
1534 1436 1670 1490 tota
1714 1423 1987 1491 Diodori
2039 1425 2221 1490 vobis
2269 1424 2530 1491 inimica
2577 1447 2730 1490 sen-

670 1522 889 1589 tentia.
976 1521 1209 1588 etenim
1244 1520 1299 1586 si
1340 1519 1501 1587 illud
1537 1542 1687 1586 vere
1722 1519 2139 1587 conectitur‘
2151 1518 2205 1584 si
2245 1517 2487 1585 oriente
2524 1515 2730 1586 Cani-

670 1619 817 1683 cula
848 1626 1037 1682 natus
1070 1638 1162 1692 es,
1196 1615 1265 1679 in
1291 1614 1453 1680 mari
1486 1635 1617 1679 non
1640 1613 1953 1691 moriere,'
1989 1613 2394 1700 primumque
2417 1613 2593 1697 quod
2627 1626 2727 1679 est

667 1713 737 1777 in
772 1732 1015 1777 conexo
1052 1716 1270 1775 ‘natus
1306 1732 1377 1776 es
1411 1709 1656 1775 oriente
1676 1706 2017 1775 Canicula'
2055 1707 2484 1774 necessarium
2516 1719 2614 1774 est
2637 1743 2726 1755 —

669 1806 881 1872 omnia
916 1805 1087 1872 enim
1120 1827 1277 1871 vera
1308 1804 1378 1870 in
1412 1803 1774 1891 praeteritis
1808 1803 2171 1872 necessaria
2207 1813 2374 1881 sunt,
2409 1813 2483 1868 ut
2517 1799 2729 1889 Chry-

669 1902 853 1988 sippo
886 1900 1118 1987 placet,
1154 1899 1551 1966 dissentienti
1586 1923 1626 1964 a
1660 1899 1970 1986 magistro
2009 1895 2358 1975 Cleanthe,
2393 1898 2546 1983 quia
2581 1910 2730 1964 sunt

667 1995 1070 2061 inmutabilia
1127 2017 1248 2060 nec
1310 1995 1378 2059 in
1440 1993 1679 2059 falsum
1738 2017 1777 2061 e
1839 2015 1994 2061 vero
2057 1991 2402 2079 praeterita
2459 2003 2730 2079 possunt

668 2100 1039 2156 convertere
1088 2123 1206 2166 --,
1268 2087 1323 2152 si
1383 2088 1581 2174 igitur
1612 2086 1820 2172 ¹quod
1880 2086 2161 2172 primum
2211 2086 2281 2152 in
2335 2108 2578 2153 conexo
2634 2099 2730 2152 est

668 2183 1099 2250 necessarium
1158 2193 1282 2259 est,
1344 2183 1417 2248 fit
1477 2182 1672 2248 etiam
1723 2182 1901 2268 quod
1969 2182 2384 2265 consequitur
2434 2205 2732 2249 necessa-

668 2278 862 2343 rium:
918 2295 1307 2361 quamquam
1350 2275 1474 2343 hoc
1519 2274 1888 2364 Chrysippo
1931 2297 2061 2341 non
2107 2276 2362 2342 videtur
2405 2278 2620 2344 valere
2661 2276 2732 2342 in
2787 2289 2800 2296 ‘

668 2372 997 2448 omnibus3
1071 2371 1183 2455 sed
1256 2381 1503 2448 tamen,
1572 2371 1628 2436 si
1697 2372 2004 2437 naturalis
2067 2383 2166 2438 est
2228 2394 2424 2438 causa
2487 2394 2602 2438 cur
2662 2373 2731 2437 in

669 2466 835 2533 mari
882 2463 1129 2530 Fabius
1180 2485 1311 2530 non
1361 2464 1699 2543 moriatur,
1751 2465 1821 2530 in
1872 2465 2034 2532 mari
2084 2465 2332 2534 Fabius
2385 2468 2551 2533 mori
2598 2489 2744 2532 non·

670 2571 899 2647 potest.

799 2655 949 2720 Hoc
981 2654 1123 2720 loco
1162 2651 1565 2741 Chrysippus
1601 2666 1903 2722 aestuans
1939 2656 2077 2723 falli
2113 2668 2330 2743 sperat
2366 2655 2729 2725 Chaldaeos

670 2761 1043 2836 ceterosque
1070 2748 1321 2815 divinos
1340 2771 1563 2835 ,neque
1598 2772 1710 2816 eos
1735 2771 1964 2821 usuros
1995 2773 2136 2820 esse
2155 2751 2730 2831 coniunctionibus,

669 2856 745 2909 ut
775 2844 869 2909 ita
902 2867 1020 2910 sua
1053 2854 1357 2929 percepta
1390 2845 1804 2930 pronuntient
1839 2846 1922 2912 ‘si
1955 2847 2099 2931 quis
2133 2857 2322 2914 natus
2358 2859 2456 2914 est
2489 2849 2732 2915 oriente

672 2935 1014 3014 Canicula,
1050 2937 1106 3002 is
1141 2937 1209 3002 in
1243 2939 1405 3004 mari
1439 2961 1571 3006 non
1606 2940 1954 3017 morietur,’
1992 2941 2108 3007 sed
2139 2941 2353 3027 potius
2387 2942 2479 3008 ita
2515 2943 2731 3010 dicant

671 3038 831 3096 ‘non
876 3041 941 3095 et
982 3041 1173 3096 natus
1217 3043 1317 3096 est
1360 3033 1505 3118 quis
1554 3033 1800 3100 oriente
1846 3031 2189 3113 Canicula,
2244 3046 2309 3102 et
2356 3037 2414 3104 is
2458 3037 2527 3101 in
2569 3038 2731 3102 mari

670 3125 1016 3191 morietur.’
1124 3148 1163 3192 o
1214 3127 1538 3193 licentiam
1588 3128 1967 3196 iocularcml
2032 3154 2116 3197 ne
2166 3130 2310 3217 ipse
2369 3131 2608 3198 incidat
2657 3132 2730 3198 in

668 3218 1051 3297 Diodorum,
1088 3219 1276 3286 docet
1304 3218 1687 3300 Chaldaeos,
1715 3245 1843 3308 quo
1874 3235 2065 3310 pacto
2092 3247 2202 3291 eos
2230 3248 2548 3313 exponere
2580 3249 2730 3312 per-

668 3325 857 3400 cepta
891 3325 1199 3401 oporteat..
1287 3337 1529 3400 quaero
1564 3317 1765 3396 enim,
1801 3319 1856 3385 si
1894 3316 2207 3387 Chaldaei
2238 3321 2330 3387 ita
2362 3322 2729 3405 loquantur,

668 3420 742 3486 ut
776 3409 1147 3496 negationes
1182 3408 1576 3476 infinitarum
1605 3412 2124 3480 coniunctionum
2157 3415 2376 3502 potius
2401 3437 2598 3502 quam
2629 3415 2731 3482 in—

667 3503 850 3568 finita
884 3525 1129 3570 conexa
1170 3515 1443 3592 ponant,
1500 3527 1615 3572 cur
1648 3506 1821 3573 idem
1863 3508 2125 3586 medici,
2181 3531 2296 3576 cur
2338 3522 2726 3597 geometrae,

668 3619 785 3664 cur
825 3597 1054 3684 reliqui
1099 3598 1313 3666 facere
1356 3621 1487 3666 non
1529 3601 1812 3687 possint?
1858 3604 2145 3670 medicus
2179 3604 2250 3672 in
2295 3605 2518 3691 primis
2556 3606 2732 3690 quod

669 3692 791 3758 erit
822 3692 884 3757 ei
914 3703 1322 3778 perspectum
1356 3693 1425 3760 in
1459 3706 1594 3761 arte
1629 3719 1760 3761 non
1793 3696 1883 3761 ita
1916 3711 2231 3784 proponet
2265 3699 2351 3764 ‘si
2385 3700 2492 3766 cui
2527 3706 2731 3767 venae

670 3786 763 3851 sic
788 3798 1148 3867 moventur,
1182 3787 1237 3854 is
1272 3787 1467 3854 habet
1492 3789 1766 3867 febrim,'
1803 3792 1920 3858 sed
1952 3792 2167 3878 potius
2201 3793 2314 3860 illo
2341 3793 2534 3858 modo
2571 3800 2733 3860 ‘non

670 3894 726 3946 et
760 3881 819 3946 ei
854 3901 1057 3948 venae
1092 3882 1185 3948 sic
1219 3896 1587 3962 moventur,
1624 3895 1690 3950 et
1723 3886 1776 3950 is
1812 3886 2045 3952 febrim
2079 3910 2209 3954 non
2243 3886 2480 3955 habet.'
2545 3889 2732 3954 item-

670 3997 799 4060 que
840 3989 1201 4062 geometres
1244 4002 1375 4045 non
1417 3979 1509 4048 ita
1552 3981 1722 4047 dicet
1774 3982 1872 4047 ‘in
1915 3983 2188 4068 sphaera
2231 3983 2497 4050 maximi
2525 3985 2730 4050 orbes

668 4068 865 4133 medii
900 4069 1065 4138 inter
1096 4095 1167 4140 se
1204 4074 1625 4152 dividuntur-J
1673 4074 1786 4141 sed
1829 4077 2042 4163 potius
2076 4078 2187 4144 illo
2221 4078 2416 4146 modo
2461 4084 2624 4144 ‘non
2671 4083 2736 4143 et
