3292 4559
629 2871 697 2925 11

637 3360 689 3401 87

737 284 868 349 274
1102 259 1107 270 ’
1347 292 1424 347 Μ.
1462 290 1737 349 TULLII
1772 289 2172 347 memoras

735 421 839 486 vel
872 429 941 485 ut
987 442 1120 485 non
1163 418 1337 484 idem
1382 418 1714 504 expediret
1756 416 2036 483 incidere
2080 438 2301 503 saepe,
2355 416 2461 484 vel
2494 426 2571 483 ut
2611 418 2693 487 de
2728 440 2799 487 re

734 514 996 602 publica
1036 538 1167 580 non
1210 515 1383 579 idem
1419 514 1788 590 sentiretur3
1832 512 2075 577 mutari
2105 512 2298 577 etiam
2333 534 2545 579 mores
2592 514 2798 582 homi-

734 632 892 673 num
929 631 1119 696 saepe
1155 608 1438 685 dicebat,
1475 609 1631 673 alias
1670 607 1954 672 adversis
1989 606 2213 684 rebus,
2260 606 2417 673 alias
2453 617 2663 675 aetate
2698 609 2801 673 in-

736 713 1170 791 gravescente.
1271 712 1464 787 atque
1510 724 1733 767 earum
1776 723 1991 767 rerum
2038 703 2426 788 exemplum‘
2451 724 2534 768 ex
2576 703 2800 768 simili-

734 796 953 862 tudine
990 796 1286 883 capiebat
1328 796 1606 862 ineuntis
1652 795 1907 873 aetatis,
1961 797 2137 881 quod
2172 797 2405 860 summi
2447 818 2797 883 puerorum

737 914 987 957 amores
1036 914 1227 978 saepe
1272 914 1403 957 una
1445 913 1593 957 cum
1638 901 1971 977 praetexta
2014 900 2169 977 toga
2220 902 2638 976 ponerentur;
2688 893 2795 956 sin

737 996 954 1051 autem
1000 987 1082 1051 ad
1128 986 1628 1051 adulescentiam
1676 985 2151 1071 perduxissent,
2201 985 2413 1050 dirimi
2448 997 2663 1052 tamen
2691 987 2798 1051 in-

737 1083 989 1149 terdum
1027 1082 1432 1149 contentione
1467 1084 1570 1147 vel
1606 1082 1869 1146 uxoriae
1906 1080 2293 1145 condicionis
2327 1080 2433 1146 vel
2479 1082 2797 1147 commodi

738 1177 1037 1253 alicuine,
1093 1178 1265 1259 quod
1300 1176 1471 1241 idem
1519 1176 1786 1261 adipisci
1821 1185 2089 1258 uterque
2124 1196 2255 1239 non
2297 1186 2530 1261 posset.
2620 1175 2799 1261 quod

737 1272 791 1335 si
841 1272 950 1354 qui
996 1271 1248 1357 longius
1293 1271 1362 1335 in
1409 1271 1691 1336 amicitia
1735 1270 2021 1356 provecti
2058 1280 2324 1346 essent,
2352 1280 2564 1335 tamen
2598 1293 2798 1356 saepe

733 1364 1125 1439 labefactari,
1153 1366 1206 1428 si
1233 1365 1301 1429 in
1326 1364 1584 1431 honoris
1616 1365 2089 1430 contentionem
2114 1363 2477 1428 incidissent
2486 1388 2504 1441 3
2540 1375 2799 1450 pestem

735 1458 905 1521 enim
949 1458 1193 1521 nullam
1237 1458 1544 1525 maiorem
1590 1482 1731 1524 esse
1776 1459 2071 1523 amicitiis
2124 1480 2318 1542 quam
2361 1459 2429 1522 in
2470 1458 2800 1544 plerisque

735 1552 1044 1637 pecuniae
1082 1553 1525 1639 cupiditatem,
1570 1554 1640 1617 in
1674 1554 1929 1639 optimis
1967 1553 2331 1637 quibusque
2365 1552 2623 1618 honoris
2659 1575 2801 1619 cer-

627 1699 638 1703 -
736 1656 951 1711 tamen
986 1657 1051 1711 et
1079 1647 1351 1733 gloriae,
1387 1670 1468 1713 ex
1503 1668 1631 1731 quo
1660 1647 2023 1712 inimicitias
2061 1646 2373 1712 maximas
2401 1651 2595 1733 saepe
2629 1648 2801 1713 inter

739 1740 1156 1805 amicissimos
1193 1742 1526 1807 exstitisse.
1615 1764 1854 1828 magna
1890 1742 2085 1805 etiam
2113 1740 2380 1806 discidia
2413 1751 2481 1807 et
2512 1742 2801 1827 plerum-

736 1855 862 1919 que
896 1836 1064 1900 iusta
1089 1835 1286 1913 nasci,
1325 1858 1472 1911 cum
1502 1835 1745 1919 aliquid
1781 1836 1862 1899 ab
1891 1835 2139 1912 amicis,
2177 1834 2352 1917 quod
2384 1845 2634 1900 rectum
2670 1858 2804 1899 non

735 1939 933 2007 esset,
985 1930 1444 2015 postularetur,
1499 1940 1572 1995 ut
1607 1939 1720 1994 aut
1758 1928 2040 1994 libidinis
2085 1928 2360 1993 ministri
2396 1938 2509 1993 aut
2544 1928 2802 1995 adiuto-

733 2046 836 2089 res
889 2035 1105 2089 essent
1155 2025 1239 2089 ad
1287 2023 1611 2108 iniuriam,
1668 2022 1842 2107 quod
1888 2022 1999 2107 qui
2043 2033 2442 2100 recusarent,
2498 2024 2802 2108 quamvis

734 2116 1000 2185 honeste
1035 2119 1104 2183 id
1138 2118 1450 2197 facerent,
1495 2120 1594 2184 ius
1631 2128 1847 2183 tamen
1882 2117 2199 2181 amicit-iae
2236 2117 2528 2182 deserere
2566 2140 2805 2205 argue-

733 2223 956 2276 rentur
1001 2213 1083 2277 ab
1127 2212 1236 2289 iis,
1289 2214 1523 2295 quibus
1561 2212 1828 2296 obsequi
1872 2212 2142 2289 nollent;
2194 2212 2337 2275 illos
2382 2223 2629 2289 autem,
2694 2213 2805 2297 qui

735 2305 991 2387 quidvis
1037 2304 1121 2369 ab
1166 2306 1373 2371 amico
1419 2307 1726 2371 auderent
1770 2306 2123 2392 postulare,
2175 2305 2603 2391 postulatione
2658 2308 2804 2394 ipsa

733 2398 1017 2483 profiteri
1051 2400 1265 2464 omnia
1299 2422 1369 2465 se
1405 2401 1593 2465 amici
1622 2422 1817 2465 causa
1852 2424 1992 2466 esse
2027 2401 2339 2477 facturos3
2378 2422 2601 2465 eorum
2636 2424 2804 2485 que-

733 2492 892 2556 rella
927 2492 1281 2558 inveterata
1314 2515 1444 2557 non
1478 2495 1671 2558 modo
1707 2494 2171 2560 familiaritates
2210 2494 2531 2581 exstingui
2567 2497 2800 2572 solere,

734 2586 848 2651 sed
896 2586 1042 2650 odia
1087 2587 1279 2651 etiam
1323 2587 1504 2673 gigni
1557 2588 1969 2675 sempiterna:
2024 2588 2183 2654 haec
2227 2588 2319 2653 ita
2361 2589 2564 2653 multa
2607 2591 2804 2673 quasi

733 2680 868 2746 fata
930 2680 1276 2768 inpendere
1338 2682 1661 2761 amicitiiS,
1735 2694 1807 2746 ut
1869 2683 2082 2749 omnia
2143 2682 2590 2767 subterfugere
2664 2708 2802 2749 non

732 2777 924 2841 modo
962 2776 1326 2861 sapientiae,
1366 2777 1477 2842 sed
1515 2777 1707 2842 etiam
1742 2777 2062 2843 felicitatis
2102 2777 2341 2843 diceret
2376 2779 2498 2843 sibi
2532 2778 2765 2844 videri.

863 2870 1080 2954 Quam
1126 2871 1210 2936 ob
1255 2894 1391 2937 rem
1424 2871 1494 2936 id
1528 2872 1806 2958 primum
1842 2872 2207 2951 videamus,
2252 2872 2312 2937 si
2348 2872 2586 2958 placet,
2634 2894 2802 2958 qua-

665 2942 919 3030 ⁶tenus
956 2988 1134 3029 amor
1168 2967 1236 3030 in
1271 2967 1552 3032 amicitia
1586 2968 1885 3054 progredi
1923 2968 2171 3033 debeat.
2260 2990 2528 3044 numne,
2566 2967 2623 3033 si
2662 2966 2799 3034 Co-

731 3058 1013 3123 riolanus
1068 3059 1294 3125 habuit
1348 3062 1614 3139 amicos,
1668 3061 1835 3127 ferre
1879 3072 2099 3126 contra
2149 3061 2423 3146 patriam
2467 3083 2647 3127 arma
2704 3063 2799 3128 illi

733 3174 881 3216 cum
927 3150 1272 3220 Coriolano
1318 3155 1717 3220 debuerunt?
1774 3178 1931 3219 num
1973 3156 2394 3221 Viscellinum
2449 3156 2641 3221 amici
2695 3180 2799 3223 re-

731 3268 935 3332 gnum
1001 3249 1435 3334 adpetentem,
1497 3270 1655 3312 num
1717 3248 2032 3313 Maelium
2102 3250 2461 3314 debuerunt
2527 3250 2797 3316 iuvare?

733 3341 1066 3407 Tiberium
1113 3342 1374 3427 quidem
1411 3340 1782 3408 Gracchum
1824 3367 1962 3409 rem
2004 3343 2327 3429 publicam
2373 3354 2718 3409 vexantem
2755 3368 2796 3409 a

733 3434 818 3519 Q.
865 3436 1208 3504 Tuberone
1273 3436 1775 3522 aequalibusque
1828 3439 2047 3503 amicis
2102 3438 2474 3504 derelictum
2526 3438 2793 3504 videba-

731 3555 894 3597 mus.
985 3544 1051 3597 at
1088 3530 1165 3597 C.
1203 3532 1492 3614 Blossius
1532 3527 1895 3609 Cumanus,
1931 3531 2164 3619 hospes
2199 3531 2481 3598 familiae
2514 3542 2787 3609 vestrae,

733 3623 1077 3703 Scaevola,
1124 3648 1272 3689 cum
1308 3626 1390 3688 ad
1425 3646 1557 3700 me,
1606 3626 1778 3707 quod
1817 3628 2076 3691 aderam
2110 3626 2387 3692 Laenati
2432 3639 2495 3692 et
2525 3625 2791 3711 Rupilio

732 3718 1100 3783 consulibus
1135 3718 1202 3781 in
1237 3716 1499 3782 consilio
1507 3765 1528 3795 ,
1566 3718 1978 3805 deprecatum
2014 3721 2319 3799 venisset,
2357 3720 2523 3785 hanc
2556 3733 2629 3786 ut
2663 3720 2795 3784 sibi

731 3812 1130 3896 ignoscerem
1167 3833 1428 3877 causam
1463 3812 1824 3887 adferebat,
1871 3816 2043 3898 quod
2078 3815 2239 3880 tanti
2273 3814 2377 3880 Ti.
2417 3813 2794 3881 Gracchum

731 3905 1015 3981 fecisset,
1068 3916 1142 3971 ut
1185 3906 1510 4029 quicquid·
1543 3909 1651 3974 ill'e
1695 3910 1888 3975 vellet
1934 3910 2057 3974 sibi
2101 3910 2470 3975 faciendum
2511 3919 2790 3995 putaret.

731 4007 871 4061 tum
916 4020 1038 4085 ego
1092 4000 1437 4079 ‘etiamne,’
1491 4002 1757 4085 inquam
1810 4003 1896 4067 ‘si
1941 4012 2004 4069 te
2056 4003 2125 4069 in
2170 4001 2559 4090 Capitolium
2612 4003 2792 4069 faces

731 4088 897 4155 ferre
949 4094 1206 4161 velletP’
1271 4096 1682 4180 ‘numquam'
1734 4096 1944 4182 inquit
1997 4099 2332 4165 ‘voluisset
2383 4097 2452 4162 id
2504 4097 2789 4183 quidem,
