3292 4559
589 279 625 302 ὀ
1064 217 1174 274 nn
1210 215 1539 274 ormcns
1572 217 1682 272 111.
1719 219 1961 274 41—48.
2036 182 2040 190 ’
2455 210 2538 276 91

464 354 521 418 si
558 345 787 416 omnia
818 339 1115 410 facienda
1148 341 1303 418 sint,
1350 362 1515 425 quae
1562 340 1751 408 amici
1785 342 2013 420 velint,
2057 365 2190 410 non
2223 346 2549 414 amicitiae

461 447 633 511 tales
646 491 665 521 ,
733 439 849 507 sed
912 437 1379 518 coniurationes
1432 435 1760 524 putandae
1813 437 1958 502 sint.
2043 438 2273 523 loquor
2325 451 2539 508 autem
2577 463 2628 504 45

464 542 549 606 de
602 535 1053 604 communibus
1098 532 1423 610 amicitiis;
1476 555 1630 598 nam
1671 532 1742 598 in
1775 533 2170 620 sapientibus
2207 536 2360 602 viris
2393 559 2540 624 per-

460 634 789 718 fectisque
830 629 989 695 nihil
1028 639 1243 716 potest
1286 647 1427 694 esse
1467 628 1619 694 tale.
1707 627 2074 694 Damonem
2109 639 2174 696 et
2205 631 2538 698 Phintiam

462 729 925 816 Pythagoreos
968 725 1185 790 ferunt
1227 725 1351 790 hoc
1398 724 1609 788 animo
1655 723 1824 790 inter
1859 747 1928 792 se
1959 724 2194 804 fuisse,
2235 738 2341 806 ut,
2389 751 2538 794 cum

465 845 700 891 eorum
766 820 947 886 alteri
998 818 1355 905 Dionysius
1418 830 1730 904 tyrannus
1791 817 1964 886 diem
2024 820 2198 886 necis
2257 821 2538 888 destina·-

463 919 671 984 visset
716 927 783 982 et
824 915 880 980 is
893 963 912 994 ,
958 913 1069 998 qui
1112 913 1305 978 morti
1336 912 1631 978 addictus
1669 923 1866 990 esset,
1913 934 2152 999 paucos
2191 913 2326 982 dies
2363 935 2539 982 com-

460 1009 986 1079 mendandorum
1020 1029 1282 1073 suorum
1318 1029 1515 1074 causa
1546 1007 2026 1094 postulavisset,
2060 1031 2177 1074 vas
2211 1009 2420 1076 factus
2455 1010 2539 1076 sit

460 1109 635 1172 alter
664 1105 811 1172 eius
846 1103 1107 1170 sistendi
1120 1149 1140 1180 ,
1176 1113 1276 1181 ut,
1312 1103 1367 1168 si
1400 1103 1507 1168 ille
1540 1123 1672 1168 non
1707 1103 2102 1181 revertisset,
2135 1104 2538 1170 moriendum

460 1209 645 1267 esset
695 1197 853 1284 ipsi:
914 1197 1027 1280 qui
1078 1218 1227 1262 cum
1276 1197 1365 1262 ad
1416 1196 1589 1262 diem
1644 1219 1714 1262 se
1763 1197 2130 1284 recepisset,
2185 1197 2536 1266 admiratus

462 1317 699 1362 eorum
734 1293 928 1358 fidem
960 1301 1273 1377 tyrannus
1306 1291 1536 1378 petivit
1566 1301 1642 1356 ut
1675 1313 1746 1358 se
1779 1291 1866 1357 ad
1896 1292 2241 1358 amicitiam
2275 1293 2536 1360 tertium

462 1389 885 1456 ascriberent.
974 1407 1122 1452 cum
1164 1385 1367 1472 igitur
1404 1384 1505 1462 id,
1558 1386 1734 1469 quod
1775 1386 1932 1452 utile
1975 1386 2230 1452 videtur
2273 1387 2342 1452 in
2375 1387 2535 1452 ami-
2570 1406 2624 1446 ιε

462 1483 652 1560 citia,
709 1502 856 1546 eum
909 1501 1017 1558 ec,
1068 1478 1244 1564 quod
1285 1478 1628 1546 honestum
1673 1492 1800 1558 est,
1845 1492 2283 1568 eomparatur,
2329 1481 2536 1548 iaceat

460 1576 763 1644 utilitatis
810 1575 1053 1664 species
1066 1623 1084 1652 ,
1141 1574 1353 1640 valeat
1407 1574 1710 1640 honestas
1721 1599 1740 1652 3
1811 1597 1960 1641 cum
2005 1586 2222 1642 autem
2265 1577 2334 1642 in
2377 1577 2536 1642 ami·-

463 1674 625 1740 citia
678 1693 844 1756 quae
894 1669 1165 1736 honesta
1216 1691 1347 1734 non
1400 1680 1552 1734 sunt
1600 1671 2128 1758 postulabuntur,
2189 1670 2415 1756 religio
2471 1666 2556 1736 et'

408 1817 419 1822 -
460 1769 632 1834 fides
679 1773 1104 1852 anteponatur
1145 1762 1489 1830 amicitiae:
1544 1763 1637 1830 sie
1679 1763 2021 1830 habebitur
2061 1763 2150 1842 is,
2193 1785 2388 1850 quem
2423 1787 2536 1832 ex-

466 1861 805 1947 quirimus,
840 1859 1111 1924 dilectus
1146 1858 1363 1924 officii.

602 1953 739 2020 Sed
780 1953 1067 2018 utilitatis
1114 1952 1327 2040 specie
1368 1952 1439 2017 in
1481 1973 1551 2018 re
1596 1951 1858 2038 publica
1901 1952 2270 2040 saepissime
2305 1975 2533 2039 pecca·
2565 1967 2634 2022 11

457 2062 605 2126 tur,
658 2059 733 2114 ut
782 2048 851 2113 in
904 2045 1199 2113 Corinthi
1252 2045 1714 2113 disturbatione
1763 2047 1999 2125 nostri3
2063 2047 2288 2114 durius
2341 2048 2536 2115 etiam

465 2143 926 2219 Athenienses,
963 2142 1077 2226 qui
1110 2141 1435 2208 sciverunt
1469 2151 1542 2206 ut
1574 2141 1938 2228 Aeginetis,
1973 2141 2088 2226 qui
2121 2142 2326 2207 classe
2359 2143 2534 2209 vale·-

464 2241 647 2316 bant,
683 2237 945 2325 pollices
966 2236 1519 2323 praeciderentur.
1589 2236 1714 2302 hoc
1747 2236 1958 2303 visum
1992 2248 2092 2303 est
2121 2237 2277 2304 utile
2288 2262 2307 2315 3
2343 2236 2532 2304 nim-is

466 2335 643 2400 enim
686 2331 1065 2399 imminebat
1104 2343 1364 2418 propter
1404 2331 1950 2418 propinquitatem
1983 2331 2244 2418 Aegina
2275 2331 2531 2409 Piraeo.

468 2429 587 2495 sed
638 2427 797 2492 nihil
850 2426 1023 2510 quod
1077 2427 1335 2493 crudele
1377 2425 1534 2492 utile
1545 2450 1564 2504 3
1620 2438 1718 2492 est
1763 2425 1937 2494 enim
1979 2425 2312 2492 hominum
2345 2438 2534 2493 natu·-
2605 2476 2612 2479 -

464 2546 610 2600 rae,
663 2540 859 2606 quam
910 2521 1095 2606 sequi
1148 2520 1488 2598 debemus,
1542 2521 1822 2588 maxime
1865 2521 2126 2588 inimica
2170 2521 2530 2590 crudelitas.

464 2617 641 2682 male
683 2615 877 2682 etiam
918 2615 1032 2700 qui
1076 2615 1447 2701 peregrinos
1482 2617 1752 2681 urbibus
1788 2615 1884 2681 uti
1917 2617 2258 2703 prohibent
2293 2638 2531 2702 eosque
2566 2638 2617 2678 ιτ

468 2709 927 2787 exterminant,
987 2719 1063 2774 ut
1110 2709 1378 2776 Pennus
1442 2711 1617 2796 apud
1671 2722 1888 2795 patres
1923 2721 2192 2776 nostros
2204 2757 2224 2788 ,
2284 2708 2531 2795 Papius
2705 2713 2708 2719 ’

467 2827 693 2892 nuper.
778 2825 933 2868 nam
968 2825 1109 2870 esse
1144 2824 1261 2889 pro
1298 2805 1473 2880 cive,
1510 2804 1623 2888 qui
1659 2804 1818 2870 civis
1849 2825 1983 2868 non
2017 2803 2120 2880 sit,
2153 2813 2402 2870 rectum
2436 2813 2534 2868 est

467 2921 601 2964 non
642 2899 868 2976 licere,
914 2918 1111 2983 quam
1154 2899 1367 2984 legem
1414 2898 1700 2964 tulerunt
1745 2896 2196 2982 sapientissimi
2239 2897 2531 2962 consules

470 2991 750 3060 Crassus
796 3003 859 3059 et
892 2991 1239 3060 Scaevola·
1296 3015 1421 3058 usu
1467 3013 1621 3059 vero
1655 2991 1838 3058 urbis
1874 2990 2212 3078 prohibere
2247 2991 2532 3078 peregri-

468 3109 586 3153 nos
650 3109 809 3154 sane
868 3087 1291 3154 inhumanum
1356 3099 1472 3154 est.
1578 3085 1692 3152 illa
1749 3086 2112 3172 praeclara,
2173 3085 2244 3151 in
2295 3086 2530 3172 quibus

470 3181 768 3269 publicae
830 3181 1119 3246 utilitatis
1182 3181 1429 3268 species
1490 3203 1647 3268 prae
1700 3180 2036 3248 honestate
2085 3181 2530 3248 contemnitur.

468 3277 662 3362 plena
726 3275 1165 3362 exemplorum
1228 3286 1327 3342 est
1374 3285 1595 3340 nostra
1646 3297 1750 3342 res
1803 3275 2062 3362 publica
2111 3296 2264 3341 cum
2317 3297 2530 3360 saepe,

467 3383 607 3436 tum
638 3369 919 3436 maxime
956 3369 1125 3436 bello
1160 3369 1411 3436 Punico
1448 3369 1752 3447 secundo,
1787 3390 1956 3453 quae
1993 3367 2322 3434 Cannensi
2357 3369 2528 3434 cala-

468 3465 691 3530 mitate
750 3474 1017 3550 accepta
1069 3465 1343 3530 maiores
1394 3463 1641 3530 animos
1695 3463 1922 3530 habuit
1973 3483 2170 3548 quam
2221 3483 2529 3546 umquam

469 3559 661 3626 rebus
714 3558 1044 3624 secundis:
1096 3559 1279 3624 nulla
1318 3557 1563 3623 timoris
1610 3557 1992 3645 significatio
2003 3604 2022 3635 ,
2067 3558 2248 3622 nulla
2287 3556 2530 3628 mentio

470 3651 665 3738 pacis.
752 3663 933 3718 tanta
982 3653 1083 3718 vis
1134 3663 1233 3720 est
1282 3652 1562 3730 honesti,
1615 3664 1692 3718 ut
1738 3652 2021 3740 speciem
2073 3651 2363 3718 utilitatis
2415 3653 2530 3716 ob·-

471 3757 699 3814 scuret.
770 3747 1205 3815 Athenienses
1240 3769 1390 3814 cum
1414 3746 1762 3814 Persarum
1790 3747 2104 3833 impetum
2131 3746 2307 3810 nullo
2333 3744 2527 3810 modo
2561 3767 2616 3807 ιε

472 3851 730 3926 possent
773 3841 1091 3908 sustinere
1131 3851 1613 3928 statuerentque
1646 3851 1721 3907 ut
1756 3841 1918 3908 urbe
1952 3841 2194 3919 relicta,
2240 3840 2528 3925 coniugi-

471 3936 593 4000 bus
644 3947 709 4002 et
758 3935 979 4004 liberis
1023 3937 1353 4004 Troezene
1407 3936 1714 4024 depositis
1727 3985 1746 4015 ,
1799 3936 1984 4002 navis
2031 3934 2530 4003 conscenderent

472 4029 963 4116 libertatemque
1023 4029 1339 4104 Graeciae
1408 4032 1612 4101 classe
1683 4029 2130 4109 defenderent,
2201 4025 2529 4116 Cyrsilum
