3292 4559
121 5 166 37 Γ·
238 19 252 74 ¹
322 41 326 116 y

161 46 216 265 ἔι
321 134 325 228 ÷
460 48 473 328 1

121 355 129 397 ἢ,
190 20 270 490 Md
323 253 325 325 j
441 330 469 376 ,1
903 289 1031 354 10:²3
1509 294 1901 353 M.TULL11
1936 292 2338 352 οιοΕιιοΝιε
2465 348 2471 351 .
2548 348 2559 352 ,

187 486 191 505 ,
465 422 473 501 ‘s
903 423 1081 510 quod
1137 431 1241 488 est
1287 437 1508 487 contra
1568 429 1893 496 naturam,
1954 417 2025 487 id
2074 417 2271 483 habet
2322 415 2455 481 vim
2506 416 2923 484 interemendi
2936 444 2956 484 ε

121 512 141 533 ”
210 504 255 597 J*
466 521 470 598 ξ
808 542 856 582 34
903 509 1092 584 omne
1141 536 1296 603 ergo
1342 513 1579 580 animal
1626 514 1897 579 intereat
1946 534 2209 578 necesse
2262 521 2377 578 est.
2466 511 2961 579 innumerabilia

903 624 1077 691 sunt,
1115 634 1198 678 ex
1231 611 1465 695 quibus
1501 607 1671 674 effici
1707 607 1979 694 cogique
2013 607 2215 692 possit
2248 606 2408 672 nihil
2435 629 2576 674 esse
2600 607 2777 691 quod
2810 630 2976 673 sen--

476 750 477 755 ι
903 730 1045 771 sum
1087 706 1323 771 habeat
1365 704 1519 788 quin
1552 702 1622 767 id
1665 701 1964 778 intereat3
2010 700 2247 765 etenim
2282 723 2361 766 ea
2393 700 2563 787 ipsa,
2609 722 2777 785 quae
2810 725 2967 768 sene

185 789 190 815 ‘
250 800 273 853 ι’
466 821 477 860 ι
903 806 1174 876 tiuntur,
1226 809 1298 864 ut
1341 798 1576 884 frigus,
1629 807 1706 861 nt
1751 797 1953 872 calor,
2004 804 2080 860 ut
2122 794 2445 881 voluptas,
2498 805 2573 861 ut
2623 796 2831 874 dolor,
2883 808 2959 862 ut

471 898 478 919 ⁸
907 910 1130 973 cetera,
1168 915 1315 960 cum
1351 892 1740 978 amplificata
1774 900 1953 967 sunt,
1986 889 2391 966 interemunt,
2425 912 2547 956 nec
2579 891 2786 956 ullum
2820 892 2961 958 ani-
3162 807 3169 1056 1

903 991 1028 1054 mal
1073 1000 1169 1056 est
1214 989 1351 1055 sinc
1395 1010 1617 1054 sensu.
1663 986 1915 1051 nullum
1956 984 2155 1070 igitur
2189 984 2427 1049 animal
2470 994 2801 1051 aeternum
2836 998 2953 1052 est.

803 1102 867 1154 14
903 1085 1134 1150 etenim
1169 1095 1282 1149 aut
1326 1082 1600 1169 simplex
1634 1093 1732 1147 est
1776 1090 2009 1145 natura
2042 1079 2412 1156 animantis,
2456 1091 2531 1144 ιιι
2564 1080 2669 1145 vel
2704 1089 2964 1146 terrena

903 1182 983 1242 sit.
1016 1178 1119 1244 vel
1160 1178 1356 1265 ignea
1389 1176 1493 1244 vel
1538 1175 1833 1242 animalis
1864 1175 1971 1240 vel
2012 1173 2263 1251 umida,
2314 1173 2489 1258 quod
2521 1175 2717 1258 quale
2748 1174 2831 1239 sit
2869 1196 2958 1241 ne

900 1273 1185 1358 intellegi
1221 1272 1483 1357 quidem
1516 1280 1748 1356 potest,
1785 1280 1897 1335 ant
1931 1279 2229 1335 concreta
2255 1291 2338 1335 ex
2371 1269 2663 1355 pluribus
2687 1269 2960 1348 naturis,

903 1389 1176 1450 quarum
1219 1387 1408 1432 suum
1465 1387 1761 1450 quaeque
1811 1364 2023 1430 locum
2074 1363 2344 1441 habeat,
2390 1384 2520 1449 quo
2572 1376 2837 1432 naturae
2888 1366 2964 1430 vi.

903 1466 1163 1538 ihi-atur,
1200 1461 1326 1525 alia
1353 1460 1677 1536 infimum,
1724 1458 1852 1524 alia
1882 1481 2234 1537 summum,
2280 1459 2406 1524 alia
2438 1460 2750 1527 medium·
2794 1458 2958 1526 haec

903 1554 987 1618 ad
1027 1554 1352 1638 quoddam
1397 1565 1652 1640 tempus
1700 1552 2037 1619 cohaerere
2089 1563 2387 1639 possunt,
2440 1575 2691 1640 semper
2741 1562 2958 1618 antem

903 1649 1078 1713 nullo
1111 1649 1302 1713 modo
1344 1658 1639 1734 possunt3
1683 1669 1947 1713 necesse
1980 1658 2077 1714 est
2123 1647 2296 1714 enim
2326 1647 2395 1711 in
2430 1670 2618 1712 suum
2662 1668 2965 1732 quaeque

903 1742 1116 1806 lucum
1146 1752 1376 1807 natura
1418 1742 1731 1827 rapiatur:
1774 1742 2022 1808 nullum
2062 1742 2260 1828 igitur
2303 1740 2537 1807 animal
2582 1752 2681 1807 est
2723 1741 2965 1851 sempi-

807 1862 859 1902 ιι
903 1850 1173 1902 ternum.
1261 1836 1374 1902 sed
1409 1832 1624 1901 omnia
1658 1836 1878 1913 vestri,
1910 1836 2137 1912 Balbe,
2178 1835 2384 1901 solent
2417 1834 2553 1900 ad'
2533 1858 2791 1922 igneam
2823 1836 2960 1900 vim

903 1930 1167 2007 referre,
1202 1931 1625 2009 Heraclitum,
1679 1941 1754 1996 ut
1786 1930 2041 2016 opinor,
2096 1939 2463 2012 sequentes,
2517 1949 2711 2012 quem
2744 1930 2958 2015 ipsum

903 2022 1062 2110 [non
1111 2047 1334 2091 omnes
1385 2026 1886 2112 interpretantur
1944 2047 2077 2089 uno
2127 2020 2354 2109 modo]
2368 2070 2386 2100 ,
2445 2023 2751 2107 quoniam
2800 2023 2958 2108 quid

903 2118 1140 2185 [liceret
1171 2119 1459 2205 intellegi
1493 2120 1729 2197 noluit,
1766 2119 2164 2184 omittamus=
2201 2139 2316 2183 vos
2351 2127 2569 2182 autem
2599 2118 2696 2182 ita
2726 2117 2961 2194 dicitis,

903 2234 1154 2277 omnem
1188 2213 1319 2277 vim
1355 2235 1494 2278 esse
1526 2212 1808 2298 igneam,
1843 2214 2061 2297 itaque
2096 2222 2160 2277 et
2194 2210 2561 2288 animantis,
2600 2231 2746 2276 cum
2784 2212 2966 2276 calor

903 2305 1224 2382 defecerit,
1260 2317 1400 2371 tum
1433 2307 1689 2373 interire
1720 2318 1782 2374 et
1816 2307 1885 2372 in
1912 2306 2089 2371 omni
2120 2317 2348 2371 natura
2374 2328 2589 2371 rerum
2622 2304 2691 2369 id
2718 2306 2960 2383 vivere,

900 2402 967 2462 id
1017 2400 1265 2484 vigere,
1317 2400 1491 2483 quod
1543 2401 1750 2466 caleat
1757 2426 1777 2478 3
1831 2422 1956 2487 ego
1999 2411 2217 2466 autem
2258 2422 2390 2465 non
2440 2398 2774 2485 intellege,
2825 2421 2960 2484 quo

903 2491 1092 2555 modo
1138 2492 1346 2558 calore
1400 2491 1710 2558 exstincto
1754 2515 2021 2580 corpora
2070 2493 2415 2570 intereant,
2458 2515 2590 2558 non
2639 2492 2956 2559 intereant

904 2605 1124 2650 umore
1150 2596 1261 2650 aut
1295 2583 1522 2671 spiritu
1548 2586 1803 2662 amisse,
1837 2587 2213 2672 praesertim
2239 2608 2391 2652 cum
2413 2587 2729 2652 intereant
2762 2587 2959 2652 etiam

795 2702 843 2738 :m
903 2677 1096 2743 nimio
1133 2679 1362 2745 calore.
1453 2701 1648 2765 quam
1684 2679 1770 2745 ob
1802 2702 1939 2746 rem
1972 2680 2039 2744 id
2074 2680 2333 2765 quidem
2369 2701 2707 2748 commune
2742 2691 2839 2746 est
2873 2682 2968 2746 de

903 2772 1134 2850 calid03
1170 2796 1395 2839 verum
1429 2784 1646 2840 tamen
1681 2773 2013 2840 videamus
2041 2775 2312 2840 exitum:
2348 2775 2439 2840 ita
2464 2774 2672 2852 voltis,
2705 2774 2962 2861 opinor,

903 2867 1057 2931 nihil
1109 2891 1250 2933 esse
1303 2867 1579 2935 animale
1637 2868 2017 2934 intrinsecus
2067 2869 2136 2934 in
2186 2879 2417 2934 natura
2468 2879 2660 2952 atque
2712 2869 2962 2935 mundo

903 2971 1156 3046 praeter
1188 2961 1427 3046 ignem.
1515 2962 1626 3046 qui
1662 2963 1870 3050 magis
1905 2983 2101 3048 quam
2133 2974 2392 3049 praeter
2426 2963 2737 3041 animam,
2781 2962 2959 3029 unde

903 3053 1319 3119 animantium
1353 3076 1611 3139 quoque
1647 3067 1893 3123 constet
1929 3057 2211 3135 animus,
2246 3079 2327 3122 ex
2362 3077 2491 3141 quo
2527 3058 2763 3122 animal
2798 3057 2965 3123 dici·—

903 3147 1043 3211 tur?
1078 3169 1207 3232 quo
1239 3149 1432 3215 modo
1458 3160 1675 3216 autem
1708 3150 1831 3216 hoc
1860 3151 2043 3236 quasi
2079 3152 2467 3217 concedatur
2493 3150 2760 3229 sumitis,
2795 3151 2962 3216 nihil

903 3265 1041 3310 csse
1085 3244 1369 3310 animum
1411 3245 1535 3311 nisi
1577 3245 1836 3332 ignem?
1886 3246 2280 3333 probabilius
2324 3245 2494 3311 enim
2529 3245 2782 3311 videtur
2825 3245 2961 3311 tale

899 3339 1203 3422 quiddam
1245 3363 1382 3407 esse
1429 3340 1711 3407 animum
1724 3389 1743 3420 ,
1798 3351 1871 3406 ut
1906 3341 1989 3405 sit
2022 3365 2105 3407 ex
2137 3341 2273 3428 igni
2316 3351 2510 3425 atque
2545 3341 2761 3406 anima
2793 3350 2958 3406 tem-

899 3443 1208 3518 peratum.
1298 3435 1472 3520 quod
1505 3436 1560 3500 si
1593 3436 1765 3522 ignis
1799 3457 1884 3501 ex
1918 3458 2059 3500 sese
2094 3436 2232 3520 ipsc
2268 3435 2505 3499 animal
2539 3445 2637 3500 est
2668 3434 2849 3500 nulla
2882 3458 2962 3501 se

900 3530 1024 3594 alia
1057 3528 1445 3595 admiscente
1480 3540 1739 3607 natura,
1782 3528 2086 3612 quoniam
2119 3530 2204 3608 is,
2249 3551 2396 3595 cum
2429 3529 2596 3594 inest
2629 3529 2697 3593 in
2731 3550 2966 3615 corpo-

900 3622 1074 3687 ribus
1118 3625 1382 3703 nostris,
1436 3623 1633 3689 efficit
1677 3634 1752 3688 ut
1786 3622 2166 3702 sentiamus,
2217 3645 2350 3688 non
2382 3634 2594 3709 potest
2637 3624 2776 3710 ipse
2810 3644 2962 3690 esse

903 3718 1035 3782 sins
1088 3739 1300 3782 sensu.
1408 3739 1626 3781 rursus
1682 3717 1905 3783 eadem
1960 3717 2085 3783 dici
2136 3728 2435 3804 possunt:
2498 3717 2806 3802 quicquid
2856 3729 2960 3783 est

903 3810 1098 3888 enim,
1143 3810 1316 3895 quod
1352 3832 1611 3875 sensum
1645 3810 1910 3889 habeat,
1942 3811 2012 3876 id
2046 3834 2307 3878 necesse
2344 3823 2441 3877 est
2475 3813 2707 3877 sentiat
2742 3823 2806 3877 et
2841 3832 2967 3876 vo-

903 3902 1211 3986 luptatem
1256 3916 1320 3971 et
1363 3905 1680 3984 dolorem3
1724 3906 1806 3971 ad
1854 3928 2045 3990 quem
2090 3918 2305 3972 autem
2350 3906 2531 3972 dolor
2573 3907 2818 3984 veniat,
2869 3905 2962 3970 ad

907 3996 1181 4062 eundem
1215 3999 1406 4064 etiam
1441 4000 1767 4066 interitum
1801 4001 2047 4067 venire:
2094 4001 2187 4066 ita
2218 4002 2292 4066 fit
2334 4012 2410 4066 ut
2441 4024 2525 4067 ne
2558 4000 2777 4086 ignem
2810 3999 2966 4083 qui-

815 4106 863 4145 a?
911 4090 1055 4152 [lam
1090 4091 1343 4158 efficere
1379 4095 1631 4179 possitis
1670 4106 2015 4162 aeternum.
2104 4096 2261 4182 quid
2297 4096 2506 4162 enim?
2548 4117 2678 4160 non
2713 4094 2962 4160 eisdem
