3292 4559
957 297 1064 353 DE
1096 295 1426 354 DEORUM
1459 295 1788 354 NATURA
1819 295 1897 350 11.
1934 293 2244 352 11‘9—124.
2284 284 2307 290 ’“
2549 285 2585 349 7
2592 283 2629 348 ’τ

573 407 742 501 sunt,
784 433 859 487 ut
891 421 1048 486 nihil
1085 443 1305 486 eorum
1342 425 1891 506 supervacaneum
1934 419 2045 496 sit,
2089 413 2255 485 'nihil
2304 420 2387 486 ad
2430 417 2637 501 vitamf

573 517 980 584 detinendam
1013 537 1145 580 non
1176 514 1628 580 necessarium.
1684 513 1861 579 dedit
1888 526 2103 579 autem
2141 515 2366 580 eadem
2402 525 2631 580 natura

576 612 776 678 beluis
813 621 878 676 et
921 632 1180 676 sensum
1217 620 1280 674 et
1325 609 1709 696 adpetitum,
1754 618 1828 672 ut
1862 609 2059 675 altero
2096 621 2397 674 conatum
2431 609 2632 675 habe-

569 717 711 772 rent
749 705 832 770 ad
873 705 1180 770 naturalis
1222 715 1444 789 pastus
1481 703 1939 790 capessendos,
1984 705 2183 768 altero
2230 714 2633 770 secernerent

568 799 873 886 pestifera
907 822 948 864 a
981 799 1385 864 salutaribus·
1437 799 1564 862 iam
1594 817 1745 862 vero
1774 796 1901 862 alia
1926 797 2225 862 animalia
2258 793 2633 884 gradiendO,

569 894 696 958 alia
749 893 1062 979 serpendo
1117 893 1200 957 ad
1250 902 1520 979 pastum·
1563 892 1907 969 accedunt,
1964 892 2091 956 alia
2141 892 2449 970 voland0,
2506 893 2632 958 alia

569 988 818 1064 nand0,
865 988 1208 1070 cibumque
1255 987 1486 1072 partim
1523 987 1652 1052 oris
1685 986 1863 1053 hiatu
1902 997 1966 1052 et
2001 986 2297 1051 dentibus
2332 987 2489 1073 ipsis
2526 1007 2633 1052 ca-

570 1091 868 1167 pessunt,
932 1082 1164 1168 partim
1219 1082 1536 1168 unguium
1588 1074 1931 1147 tenacitate
1985 1080 2337 1168 adripiunt,
2396 1081 2630 1166 partim

572 1174 938 1241 aduncitate
973 1187 1350 1252 rostrorum,
1387 1176 1514 1240 alia
1545 1186 1816 1262 sugunt,
1856 1176 1983 1241 alia
2018 1186 2319 1261 carpunt,
2356 1175 2483 1240 alia
2516 1196 2633 1240 vo-

569 1282 735 1347 rant,
772 1271 898 1335 alia
931 1271 1262 1336 mandunt.
1351 1281 1546 1354 atque
1583 1271 1779 1337 etiam
1826 1271 2097 1336 aliorum
2132 1293 2211 1338 ea
2246 1281 2345 1336 est
2377 1269 2634 1335 humili·-

573 1375 700 1441 tas,
745 1377 818 1430 ut
853 1366 1068 1431 cibum
1112 1375 1474 1432 terrestrem
1509 1365 1733 1432 rostris
1777 1365 1968 1434 facile
2006 1367 2410 1454 contingant,
2392 1390 2408 1405 ·
2465 1387 2631 1450 quae

571 1471 787 1526 autem
822 1461 1048 1526 altiora
1082 1472 1260 1550 sunt,
1312 1471 1386 1526 ut
1429 1483 1719 1538 ansereS,
1772 1472 1843 1527 ut
1895 1462 2119 1548 cygni,
2174 1472 2248 1527 ut
2282 1483 2522 1572 grues,
2558 1471 2632 1526 ut

571 1555 826 1632 cameli,
891 1555 1278 1622 adiuvantur
1328 1557 1709 1642 proceritate
1762 1557 2100 1634 collorum3
2152 1579 2380 1622 manus
2440 1555 2633 1622 etiam

467 1711 478 1719 .
571 1649 722 1714 data
759 1637 1108 1736 elephanto
1143 1662 1273 1728 est,
1321 1651 1474 1734 quia
1501 1661 1771 1736 propter
1803 1651 2311 1737 magnitudinem
2346 1649 2635 1736 corporis

572 1746 849 1812 difficilis
900 1746 1112 1810 aditus
1157 1744 1438 1810 habebat
1483 1745 1569 1810 ad
1610 1755 1891 1830 pastum.
1978 1756 2073 1823 at,
2129 1746 2365 1829 quibus
2410 1744 2628 1810 bestiis

2657 537 2733 576 122

2662 1745 2734 1800 48

2582 1839 2597 1855 ο
2658 1819 2736 1858 123

572 1852 710 1906 erat
741 1841 798 1904 is
835 1841 1037 1916 cibus,
1073 1850 1146 1903 ut
1180 1839 1343 1903 alius
1378 1840 1632 1924 generis
1670 1840 1889 1904 bestiis
1924 1851 2355 1918 vescerentur,
2391 1852 2501 1905 aut
2536 1863 2633 1906 vl·-

571 1935 658 1998 ris
709 1945 942 1998 natura
993 1933 1170 1996 dedit
1220 1942 1332 1995 aut
1384 1933 1793 1996 celeritatem.
1895 1933 2048 1996 data
2098 1944 2195 1998 est
2246 1932 2633 2015 quibusdam

572 2029 763 2094 etiam
799 2024 1185 2091 machinatio
1211 2025 1530 2109 quaedam
1558 2037 1752 2109 atque
1780 2026 2080 2103 sollertia,
2117 2036 2191 2090 ut
2222 2026 2631 2090 in‘araneolis

573 2122 737 2186 aliae
771 2120 956 2205 quasi
987 2130 1123 2185 rete
1159 2130 1406 2196 texunt,
1443 2131 1546 2197 ut,
1583 2119 1639 2184 si
1676 2121 1833 2206 quid
1866 2120 2231 2198 inhaeserit,
2268 2119 2629 2198 conficiant,

572 2217 734 2282 aliae
787 2227 1005 2282 autem
1057 2235 1137 2280 ex
1179 2214 1506 2300 inopinato
1554 2216 1898 2281 observant.
1940 2226 2037 2294 et,
2083 2217 2139 2282 si
2182 2215 2340 2300 quid
2384 2213 2630 2292 incidit,

571 2309 893 2398 adripiunt
923 2309 1118 2392 idque
1154 2319 1558 2374 consumunt.
1610 2310 1767 2395 pina
1792 2332 1946 2376 vero
1962 2345 2051 2358 --
2068 2310 2160 2375 sic
2189 2310 2358 2376 enim
2376 2307 2631 2376 Graece

569 2407 801 2473 'dicitur
833 2439 923 2452 -·-
955 2403 1207 2468 duabus
1261 2403 1627 2488 grandibus,
1660 2405 1881 2491 patula
1925 2403 2183 2470 conchis
2204 2443 2209 2449 -
2230 2426 2378 2470 cum
2429 2425 2631 2490 parva

530 2521 534 2525 ·
570 2502 802 2587 squilla
836 2499 1022 2585 quasi
1056 2497 1425 2564 societatem
1455 2499 1584 2564 coit
1618 2499 2012 2585 conparandi
2046 2499 2202 2578 cibi3
2236 2499 2455 2584 itaque
2484 2521 2631 2564 cum

569 2596 860 2684 pisciculi
909 2594 1094 2682 parvi
1146 2594 1215 2659 in
1268 2595 1580 2660 concham
1621 2593 1909 2661 hiantem
1958 2595 2437 2672 innataverunt,
2491 2605 2632 2659 tum

568 2692 898 2758 admonita
933 2715 973 2756 a
1008 2690 1240 2774 squilla
1284 2713 1504 2756 morsu
1549 2691 1888 2776 conprimit
1932 2689 2229 2756 conchas.
2318 2691 2411 2754 sic
2446 2689 2631 2752 dissi·
2726 2743 2730 2747 .

567 2787 851 2854 millimis
895 2786 1180 2852 bestiolis
1227 2785 1650 2851 communiter
1702 2786 1883 2851 cibus
1937 2785 2284 2869 quaeritur.
2380 2783 2449 2848 in
2498 2805 2627 2867 quo

572 2882 1018 2949 admirandum
1051 2891 1169 2958 est,
1195 2902 1636 2966 congressune
1668 2881 1882 2965 aliquo
1918 2881 2084 2968 inter
2110 2903 2179 2946 se
2208 2903 2291 2944 an
2323 2879 2454 2943 iam
2478 2875 2629 2944 inde

567 2979 656 3042 ab
691 2988 836 3042 ortu
869 2986 1098 3041 natura
1131 2975 1274 3060 ipsa
1309 2986 1740 3062 congregatae
1778 2977 1923 3041 sint.
1995 2987 2091 3044 est
2126 2975 2320 3041 etiam
2354 2973 2631 3039 admira·-

571 3072 663 3137 tio
697 3093 827 3136 non
861 3069 1092 3135 nulla
1070 3089 1142 3133 m
1174 3069 1394 3134 bestiis
1425 3069 1867 3154 aquatilibus
1848 3071 1947 3149 iis,
1984 3093 2150 3155 quae
2176 3071 2531 3156 gignuntur
2562 3067 2630 3136 in

569 3179 768 3264 terra3
814 3163 1014 3230 veluti
1041 3162 1340 3228 crocodili
1375 3161 1845 3250 fluviatilesque
1888 3165 2240 3230 testudines
2282 3164 2633 3274 quaedam-

565 3262 698 3346 que
733 3269 1060 3346 serpentes
1104 3269 1282 3323 ortae
1328 3269 1508 3324 extra
1543 3281 1812 3344 aquam,
1858 3259 2048 3324 simul
2082 3281 2159 3324 ac
2203 3259 2477 3346 primum
2512 3257 2631 3324 niti

565 3366 868 3442 possunt,
921 3374 1158 3437 aquam
1202 3364 1692 3439 persequuntur.
1782 3354 1939 3442 quin
1984 3353 2175 3419 etiam
2220 3353 2463 3416 anitum
2506 3365 2631 3415 ova.

571 3449 824 3537 gallinis
879 3471 1070 3534 saepe
1132 3448 1579 3533 supponimus,
1645 3471 1683 3513 e
1735 3448 1967 3533 quibus
2028 3447 2188 3532 pulli
2240 3446 2363 3511 orti
2422 3445 2630 3530 primo

2658 2801 2735 2840 124

572 3546 830 3611 aluntur
875 3544 957 3608 ab
1001 3543 1110 3620 iis,
1163 3552 1235 3624 ut
1278 3564 1318 3607 a
1359 3543 1699 3622 matribus,
1756 3567 1797 3608 a
1840 3542 2075 3627 quibus
2122 3541 2343 3606 excusi
2384 3539 2659 3622 fotique·
2710 3557 2723 3574 *

571 3651 750 3717 sunt,
805 3637 1034 3704 deinde
1070 3659 1178 3704 eas
1213 3637 1582 3721 relinquunt
1627 3649 1694 3702 et
1728 3637 2047 3723 effugiunt
2082 3633 2434 3719 sequentis,
2480 3639 2629 3698 'cum

570 3734 849 3819 'primum
876 3751 1111 3816 aquam
1137 3731 1322 3816 quasi
1348 3733 1707 3798 naturalem
1726 3732 1988 3797 domum
2012 3730 2228 3796 videre
2254 3737 2627 3814 potueruntz

571 3839 815 3894 tantam
840 3827 1132 3912 ingenuit
1150 3827 1578 3893 animantibus
1608 3826 2028 3893 conservandi
2047 3823 2145 3889 sui
2162 3834 2393 3889 natura
2418 3832 2630 3888 custo-

573 3922 764 3986 diam.
799 3922 948 4008 ‘legi
974 3921 1165 3987 etiam
1185 3921 1493 4009 scriptum
1511 3945 1651 3988 esse
1670 3943 1857 3986 avem
1874 3919 2219 4003 quandam,
2239 3939 2405 4002 quae
2422 3917 2628 4003 plata-

561 4014 676 4080 ‘lea
708 4017 1170 4081 nominaretur:
1208 4039 1351 4080 earn
1386 4016 1508 4081 sibi
1535 4014 1751 4080 cibum
1780 4035 2085 4099 quaerere
2112 4012 2519 4078 advolantem
2546 4011 2630 4075 ad

575 4131 684 4174 eas
716 4109 872 4188 avis,
901 4131 1066 4194 quae
1086 4132 1153 4176 se
1179 4111 1246 4175 in
1262 4111 1424 4175 mari
1450 4119 1831 4196 mergerent,
1858 4127 2025 4192 quae
2054 4129 2203 4174 cum
2228 4107 2633 4174 emersissent

2662 3930 2737 3984 49
