3292 4559
1066 200 1172 255 DE
1208 197 1545 257 LEGIBUS
1580 200 1658 255 11.
1697 200 1940 257 56—60.
2405 165 2532 251 291

470 348 605 404 eos,
641 323 875 409 quibus
911 322 1036 389 hoc
1070 334 1219 389 ante
1253 322 1421 389 hanc
1455 323 1670 409 legem
1708 323 1958 399 virtutis
1995 344 2191 399 causa
2224 322 2536 387 tributum

468 431 600 498 est,
644 430 720 485 ut
751 418 1155 505 Poplicolae,
1194 428 1267 484 ut
1300 417 1619 496 Tuberto,
1657 418 1834 503 quod
1868 440 2089 485 eorum
2123 416 2364 503 posteri
2397 417 2536 483 iure

467 522 845 591 tenuerunt,
891 523 1003 580 aut
1038 533 1149 577 eos
1162 558 1181 589 ,
1228 512 1284 577 si
1318 511 1433 597 qui
1464 512 1616 591 hoc,
1654 524 1728 579 ut
1763 508 1840 580 C.
1877 512 2244 588 Fabricius,
2279 512 2538 577 virtutis

466 630 671 675 causa
714 606 907 673 soluti
949 605 1205 693 legibus
1250 606 1576 673 consecuti
1620 617 1790 673 sunt.
1879 606 1996 673 sed
2039 618 2108 673 ut
2139 605 2208 671 in
2241 605 2402 673 urbe
2437 628 2538 671 se-

468 702 658 791 peliri
690 703 801 768 lex
836 710 1042 779 vetat,
1088 699 1181 767 sic
1216 702 1549 769 decretum
1584 726 1624 767 a
1659 701 2036 789 pontificum
2072 700 2372 787 collegio,
2405 722 2538 769 non

468 819 613 863 esse
666 796 769 863 ius
822 795 891 861 in
942 796 1083 861 loco
1134 796 1394 882 publico
1440 796 1580 861 fieri
1626 796 2014 883 sepulcrum.
2111 794 2312 860 nostis
2357 806 2538 861 extra

468 902 727 977 portam
754 888 1079 957 Collinam
1114 892 1341 957 aedem
1376 892 1694 961 Honoris·
1732 913 1911 960 aram
1944 890 2014 955 in
2049 912 2126 956 eo
2161 890 2304 955 loco
2338 890 2538 955 fuisse

464 985 818 1053 memoriae
866 984 1193 1071 proditum
1247 995 1373 1063 est3
1428 986 1513 1051 ad
1567 1008 1712 1051 eam
1758 1006 1906 1051 cum
1945 984 2186 1050 lamina
2230 994 2399 1051 esset
2440 983 2539 1047 in—

468 1090 669 1145 venta
714 1089 779 1144 et
820 1079 889 1144 in
934 1102 1013 1145 ea
1046 1078 1381 1171 scriptum,
1376 1077 1694 1177 [lamina]
1730 1101 2030 1157 normam,
2076 1102 2153 1145 ea
2187 1100 2382 1144 causa
2415 1077 2537 1143 fuit

466 1173 655 1241 aedis
696 1172 889 1239 huius
936 1170 1383 1241 dedicandae?
1442 1176 1559 1240 sed
1605 1197 1755 1241 cum
1800 1176 2002 1242 multa
2048 1175 2117 1240 in
2153 1195 2228 1240 eo
2260 1174 2404 1239 loco
2441 1194 2539 1239 se-

468 1269 699 1355 pulcra
732 1268 1034 1346 fuissent,
1082 1280 1370 1335 exarata.
1368 1281 1557 1349 sunt3
1605 1272 1827 1336 statuit
1862 1271 2032 1347 enim
2069 1269 2410 1354 collegium
2443 1267 2540 1332 lo-

470 1384 627 1429 cum
669 1361 1005 1448 publicum
1039 1384 1171 1428 non
1204 1362 1491 1449 potuisse
1525 1365 1780 1451 privata
1813 1364 2122 1450 religione
2159 1360 2449 1449 obligari.

603 1456 749 1520 Iam
784 1466 997 1522 cetera
1008 1456 1097 1523 :in
1130 1480 1221 1523 111
1254 1457 1587 1526 minuendi
1622 1470 1916 1545 sumptus
1954 1469 2104 1525 sunt
2132 1455 2538 1522 'lamentatio-

467 1550 703 1635 nisque
739 1549 1061 1629 funebris,
1108 1552 1417 1617 translata
1450 1554 1533 1619 de
1572 1552 1830 1621 Solonis
1864 1554 1998 1619 fere
2035 1551 2309 1639 legibus.
2397 1549 2540 1615 hoc

467 1645 679 1731 plus,
738 1644 977 1729 inquit,
1034 1668 1127 1711 ne
1179 1646 1452 1712 facito.
1526 1670 1797 1734 rogum
1850 1668 2077 1715 ascea
2125 1668 2218 1711 ne
2269 1643 2535 1731 polito.

465 1737 675 1803 nostis
726 1759 893 1823 quae
946 1750 1329 1822 sequuntur3
1384 1740 1789 1807 discebamus
1843 1740 2016 1807 enim
2069 1737 2254 1826 pueri
2294 1760 2415 1818 m,
2465 1748 2540 1801 ut

466 1854 731 1897 carmen
774 1834 1238 1911 necessarium,
1284 1855 1445 1922 quas
1489 1835 1622 1901 iam
1666 1856 1857 1901 nemo
1895 1832 2102 1899 discit.
2193 1841 2538 1899 extenuato

464 1925 668 2013 igitur
720 1936 985 2012 sumptu
1040 1924 1277 2013 [tribus
1330 1928 1587 1994 reciniis
1642 1939 1708 1995 et
1751 1932 1786 2009 †
1831 1928 2046 1995 uincla
2097 1948 2420 2013 purpurae
2475 1934 2540 1989 et

466 2020 697 2085 decem
724 2018 1125 2108 tibicinibus]
1162 2022 1329 2087 tollit
1356 2023 1549 2089 etiam
1580 2022 2136 2091 lamentationem:
2172 2020 2496 2087 muliere
2510 2043 2539 2082 s

462 2136 707 2201 genas
756 2138 849 2181 ne
900 2115 1231 2181 radunto
1274 2138 1467 2182 neve
1512 2118 1799 2182 lessum
1843 2115 2140 2181 funeris
2187 2135 2371 2201 ergo
2407 2112 2540 2178 ha-

467 2209 723 2275 bento.
812 2208 935 2274 hoc
971 2220 1218 2277 veteres
1254 2210 1633 2297 interpretes
1671 2208 1825 2286 Sex.
1862 2209 2123 2286 Aelius,
2169 2208 2253 2273 L.
2288 2208 2538 2274 Acilius

466 2324 603 2367 non
638 2302 792 2368 satis
830 2326 898 2369 se
932 2303 1306 2391 intellegere
1336 2304 1657 2383 dixerunt,
1696 2305 1810 2371 sed
1837 2303 2148 2391 suspicari
2174 2301 2545 2369 vestimenti

466 2396 734 2481 aliquod
767 2419 973 2483 genus
1001 2398 1313 2478 funebris,
1350 2399 1433 2465 L.
1464 2400 1694 2467 Aelius
1720 2400 1957 2466 lessum
1985 2398 2172 2484 quasi
2195 2397 2540 2484 lugubrem

466 2492 904 2569 eiulationem,
942 2504 1019 2558 ut
1055 2516 1184 2559 vox
1217 2496 1358 2581 ipsa
1397 2496 1719 2583 signifieat
1727 2520 1746 2573 3
1781 2495 1959 2580 quod
1987 2516 2066 2561 eo
2089 2493 2298 2579 magis
2323 2492 2538 2558 iudico

468 2608 698 2653 verum
734 2610 903 2664 esse,
941 2588 1095 2671 quia
1128 2588 1237 2653 lex
1278 2588 1538 2655 Solonis
1571 2590 1640 2655 id
1675 2590 1888 2675 ipsum
1923 2598 2116 2655 vetat.
2205 2587 2367 2652 haec
2399 2585 2540 2651 lau-

464 2677 714 2745 <labilia
756 2690 823 2745 et
864 2682 1293 2768 locupletibus
1329 2682 1466 2749 fere
1504 2706 1654 2749 cum
1689 2683 1877 2769 plebe
1916 2682 2312 2757 communia3
2366 2676 2541 2761 quod

465 2771 739 2857 quidem
788 2773 1069 2839 maxime
1115 2797 1152 2839 e
1195 2787 1427 2841 natura
1468 2788 1610 2853 est,
1665 2776 1802 2842 tolli
1855 2776 2153 2839 fortunae
2199 2771 2542 2835 discrimen

2581 1480 2630 1520 59

468 2876 700 2933 morte.
790 2876 1003 2933 cetera
1035 2867 1191 2934 item
1226 2868 1549 2947 funebria,
1596 2868 1833 2952 quibus
1869 2869 2082 2935 luctus
2118 2877 2410 2951 augetur,
2453 2888 2542 2931 111
2575 2850 2647 2905 24

463 2962 891 3027 sustulerunt.
974 2962 1296 3041 homini,
1330 2963 1559 3047 inquit,
1596 2973 1896 3029 mortuo
1932 2984 2023 3027 ne
2060 2983 2234 3027 ossa
2265 2924 2610 3045 legit0,6

469 3078 623 3143 quo
667 3056 842 3143 post
885 3057 1121 3123 funus
1157 3057 1420 3124 faciat.
1510 3058 1747 3145 excipit
1780 3056 2078 3123 bellicam
2109 3054 2544 3143 peregrinam-

470 3172 605 3237 que
648 3162 938 3235 mortem.
1030 3152 1190 3219 haec
1236 3163 1570 3239 praeterea
1606 3164 1759 3219 sunt
1791 3152 1860 3217 in
1891 3151 2177 3239 legibus:
2232 3150 2540 3219 servilis

472 3256 805 3312 unctura
838 3246 1139 3313 tollitor
1175 3248 1572 3332 omnisque
1609 3246 2228 3333 circumpotati03
2275 3266 2444 3329 quae
2478 3255 2544 3310 et

472 3351 649 3406 recte
685 3342 1014 3420 tolluntur,
1050 3364 1263 3428 neque
1298 3343 1692 3421 tollerentur,
1727 3342 1850 3409 nisi
1883 3340 2174 3407 fuissent.
2217 3361 2310 3405 ne
2347 3361 2546 3405 sum-

472 3445 757 3522 ptuosa
790 3437 1215 3522 respersio,
1249 3460 1340 3503 ne
1374 3437 1658 3523 longae
1695 3457 2024 3502 coronae
2059 3456 2198 3499 nec
2233 3454 2544 3499 acerrae

472 3539 980 3617 praetereantur.
1043 3530 1155 3597 illa
1187 3532 1320 3598 iam
1356 3530 1737 3618 significatio
1773 3540 1892 3608 est,
1925 3528 2134 3596 laudis
2171 3536 2548 3593 ornamenta

478 3624 565 3690 ad
600 3634 885 3691 mortuos
922 3626 1273 3711 pertinere,
1320 3626 1495 3711 quod
1539 3647 1898 3692 coronam
1932 3623 2218 3689 virtute
2252 3631 2546 3707 partam

475 3731 546 3785 et
580 3718 659 3794 ei,
697 3720 811 3804 qui
843 3722 1229 3807 peperisset,
1266 3731 1331 3787 et
1366 3721 1507 3802 eius
1539 3720 1802 3808 parenti·
1827 3720 1963 3785 sine
1999 3717 2227 3783 fraude
2264 3737 2407 3783 esse
2439 3714 2546 3782 lex

476 3813 825 3899 inpositam
859 3816 1060 3883 iubet.
1150 3816 1491 3901 credoque,
1528 3814 1705 3899 quod
1740 3824 1877 3881 erat
1910 3812 2292 3888 factitatum,
2328 3820 2402 3877 ut
2434 3809 2550 3875 uni

480 3909 669 3995 plura
690 3910 926 3995 funera
958 3911 1185 3979 fierent
1217 3910 1499 3995 lectique
1532 3908 1752 3996 plures
1789 3917 2250 3982 sternerentur,
2285 3904 2355 3970 id
2389 3926 2554 3989 quo-‚

480 4026 609 4091 que
652 4026 735 4069 ne
778 4002 960 4073 fieret
1002 4006 1151 4093 lege
1194 4014 1489 4073 sanctum
1525 4014 1642 4070 est.
1731 4024 1863 4097 qua
1903 4001 1972 4069 in
2013 4000 2160 4089 lege
2197 4021 2348 4155 032
2381 4008 2554 4065 esset
