3292 4559
909 284 1014 337 DE
1047 282 1372 339 DEORUM
1407 282 1733 339 NATURA
1762 282 1840 337 11.
1876 284 2115 338 25-3-2.
2446 274 2533 340 49

496 407 728 492 magis,
774 406 946 489 quod
985 404 1268 490 intellegi
1303 403 1492 469 debet
1527 404 1802 469 calidum
1844 405 2003 470 illud
2047 416 2238 490 atque
2270 406 2533 491 igneum

498 502 584 565 ita
616 501 683 563 in
717 500 888 565 omni
932 498 1149 563 fusum
1183 519 1321 561 esse
1354 508 1602 573 natura,
1635 508 1710 561 ut
1750 498 1819 561 in
1854 521 1931 563 eo
1964 499 2115 563 insit
2154 500 2531 584 procreandi

497 593 590 658 vis
626 604 689 658 et
730 615 924 658 causa
965 590 1301 677 gignendi,
1355 614 1395 653 a
1428 612 1557 673 quo
1591 600 1658 655 et
1700 591 2045 657 animantia
2079 592 2291 657 omnia
2325 604 2390 658 et
2432 615 2529 669 ea,

497 706 766 769 quorum
801 685 1023 770 stirpes
1067 695 1236 749 terra
1270 684 1697 759 continentur,
1744 694 1809 749 et
1842 685 2019 751 nasci
2052 686 2135 750 sit
2176 708 2433 751 necesse
2468 698 2531 751 et

495 800 856 863 augescere.
941 788 1170 841 natura
1223 787 1321 841 est
1368 777 1592 862 igitur,
1646 798 1812 860 quae
1864 779 2177 845 contineat
2219 779 2531 846 mundum
2564 788 2632 843 11

495 892 750 937 omnem
801 892 1074 953 eumque
1119 880 1400 947 tueatur,
1455 882 1518 935 et
1571 894 1648 935 ea
1692 872 1948 955 quidem
1992 894 2121 937 non
2162 873 2296 938 sine
2340 896 2531 939 sensu
2572 858 2625 899 ²⁹

497 975 686 1047 atque
720 964 994 1039 ratione3
1049 986 1301 1028 omnem
1337 963 1506 1027 enim
1546 974 1842 1028 naturam
1882 986 2140 1031 necesse
2183 976 2311 1043 est,
2363 988 2531 1049 quae

494 1078 624 1121 non
659 1056 938 1121 solitaria
966 1058 1046 1122 sit
1071 1078 1278 1139 neque
1307 1056 1594 1141 simplex,
1631 1056 1745 1121 sed
1772 1079 1916 1121 cum
1944 1058 2069 1123 alio
2094 1058 2311 1123 iuncta
2336 1069 2531 1141 atque

498 1170 758 1225 conexa,
792 1147 1028 1215 habere
1061 1150 1336 1233 aliquem
1367 1149 1436 1213 in
1469 1171 1538 1214 se
1573 1149 2025 1235 principatum,
2071 1162 2144 1216 ut
2175 1152 2242 1216 in
2275 1149 2530 1215 homine

493 1253 768 1309 mentem
783 1290 802 1320 ‚
837 1244 906 1307 in
938 1243 1129 1307 belua
1163 1242 1467 1326 quiddam
1503 1243 1707 1307 simile
1740 1243 2001 1320 mentia,
2046 1244 2215 1309 unde
2250 1244 2531 1310 oriantur

495 1353 708 1403 rerum
759 1336 1095 1421 adpetitus.
1183 1337 1250 1400 in
1303 1337 1600 1400 arborum
1652 1347 1867 1401 autem
1920 1346 1985 1401 et
2034 1360 2256 1403 earum
2297 1358 2529 1415 rerum,

495 1452 658 1515 quae
691 1430 1045 1516 gignuntur
1077 1452 1114 1495 e
1149 1443 1346 1507 terra,
1390 1430 1711 1497 radicibus
1745 1430 1954 1495 inesse
1988 1431 2380 1517 principatus
2411 1453 2531 1515 pu-

495 1535 690 1602 tatur3
735 1524 1156 1610 principatum
1191 1536 1403 1589 autem
1436 1525 1504 1588 id
1539 1524 1711 1601 dieo,
1757 1525 1929 1608 quod
1964 1524 2200 1591 Graeci
2234 1522 2532 1610 ἧγεμονι-
2576 1568 2585 1576 -

494 1622 605 1687 κόν
651 1633 907 1699 vocant,
960 1643 1087 1705 quo
1129 1622 1287 1686 nihil
1330 1622 1398 1685 in
1447 1642 1701 1703 quoque
1745 1644 1977 1705 genere
2012 1643 2131 1686 nec
2174 1630 2381 1706 potest
2412 1638 2532 1682 nec

495 1715 682 1781 debet
723 1738 862 1781 esse
906 1714 1345 1799 praestantius·
1432 1713 1524 1777 ita
1567 1735 1828 1778 necesse
1874 1725 1971 1778 est
2010 1714 2170 1777 illud
2204 1713 2423 1789 etiam,
2464 1712 2533 1774 in

494 1829 620 1891 quo
657 1808 734 1871 sit
767 1808 960 1871 totius
995 1818 1258 1871 naturae
1294 1805 1705 1890 principatu&
1742 1827 1881 1869 esse
1916 1806 2198 1869 omnium
2226 1805 2534 1889 optimum

494 1899 904 1981 omniumque
947 1920 1160 1963 rerum
1211 1907 1522 1981 potestate
1569 1896 2024 1977 dominatuque
2070 1896 2529 1979 dignissimum.

495 1991 783 2057 videmus
838 2000 1050 2054 autem
1099 1990 1168 2051 in
1219 1988 1505 2073 partibus
1549 1988 1770 2052 mundi
1805 2023 1893 2033 -
1922 1987 2079 2050 nihil
2113 1997 2211 2051 est
2252 1987 2421 2050 enim
2464 1987 2532 2051 in
2574 2012 2626 2053 so

493 2082 669 2149 omni
701 2082 939 2147 mundo
947 2130 968 2159 ‚
1019 2082 1192 2165 quod
1234 2103 1362 2145 non
1407 2104 1553 2165 pars
1597 2080 1878 2145 universi
1912 2079 1996 2144 sit
2027 2116 2114 2127 —
2146 2079 2354 2145 inesse
2389 2102 2533 2145 sen-

497 2198 639 2241 sum
683 2186 874 2258 atque
917 2174 1254 2239 rationem:
1307 2174 1375 2237 in
1417 2196 1493 2237 ea
1537 2184 1716 2257 parte
1760 2173 1982 2258 igitur,
2032 2174 2100 2237 in
2140 2194 2269 2254 qua
2312 2172 2533 2237 mundi

494 2272 658 2333 inest
691 2268 1106 2353 principatus,
1150 2265 1309 2332 haec
1341 2267 1548 2331 inesse
1585 2288 1845 2332 necesse
1881 2278 1979 2331 est
2021 2277 2084 2331 et
2118 2266 2361 2331 acriora
2394 2267 2534 2349 qui-

495 2363 642 2428 dem
693 2374 884 2445 atque
936 2362 1196 2426 maiora.
1285 2359 1582 2443 quocirca
1633 2360 1980 2445 sapientem
2032 2381 2172 2424 esse
2224 2359 2532 2423 mundum

491 2478 750 2521 necesse
794 2465 891 2520 est
933 2466 1352 2537 naturamque
1396 2474 1568 2528 eam,
1621 2473 1785 2534 quae
1828 2474 1929 2517 res
1977 2451 2181 2517 omnis
2226 2452 2535 2536 conplexa

492 2559 734 2625 teneat,
785 2548 1170 2635 perfectione
1212 2545 1472 2611 rationis
1519 2544 1859 2622 excellere,
1914 2566 2115 2627 eoque
2160 2544 2350 2609 deum
2396 2567 2533 2609 esse
2614 2628 2619 2631 Ι

493 2641 804 2706 mundum
840 2662 1217 2723 omnemque
1259 2639 1390 2702 vim
1433 2638 1656 2702 mundi
1698 2648 1927 2702 natura
1960 2637 2174 2701 divina
2208 2637 2531 2702 contineri.

495 2747 687 2819 atque
731 2736 922 2801 etiam
966 2734 1189 2799 mundi
1229 2734 1335 2798 ille
1377 2732 1590 2798 fervor
1621 2732 1867 2817 purior,
1918 2731 2299 2816 perlucidior
2330 2730 2534 2794 mobi-

495 2830 738 2911 liorque
775 2840 861 2893 est
894 2829 1094 2891 multo
1129 2828 1214 2890 ob
1249 2848 1484 2910 easque
1511 2848 1738 2891 causas
1776 2825 1982 2910 aptior
2006 2824 2089 2889 ad
2117 2846 2335 2889 sensus
2358 2844 2535 2913 com-

495 2923 842 2987 movendos
885 2942 1080 3004 quam
1112 2919 1216 2985 hic
1257 2932 1472 2985 noster
1516 2920 1715 2997 calor,
1767 2940 1894 3002 quo
1936 2916 2125 2994 haec,
2177 2940 2341 3001 quae
2382 2927 2533 2981 nota

496 3015 680 3079 nobis
734 3023 912 3090 sunt,
965 3014 1314 3079 retinentur
1365 3024 1430 3077 et
1481 3014 1718 3097 vigent.
1806 3012 2151 3093 absurdum
2200 3011 2395 3097 igitur
2438 3022 2535 3075 est
2575 3028 2627 3069 81

498 3108 707 3173 dicere
720 3154 740 3183 ,
785 3128 930 3171 cum
965 3106 1252 3171 homines
1298 3106 1663 3189 bestiaeque
1698 3106 1820 3171 hoc
1856 3106 2062 3171 calore
2104 3115 2437 3169 teneantur
2471 3115 2535 3169 et

495 3214 832 3288 propterea
856 3209 1232 3265 moveantur
1257 3221 1332 3264 ac
1359 3198 1654 3275 sentiant,
1670 3199 1978 3262 mundum
1998 3220 2134 3263 esse
2162 3197 2295 3262 sine
2324 3220 2533 3273 8811811,

498 3296 608 3380 qui
642 3296 890 3381 integro
925 3304 990 3360 et
1030 3293 1230 3359 libero
1266 3304 1328 3358 et
1371 3315 1532 3379 puro
1569 3292 1917 3376 eodemque
1952 3292 2257 3357 acerrimo
2293 3302 2356 3357 et
2398 3313 2534 3355 mo·

501 3388 804 3454 bilissimo
840 3389 1063 3453 ardore
1099 3398 1414 3463 teneatur,
1467 3386 1839 3472 praesertim
1874 3408 2022 3451 cum
2061 3386 2116 3450 is
2152 3385 2370 3460 ardor,
2422 3382 2534 3465 qui

498 3479 596 3547 est
628 3482 867 3557 mundi,
903 3504 1031 3545 non
1067 3481 1339 3567 agitatus
1376 3480 1458 3544 ab
1487 3479 1609 3543 alio
1636 3500 1845 3561 neque
1882 3488 2141 3543 externo
2176 3476 2383 3562 pulsu,
2421 3474 2535 3538 sed

495 3598 614 3661 per
664 3597 734 3639 se
783 3575 920 3659 ipse
972 3597 1048 3639 ac
1093 3597 1208 3639 sua
1254 3583 1476 3659 sponte
1520 3582 1877 3637 moveatur.
1934 3594 2084 3636 nam
2131 3567 2283 3652 quid
2324 3576 2535 3652 potest

499 3692 638 3734 esse
673 3668 910 3732 mundo
945 3667 1282 3745 valentius,
1319 3666 1490 3750 quod
1523 3666 1720 3751 pellat
1753 3676 1944 3747 atque
1977 3672 2229 3727 moveat
2263 3660 2535 3725 calorem

497 3784 677 3837 eum,
715 3784 844 3845 qna
875 3761 982 3825 ille
1025 3761 1350 3826 teneatur?
1403 3759 1737 3826 audiamus
1784 3758 1952 3823 enim
1984 3756 2320 3820 Platonem
2354 3752 2535 3835 quasi
2570 3748 2637 3861 ἐξ

497 3854 825 3937 quendam
859 3853 1049 3919 deum
1092 3853 1637 3939 philosophorum,
1686 3851 1790 3917 cui
1825 3851 1949 3914 duo
1984 3850 2193 3934 placet
2226 3868 2364 3911 csse
2398 3868 2535 3909 mo-

501 3959 626 4023 tus,
661 3969 862 4011 unum
896 3970 1102 4023 suum,
1137 3947 1404 4012 alterum
1440 3956 1788 4020 externum,
1824 3964 1961 4007 esse
1992 3952 2203 4005 autem
2239 3938 2533 4015 divinim,

504 4040 727 4121 quod'
708 4051 918 4125 ipsum
946 4062 1026 4105 ex
1053 4064 1122 4107 se
1153 4062 1268 4106 sua
1295 4036 1520 4125 sponte
1545 4047 1894 4113 moveatur,
1932 4052 2123 4118 quam
2148 4033 2322 4117 quod
2345 4032 2535 4117 pulsu

611 4137 823 4182 Ciceronis
849 4140 927 4183 vol.
958 4139 1046 4183 Vll.
2148 4135 2183 4188 4
