3292 4559
325 22 328 27 -
349 0 756 51 *avuta

327 52 336 63 »
367 44 374 53 ·
395 50 404 57 -
453 40 522 63 ἔ“’“ῑ’
541 60 546 65 ,
595 50 608 65 z
627 42 732 65 ·..2··-‘*2‘

581 402 586 409 .
696 292 716 337 ³
759 314 890 381 278
1101 404 1104 409 Ι
1225 284 1230 289 ’
1372 322 1450 377 M.
1485 320 1764 379 TULLII
1798 318 2201 377 CICERONIS

761 448 1115 537 capiendus
1161 457 1288 524 est,
1341 469 1470 512 non
1512 456 1765 512 tantum
1799 446 1998 523 valet,
2043 456 2116 510 ut
2148 444 2332 509 tollat
2366 464 2401 508 e
2436 442 2573 507 vita
2606 443 2827 509 amici·

515 600 518 603 .
591 550 599 553 ⁷
636 548 648 633 J
752 546 946 622 tiam,
999 564 1131 609 non
1174 542 1320 629 plus
1356 562 1552 625 quam
1586 553 1662 607 ut
1694 540 1963 605 virtutes
1975 588 1994 618 ,
2038 539 2192 623 quia
2224 559 2354 603 non
2388 538 2621 631 nullas·
2637 561 2825 603 curas

762 651 828 706 et
861 638 1184 704 molestias
1220 634 1537 714 adferunt,
1571 636 2003 722 repudientur.

581 770 594 774 -
658 749 728 803 14
895 732 1066 799 Cum
1119 742 1338 797 autem
1391 731 1723 796 contrahat
1768 729 2137 805 amicitiam,
2191 738 2263 793 ut
2314 749 2513 813 supra
2558 726 2717 803 dixi,
2770 727 2827 789 si

761 820 892 913 ⁴qua
929 826 1308 913 significatio
1353 823 1605 890 virtutis
1641 825 1921 902 eluceat,
1969 824 2052 889 ad
2088 845 2283 907 quam
2319 844 2389 888 se
2426 820 2643 886 similis
2680 820 2829 885 ani-

707 946 710 949 ’
757 946 907 987 mus
961 921 1239 1007 adplicet
1291 931 1355 986 et
1399 920 1740 1005 adiungat,
1792 920 1862 983 id
1906 942 2054 985 cum
2099 917 2393 1003 contigit,
2446 938 2623 981 amor
2666 936 2829 980 exo-

667 1038 719 1078 49
761 1017 964 1082 riatur
1005 1036 1268 1080 necesse
1313 1025 1429 1080 est.
1518 1015 1674 1098 quid
1710 1014 1880 1079 enim
1924 1024 2057 1103 tam
2090 1010 2443 1077 absurdum
2480 1032 2676 1093 quam
2706 1008 2829 1073 de-

677 1154 680 1157 ·
762 1110 984 1177 lectari
1024 1108 1240 1174 multis
1286 1108 1584 1173 inanibus
1628 1108 1853 1185 rebus,
1904 1119 1981 1173 ut
2024 1106 2292 1182 honore,
2344 1116 2417 1169 ut
2461 1103 2697 1191 gloria,
2750 1114 2823 1166 ut

763 1204 1080 1281 aedificic,
1128 1214 1202 1269 ut
1235 1202 1470 1269 vestitu
1505 1204 1809 1286 cultuque
1887 1202 2199 1287 corporis,
2304 1198 2628 1263 animante
2692 1198 2830 1260 vir-

761 1311 898 1365 tute
933 1298 1249 1385 praedito,
1295 1318 1372 1362 eo
1405 1298 1518 1381 qui
1552 1298 1658 1361 vel
1694 1319 1909 1362 amare
1945 1295 2079 1373 vel,
2125 1306 2200 1361 ut
2231 1294 2326 1359 ita
2360 1293 2593 1368 dicam,
2628 1291 2828 1355 reda-

761 1418 940 1459 mare
991 1393 1222 1480 possit,
1281 1414 1414 1456 non
1466 1390 1815 1456 admodum
1876 1389 2218 1455 delectari?
2278 1388 2434 1453 nihil
2482 1395 2579 1451 est
2640 1385 2825 1450 enim

762 1487 1270 1554 remuneratione
1295 1485 1800 1561 benevolentiae,
1826 1484 1986 1550 nihil
2010 1483 2443 1549 vicissitudine
2462 1480 2825 1546 studiorum

667 1608 720 1650 50
765 1582 1248 1667 officiorumque
1281 1580 1643 1647 iucundius.
1735 1579 1929 1663 quid?
1981 1580 2037 1645 si
2069 1580 2230 1644 illud
2262 1578 2457 1644 etiam
2502 1576 2822 1653 addimuS,

764 1677 937 1761 quod
969 1686 1142 1743 recte
1177 1676 1328 1742 addi
1360 1686 1600 1762 potest,
1641 1674 1803 1740 nihil
1838 1697 1977 1741 esse
2013 1675 2187 1760 quod
2221 1674 2305 1739 ad
2348 1688 2423 1739 se'
2451 1694 2588 1737 rem
2622 1672 2826 1737 ullam

765 1786 896 1837 tam
945 1771 1190 1837 inliciat
1239 1782 1304 1838 et
1355 1770 1630 1837 attrahat
1683 1791 1878 1855 quam
1930 1769 2014 1834 ad
2061 1769 2405 1835 amicitiam
2450 1766 2825 1845 similitude,

655 1880 658 1883 ’
762 1867 1148 1933 concedetur
1185 1866 1475 1953 profecto
1521 1888 1747 1931 verum
1783 1886 1950 1941 esse,
2004 1875 2078 1930 ut
2112 1864 2313 1929 bonos
2357 1862 2515 1928 boni
2550 1862 2826 1949 diligant

763 1962 1249 2046 adsciscantque
1294 1961 1415 2026 sibi
1460 1961 1644 2046 quasi
1692 1958 2162 2050 propinquitate
2206 1958 2578 2023 coniunctos
2625 1969 2826 2042 atque

760 2068 1020 2135 natura3
1071 2056 1231 2121 nihil
1275 2067 1372 2122 est
1416 2056 1586 2122 enim
1629 2055 2031 2141 adpetentius
2076 2052 2381 2118 similium
2416 2051 2517 2117 sui
2560 2074 2686 2118 nec
2722 2076 2828 2117 ra-

761 2150 986 2237 pacius
1019 2169 1215 2234 quam
1258 2160 1506 2215 natura.
1595 2170 1792 2233 quam
1826 2148 1911 2213 ob
1944 2170 2082 2213 rem
2124 2147 2247 2212 hoc
2282 2148 2571 2232 quidem,
2606 2148 2827 2213 Fanni

763 2256 827 2310 et
863 2243 1205 2321 Scaevola,
1251 2254 1525 2320 constet,
1572 2255 1644 2308 ut
1680 2244 1931 2330 opinor,
1975 2242 2161 2307 bonis
2194 2242 2361 2307 inter
2394 2241 2599 2306 bonos
2636 2242 2827 2326 quasi

761 2338 1188 2403 necessariam
1220 2337 1759 2415 benevolentiam,
1807 2338 1918 2423 qui
1954 2348 2052 2405 est
2095 2338 2407 2405 amicitiae
2451 2337 2597 2403 fons
2633 2361 2677 2405 a
2712 2362 2829 2403 na-

765 2444 907 2497 tura
954 2432 1354 2498 constitutus.
1443 2432 1555 2498 sed
1601 2433 1830 2498 eadem
1874 2433 2126 2499 bonitas
2163 2433 2357 2499 etiam
2400 2433 2485 2497 ad
2530 2434 2825 2497 multitu-

764 2525 978 2592 dinem
1039 2526 1345 2612 pertinet3
1407 2547 1536 2590 non
1588 2526 1758 2592 enim
1810 2539 1906 2593 est
1958 2528 2305 2593 inhumana
2356 2526 2557 2593 virtus
2609 2550 2828 2611 neque

761 2620 1040 2686 inmunis
1085 2642 1295 2705 neque
1340 2620 1645 2706 superba,
1699 2642 1865 2705 quae
1918 2622 2112 2688 etiam
2161 2622 2432 2707 populos
2486 2621 2825 2687 universos

761 2715 929 2781 tueri
965 2715 1182 2799 eisque
1219 2724 1481 2800 optume
1528 2716 1860 2782 consulere
1905 2718 2136 2794 soleat,
2189 2715 2362 2801 quod
2403 2738 2535 2780 non
2576 2716 2825 2784 faceret

667 2828 718 2870 51
764 2809 1081 2896 profect0,
1147 2809 1200 2873 si
1253 2831 1294 2874 a
1346 2808 1608 2876 caritate
1660 2811 1836 2897 volgi
1887 2811 2275 2877 abhorreret.
2380 2822 2571 2894 atque
2626 2812 2821 2877 etiam

760 2904 920 2969 mihi
954 2903 1214 2988 quidem
1246 2904 1574 2983 videntur,
1609 2906 1723 2991 qui
1756 2905 2047 2971 utilitatis
2084 2927 2278 2971 causa
2310 2906 2563 2991 fingunt
2600 2906 2822 2971 amici-

760 2999 910 3075 tias,
964 2998 1493 3065 amabilissimum
1535 3002 1778 3066 nodum
1816 3000 2131 3067 amicitiae
2176 3002 2397 3066 tollere
2404 3025 2425 3077 3
2478 3023 2613 3065 non
2648 3001 2821 3066 enim

760 3102 892 3154 tam
945 3092 1186 3159 utilitas
1239 3106 1424 3180 parta
1473 3116 1590 3180 per
1641 3096 1921 3160 amicum
1966 3117 2161 3180 quam
2205 3094 2391 3160 amici
2445 3116 2627 3159 amor
2678 3095 2821 3181 ipse

661 3275 664 3277 v
760 3186 1064 3266 delectat,
1099 3200 1364 3273 tumque
1397 3190 1560 3255 illud
1591 3190 1693 3268 fit,
1731 3191 1906 3275 quod
1942 3191 2025 3256 ab
2062 3191 2266 3257 amico
2302 3200 2399 3257 est
2432 3190 2819 3277 profectum,

757 3282 1130 3361 iucundum,
1167 3282 1224 3349 si
1257 3305 1404 3349 cum
1440 3284 1651 3349 studio
1680 3296 1777 3351 est
1808 3286 2191 3372 profectum,
2225 3295 2605 3370 tantumque
2636 3284 2822 3351 abest

759 3388 833 3444 ιιι
867 3379 1182 3445 amicitiae
1217 3390 1481 3467 propter
1512 3378 1933 3466 indigentiam
1968 3382 2275 3460 colantur,
2311 3391 2385 3447 ut
2416 3378 2495 3457 ii,
2530 3380 2645 3465 qui
2680 3380 2821 3466 opi-

761 3473 882 3539 bus
925 3483 990 3539 et
1033 3475 1231 3561 copiis
1276 3474 1683 3560 maximeque
1730 3474 1997 3554 virtute,
2050 3477 2118 3540 in
2164 3498 2293 3561 qua
2335 3474 2681 3562 plurimum
2716 3483 2818 3538 est

759 3568 1090 3653 praesidii,
1141 3569 1402 3633 minime
1447 3567 1708 3635 alterius
1750 3570 2067 3657 indigent,
2120 3568 2541 3636 liberalissimi
2573 3567 2701 3633 sint
2748 3578 2819 3633 et

759 3661 1336 3728 beneficentissimi.
1424 3673 1616 3747 atque
1662 3663 1837 3729 haud
1878 3665 2079 3731 sciam
2114 3688 2199 3730 an
2230 3688 2313 3731 ne
2348 3686 2513 3751 opus
2546 3662 2625 3729 sit
2669 3662 2822 3746 qui-

760 3756 906 3822 dem
939 3755 1098 3820 nihil
1130 3775 1438 3839 umquam
1474 3758 1734 3825 omnino
1772 3759 1994 3826 deesse
2030 3760 2279 3825 amicis:
2324 3759 2437 3823 ubi
2472 3758 2645 3825 enim
2680 3767 2818 3821 stu-

760 3849 866 3913 dia
906 3858 1126 3913 nostra
1167 3847 1551 3935 viguissent,
1606 3853 1663 3918 si
1705 3875 2059 3938 numquam
2112 3852 2374 3919 consilio
2388 3900 2406 3930 ,
2456 3873 2817 3936 numquam
2909 3918 2921 3931 ,

687 4010 692 4013 ,
759 3963 954 4026 opera
987 3953 1205 4008 nostra
1237 3967 1358 4011 nec
1393 3945 1566 4011 domi
1599 3969 1721 4012 nec
1754 3947 2019 4014 militiae
2056 3946 2276 4033 Scipio
2311 3945 2634 4033 eguisset?
2684 3966 2814 4009 non

651 4090 724 4147 15
756 4033 955 4121 igitur
1003 4037 1346 4106 utilitatem
1397 4040 1707 4118 amicitia,
1763 4041 1879 4108 sed
1920 4042 2159 4108 utilitas
2204 4040 2551 4107 amicitiam
2594 4050 2817 4107 secuta
2912 4031 2925 4090 Ϊ

659 4162 716 4203 52
759 4139 874 4194 est.
926 4153 1057 4197 non
1093 4154 1247 4220 ergo
1283 4145 1470 4201 erunt
1502 4134 1794 4203 homines
1820 4136 2062 4204 deliciis
2088 4138 2455 4205 diffluentes
2484 4135 2813 4212 audiendi,
2908 4170 2919 4181 ·
