3292 4559
1162 229 1270 283 DE
1308 227 1637 287 OFFICIIS
1673 230 1721 284 Ι.
1757 231 2068 286 125-132,
2551 216 2636 281 39

564 379 823 424 corum.
910 353 1143 437 quibus
1180 351 1247 416 in
1283 352 1475 418 rebus
1512 353 1639 418 duo
1679 355 1956 418 maxime
1993 363 2142 418 sunt
2177 351 2512 441 fugienda:
2548 373 2631 417 ne
2671 369 2746 410 12⁹

564 451 733 536 quid
779 447 1217 515 effeminatum
1253 458 1365 513 aut
1398 449 1589 514 molle
1624 460 1690 516 et
1723 472 1806 514 ne
1843 448 1998 532 quid
2035 448 2268 514 durum
2303 459 2414 513 aut
2447 447 2638 513 rusti-

568 567 729 610 cum
774 544 875 608 sit.
963 565 1083 607 nec
1120 563 1273 608 vero
1308 543 1722 608 histrionibus
1759 543 2245 627 oratoribusque
2282 543 2637 614 conceden-

568 640 733 704 dum
760 647 859 702 est
884 648 959 701 ut
984 636 1065 700 iis
1092 637 1253 702 haee
1270 646 1421 722 apta
1440 637 1584 715 sint,
1612 637 1798 702 nobis
1819 637 2143 701 dissoluta.
2201 637 2636 702 scaenicorum

569 732 839 818 quidem
876 751 1016 794 mos
1052 740 1297 795 tantam
1331 732 1527 797 habet
1561 742 1774 796 vetere
1804 731 2139 816 disciplina
2165 731 2636 807 verecundiam,

568 838 647 891 ut
691 827 761 890 in
808 847 1107 891 scaenam
1151 825 1287 890 sine
1324 826 1726 912 subligaculo
1760 826 2031 912 prodeat
2063 847 2284 902 nem03
2339 836 2638 890 verentur

568 921 753 986 enim
795 943 906 996 ne,
956 919 1008 984 si
1054 933 1183 1001 quo
1232 941 1384 985 casu
1420 921 1704 986 evenerit
1738 932 1811 985 nt
1857 920 2137 1006 eorporis
2181 930 2394 1004 partes
2439 939 2638 1002 quae·-

568 1016 730 1079 dam
766 1013 1153 1099 aperiantur,
1190 1014 1578 1098 aspiciantur
1612 1037 1742 1079 non
1779 1015 2026 1080 decore.
2113 1024 2332 1078 nostro
2377 1012 2640 1096 quidem

570 1128 759 1174 more
786 1129 935 1172 cum
963 1107 1337 1193 parentibus
1364 1109 1641 1193 puberes
1669 1109 1802 1185 filii,
1833 1131 1980 1174 cum
2008 1108 2241 1174 soceris
2262 1107 2490 1193 'generi
2505 1127 2637 1170 non

572 1205 895 1268 lavantur.
978 1201 1311 1266 retinenda
1352 1202 1550 1288 igitur
1585 1214 1683 1268 est
1716 1203 1908 1268 huius
1942 1202 2196 1288 generis
2230 1201 2634 1276 verecundia,

570 1296 955 1383 praesertim
980 1305 1211 1360 natura
1235 1295 1376 1380 ipsa
1403 1297 1713 1382 magistra
1741 1308 1805 1362 et
1831 1297 2015 1363 duce.
2069 1319 2220 1362 cum
2249 1307 2466 1361 autem
2493 1296 2636 1381 pul·
2671 1295 2740 1350 36

573 1389 954 1455 chi-itudinis
985 1388 1114 1452 duo
1141 1411 1381 1474 genera
1410 1392 1554 1467 sint,
1583 1413 1856 1475 quorum
1885 1391 1952 1454 in
1981 1392 2180 1456 altero
2198 1401 2500 1457 venustas
2519 1400 2635 1466 est,
2673 1367 2750 1408 ¹³⁰

570 1485 642 1550 in
670 1484 874 1548 altero
904 1483 1200 1570 dignitas,
1231 1496 1633 1551 venustatem
1660 1485 2035 1552 muliebrem
2056 1487 2288 1551 ducere
2309 1486 2637 1561 debemus,

573 1577 958 1664 dignitatem
1000 1578 1267 1642 virilem.
1358 1602 1511 1666 ergo
1558 1591 1623 1646 et
1659 1605 1698 1646 a
1731 1580 1940 1646 forma
1981 1590 2388 1646 removeatur
2433 1579 2638 1644 omnis

570 1672 716 1740 viro
742 1693 875 1736 non
904 1671 1137 1756 dignus
1166 1683 1446 1752 ornatus,
1476 1685 1540 1739 et
1556 1674 1706 1738 huic
1727 1675 1932 1741 simile
1951 1676 2176 1739 vitium
2193 1675 2261 1737 in
2287 1683 2476 1760 gestu
2500 1693 2640 1736 mo—

572 1778 778 1849 tuque
807 1777 1137 1842 caveatur3
1174 1790 1324 1831 nam
1351 1778 1417 1833 et
1444 1769 1806 1854 palaestrici
1835 1779 2046 1833 motus
2073 1779 2224 1833 sunt
2251 1789 2442 1852 saepe
2463 1766 2640 1830 odio-

572 1861 781 1927 siores
820 1871 887 1926 et
919 1859 1299 1927 histrionum
1336 1885 1467 1928 non
1501 1864 1662 1928 nulli
1697 1874 1918 1950 gestus
1942 1863 2199 1948 ineptiis
2226 1883 2358 1926 non
2385 1872 2638 1937 vacant,

572 1967 641 2021 et
686 1955 755 2019 in
798 1965 1071 2038 utroque
1115 1978 1353 2041 genere
1398 1979 1563 2041 quae
1611 1968 1760 2023 sunt
1804 1969 1979 2023 recta
2028 1968 2092 2022 et
2146 1954 2459 2040 simplicia
2501 1956 2640 2019 lau-

572 2050 833 2114 dantur.
922 2049 1167 2114 formae
1216 2061 1430 2116 autem
1470 2051 1750 2136 dignitas
1797 2050 2024 2116 coloris
2069 2050 2355 2114 bonitate
2400 2049 2640 2114 tuenda
2719 2092 2726 2101 ι

573 2153 696 2219 est,
732 2143 909 2207 color
944 2145 1502 2210 exercitationibus
1540 2146 1841 2230 corporis.
1915 2143 2276 2210 adhibenda
2309 2153 2640 2228 praeterea
2699 2195 2710 2202 .

570 2237 894 2302 munditia
940 2247 1036 2302 est
1081 2261 1212 2302 non
1258 2239 1481 2304 odiosa
1525 2261 1736 2324 neque
1772 2239 2090 2324 exquisita
2123 2237 2343 2315 nimis,
2389 2247 2639 2302 tantum

574 2352 748 2416 quae
795 2330 1007 2416 fugiat
1052 2342 1376 2416 agrestem
1412 2343 1476 2398 et
1509 2333 1926 2398 inhumanam
1961 2331 2454 2418 neglegentiam.
2535 2353 2652 2420 ea-¹

574 2427 729 2490 dem
771 2425 935 2489 ratio
981 2437 1078 2490 est
1124 2426 1423 2492 habenda
1466 2429 1763 2505 vestitus,
1808 2428 1877 2492 in
1913 2449 2070 2512 qu0,
2117 2427 2283 2492 sicut
2315 2426 2384 2490 in
2419 2424 2642 2511 pleris-

572 2542 708 2605 que
742 2519 955 2596 rebus‚
990 2521 1395 2587 mediocritas
1432 2523 1675 2608 optima
1709 2534 1826 2588 est.
1899 2522 2259 2588 cavendum
2293 2531 2508 2586 autem
2543 2531 2640 2585 est
2669 2543 2741 2583 131

572 2637 663 2680 ne
716 2624 829 2679 aut
879 2615 1285 2680 tarditatibus
1338 2625 1597 2681 utamur
1638 2621 1707 2681 in
1751 2618 2045 2703 ingressu
2089 2615 2484 2680 mollioribus
2497 2661 2516 2692 ,
2571 2625 2643 2678 ut

576 2729 963 2794 pomparum
996 2708 1259 2773 ferculis
1296 2709 1532 2775 similes
1569 2733 1710 2776 esse
1745 2712 2096 2786 videamur,
2134 2722 2246 2772 aut
2277 2709 2346 2772 in
2379 2707 2643 2771 festina·-

578 2802 863 2867 tionibus
909 2803 1333 2888 suscipiamus
1378 2804 1607 2868 nimias
1645 2804 2029 2879 celeritates,
2075 2823 2242 2884 quae
2279 2823 2425 2864 cum
2461 2799 2640 2873 fiunt,

576 2895 901 2964 anhelitus
935 2910 1295 2976 moventur,
1333 2899 1543 2963 voltus
1579 2907 1928 2973 mutantur,
1966 2918 2080 2961 ora
2114 2904 2515 2978 torquentum
2549 2913 2642 2956 'ex

577 2989 819 3074 quibus
881 3013 1120 3077 magna
1184 2992 1563 3077 significatio
1614 2992 1690 3056 fit
1742 3013 1873 3056 non
1924 2990 2148 3055 adesse
2201 2986 2641 3053 constantiam.

578 3083 700 3148 sed
742 3085 945 3149 multo
982 3086 1175 3150 etiam
1212 3087 1419 3172 magis
1455 3085 1916 3151 elaborandum
1953 3097 2051 3150 est
2082 3107 2166 3149 ne
2203 3083 2399 3148 animi
2432 3094 2643 3147 motus

576 3201 621 3242 a
671 3190 903 3244 natura
948 3181 1277 3245 recedant:
1334 3181 1507 3264 quod
1556 3181 2010 3264 adsequemur‚
2059 3179 2112 3242 si
2157 3177 2526 3243 cavebimus
2561 3197 2644 3240 ne

574 3272 653 3338 in
706 3273 1213 3356 perturbationes
1268 3285 1459 3358 atque
1513 3274 2012 3340 exanimationes
2065 3273 2420 3337 incidamus
2475 3280 2536 3334 et
2591 3269 2647 3332 si

580 3375 862 3431 attentos
928 3368 1173 3432 animos
1227 3369 1310 3432 ad
1364 3369 1609 3434 decoris
1664 3367 2212 3433 conservationem
2263 3362 2641 3428 tenebimus.

578 3470 799 3526 motus
834 3473 1050 3528 autem
1086 3463 1443 3527 animorum
1478 3463 1765 3548 duplices
1802 3470 1977 3525 sunt:
2016 3458 2196 3522 alteri
2223 3454 2642 3544 cogitationi&
2673 3483 2748 3524 132

580 3555 769 3620 alteri
814 3557 1155 3643 adpetitus.
1246 3556 1550 3642 cogitatio
1591 3557 1661 3620 in
1703 3577 1858 3620 vero
1906 3550 2297 3636 exquirendo
2342 3568 2642 3613 maxume

580 3661 909 3728 versatur,
956 3652 1280 3737 adpetitus
1325 3651 1573 3738 inpellit
1608 3651 1693 3715 ad
1728 3648 2069 3735 agendum.
2161 3644 2513 3710 curandum
2550 3657 2647 3708 est

582 3745 785 3829 igitur
828 3756 902 3810 ut
948 3747 1335 3832 cogitatione
1380 3746 1464 3810 ad
1497 3767 1599 3810 res
1636 3766 1833 3828 quam
1869 3751 2164 3828 optumas
2199 3750 2484 3814 utamur,
2534 3738 2648 3800 ad-

584 3838 861 3923 petitum
896 3841 1126 3906 rationi
1160 3840 1606 3908 oboedientem
1638 3837 2080 3926 praebeamus.

718 3933 809 4032 Et
860 3938 1164 4022 quoniam
1216 3959 1453 4024 magna
1507 3936 1605 4001 vis
1651 3931 1952 4000 orationis
1997 3941 2094 3995 est
2137 3950 2341 4013 eaque
2385 3925 2645 4012 duplex,
2681 3938 2748 3992 3⁷

589 4033 794 4098 altera
838 4032 1292 4109 contentionis,
1340 4032 1538 4098 altera
1583 4026 1921 4106 sermonis,
1967 4021 2286 4092 contentio
2331 4020 2647 4109 discepta-

2634 4223 2794 4244 n*-
