3292 4559
718 194 851 271 262
972 218 980 225 ·
1329 209 1406 265 M.
1442 208 1720 267 'runnu
1753 203 2154 269 CICERONIS

716 337 1001 404 omnium
1042 352 1257 401 rerum
1300 332 1752 409 Academiam,
1807 329 1976 399 hano
2026 330 2110 397 ab
2151 330 2444 397 Arcesila
2497 340 2566 397 et
2611 327 2766 397 Cat-

714 432 919 498 neade
952 439 1303 507 recentem,
1341 448 1678 493 exoremus
1713 436 1787 491 ut
1821 425 2036 503 sileat3
2088 437 2241 491 nam
2273 424 2329 491 si
2362 424 2674 491 invaserit
2703 424 2768 489 in

715 526 905 603 haee,
958 538 1127 609 quae
1178 520 1333 587 satis
1388 521 1541 587 scite
1594 520 1780 586 nobis
1831 520 2142 586 instructa
2193 529 2258 585 et
2301 518 2640 604 conposita
2679 518 2774 582 vi-

719 620 977 696 dentur,
1020 618 1284 683 miseras
1330 616 1479 681 edet
1520 614 1769 680 ruinas:
1821 635 2017 699 quam
2059 613 2321 697 quidem
2355 634 2480 699 ego
2511 612 2772 699 planare

612 787 683 843 14
715 734 955 843 oupzo’*
962 712 1346 871 Βῗξιῗιῗινῗῗ
1364 709 1768 869 ἰῐῐιιοῗίεῧῖᾶίιξέ.
1781 801 1928 867 ullis
1973 799 2354 868 suffimentis
2389 798 2635 885 expiati
2668 820 2772 863 su·-

620 858 675 903 ⁴⁰
716 914 890 967 mus:
936 911 1001 966 at
1042 921 1196 967 vero
1242 900 1552 964 scelerum
1594 898 1664 963 in
1708 897 1997 963 homines
2041 907 2236 981 atque
2279 895 2347 963 in
2391 894 2536 961 deoc
2571 894 2772 977 inpie·

714 1006 921 1061 tatum
962 996 1141 1061 nulla
1185 993 1465 1079 expiatio
1518 1003 1643 1070 est3
1699 993 1914 1077 itaque
1958 1012 2201 1078 poenas
2241 990 2430 1057 luunt
2471 1010 2608 1055 non
2641 998 2772 1053 tam

714 1089 965 1155 iudiciis
998 1124 1088 1137 --
1120 1108 1289 1173 quae
1332 1087 1659 1171 quondam
1701 1108 2022 1171 nusquam
2069 1096 2276 1163 erant,
2323 1084 2516 1149 hodie
2557 1082 2776 1151 multi·-

714 1182 944 1249 fariam
983 1183 1162 1247 nulla
1204 1191 1382 1257 sunt,
1427 1181 1541 1246 ubi
1588 1192 1737 1247 sunt
1779 1192 2025 1259 autem,
2069 1186 2378 1265 persaepe
2412 1178 2580 1245 falsa
2627 1188 2772 1241 sunt

713 1312 827 1354 -,
874 1277 987 1341 sed
1031 1296 1141 1342 eos
1186 1274 1432 1361 agitant
1495 1274 2016 1359 insectanturque
2069 1274 2276 1340 fin-iae
2287 1322 2308 1353 ,
2358 1295 2493 1339 non
2545 1272 2774 1337 arden-

714 1370 888 1436 tibus
944 1369 1179 1447 taedis,
1234 1369 1401 1435 sieut
1449 1368 1519 1434 in
1570 1369 1838 1445 fabulis,
1891 1369 2005 1435 sed
2055 1388 2294 1455 angore
2347 1367 2772 1433 eonscientiae

712 1458 1084 1548 fraudisque
1128 1462 1433 1529 cruciatu.
1521 1464 1698 1549 quod
1745 1464 1803 1530 si
1835 1463 2124 1530 homines
2159 1464 2242 1528 ab
2275 1462 2514 1529 iniuria
2543 1482 2773 1547 poena,

640 1594 643 1599 ·
712 1582 844 1625 non
886 1567 1117 1625 natura
1158 1578 1378 1625 arcere
1423 1558 1714 1636 deberet,
1759 1564 2078 1643 quaenam
2113 1558 2472 1623 sollicitudo
2510 1566 2773 1623 vexaret

711 1653 918 1740 inpios
952 1652 1205 1719 sublato
1238 1649 1698 1740 suppliciorum
1733 1653 1948 1719 metu?
2019 1674 2290 1737 quorum
2327 1662 2547 1717 tamen
2581 1670 2770 1715 nemo

711 1757 844 1813 tam
887 1747 1100 1813 audax
1142 1768 1451 1831 umquam
1494 1747 1650 1825 fnit,
1693 1746 1848 1831 quin
1895 1757 2010 1812 aut
2050 1747 2358 1811 abnueret
2393 1768 2432 1811 a
2479 1764 2550 1810 se
2597 1765 2774 1809 oom-

710 1841 979 1907 missum
1032 1864 1171 1907 esse
1224 1840 1475 1907 facinus
1528 1852 1640 1907 aut
1691 1841 1846 1906 iusti
1895 1842 1998 1907 sui
2052 1840 2286 1905 doloris
2338 1861 2604 1905 oausam
2657 1837 2773 1903 ali-

710 1954 905 2018 quam
954 1936 1229 2023 fingeret
1278 1935 1840 2019 defensionemque
1892 1934 2194 2000 facinoris
2237 1958 2278 1999 a
2318 1943 2586 1998 naturae
2631 1932 2773 1999 iure

712 2030 923 2113 aliquo
974 2041 1336 2115 quaereret:
1404 2048 1571 2115 quae
1622 2030 1680 2096 si
1729 2030 2052 2117 appellare
2105 2030 2343 2095 audent
2391 2028 2582 2114 inpii,
2639 2050 2770 2113 quo

708 2124 968 2189 tandem
1004 2125 1216 2191 studio
1252 2127 1541 2193 colentur
1574 2150 1613 2191 a
1646 2125 1873 2191 bonis?
1915 2125 2090 2209 quod
2126 2126 2179 2190 si
2213 2146 2440 2211 poena,
2475 2123 2532 2188 si
2555 2134 2774 2196 metus

708 2218 1033 2304 supplicii,
1078 2242 1207 2285 non
1251 2220 1394 2305 ipsa
1436 2221 1768 2307 turpitudo
1813 2221 2087 2285 deterret
2129 2220 2214 2285 ab
2257 2218 2563 2284 iniuriosa
2605 2217 2768 2283 faoi·-

704 2332 1059 2394 nerosaque
1110 2312 1271 2390 vita,
1324 2336 1515 2379 nemo
1567 2325 1666 2381 est
1714 2315 1986 2379 iniustus
2030 2307 2222 2399 atqu'e
2265 2312 2509 2379 incauti
2551 2312 2768 2397 potius

608 2426 662 2465 u
704 2401 985 2468 habendi
1030 2416 1176 2469 sunt
1218 2406 1490 2491 inprobi.
1579 2420 1719 2474 tum
1753 2420 1969 2475 autem
2004 2410 2118 2494 qui
2149 2430 2280 2474 non
2313 2409 2456 2494 ipso
2491 2406 2766 2473 honesto

702 2514 1035 2561 movemur
1080 2498 1154 2563 ut
1195 2500 1349 2563 boni
1392 2502 1513 2565 viri
1556 2500 1786 2580 simus,
1833 2504 1948 2569 sed
1977 2502 2262 2569 utilitate
2306 2502 2525 2586 aliqua
2571 2511 2766 2584 atque

701 2589 936 2669 fructu,
972 2592 1185 2657 callidi
1220 2614 1461 2672 sumus,
1499 2616 1629 2661 non
1664 2598 1844 2662 boni:
1881 2618 2032 2663 nam
2069 2597 2224 2681 quid
2257 2596 2452 2661 faciet
2481 2595 2541 2660 is
2569 2594 2766 2659 homo

698 2683 769 2749 in
804 2685 1110 2765 tenebris,
1158 2687 1271 2771 qui
1304 2682 1464 2753 nihil
1500 2690 1684 2755 timet
1717 2690 1841 2755 nisi
1874 2700 2102 2757 testem
2138 2701 2203 2755 et
2233 2688 2552 2755 iudicem?
2603 2688 2765 2771 quid

698 2777 769 2841 in
822 2778 1073 2846 deserto
1128 2802 1255 2865 quo
1300 2782 1441 2847 loeo
1488 2794 1745 2862 nactus,
1798 2804 1990 2868 quem
2035 2784 2238 2849 multo
2280 2804 2438 2849 auro
2485 2783 2768 2867 spoliare

698 2873 929 2957 possit,
974 2872 1342 2941 inbecillum
1388 2886 1579 2960 atque
1624 2878 1870 2943 solum?
1935 2876 2154 2943 noster
2197 2877 2458 2962 quidem
2505 2876 2614 2941 hio
2649 2900 2770 2941 na-

699 2974 845 3029 tura
884 2966 1091 3032 iustus
1136 2970 1235 3033 vir
1280 2990 1359 3036 ao
1400 2970 1609 3037 bonus
1645 2974 1837 3037 etiam
1873 2970 2320 3056 ooffloquetur,
2365 2970 2650 3047 iuvabit,
2697 2972 2768 3035 in

699 3056 871 3121 viam
909 3058 1209 3139 deducet3
1262 3064 1319 3129 is
1366 3086 1518 3130 vero
1531 3111 1550 3142 ,
1599 3066 1710 3149 qui
1743 3066 1904 3130 nihil
1939 3066 2200 3134 alterius
2237 3083 2435 3130 eausa
2465 3064 2667 3130 faciet
2703 3074 2768 3133 et

696 3150 993 3216 metietur
1036 3154 1167 3219 suis
1214 3159 1564 3224 commodis
1610 3160 1855 3236 omnia,
1901 3159 2162 3237 videtis,
2209 3158 2398 3225 eredo
2409 3206 2432 3237 ,
2476 3158 2639 3243 quid
2685 3159 2770 3223 sit

697 3255 986 3311 aeturus:
1038 3250 1215 3332 quod
1261 3252 1317 3316 si
1357 3253 1623 3338 negabit
1669 3275 1740 3319 se
1773 3254 1866 3318 illi
1900 3254 2100 3319 vitam
2135 3263 2504 3339 erepturum
2543 3263 2610 3319 et
2645 3274 2772 3317 au-

693 3357 839 3450 rum
874 3341 1258 3423 ablaturum,
1294 3369 1647 3431 numquam
1683 3350 1768 3413 ob
1797 3370 1942 3415 eam
1971 3369 2234 3417 oausam
2259 3348 2546 3435 negabit,
2583 3349 2770 3433 quod

692 3432 761 3497 1d
794 3445 1025 3500 natura
1059 3448 1245 3523 turpe
1280 3440 1550 3517 iudicet,
1598 3442 1714 3507 sed
1751 3444 1925 3527 quod
1959 3453 2206 3509 metuat
2237 3466 2324 3508 ne
2357 3440 2648 3521 emanet,
2693 3442 2767 3507 id

694 3537 810 3604 est,
844 3550 927 3593 ne
961 3531 1203 3596 malum
1236 3532 1489 3599 habeat.
1564 3556 1603 3600 o
1636 3554 1775 3603 rem
1809 3537 2094 3625 dignam,
2127 3538 2196 3601 in
2233 3557 2363 3621 qua
2395 3536 2530 3603 non
2563 3538 2768 3606 modo

692 3618 883 3702 docti,
920 3624 1027 3687 sed
1058 3624 1251 3689 etiam
1286 3638 1572 3712 agrestes
1609 3630 2024 3697 erubescant!

586 3698 656 3810 ἒξ
817 3713 960 3779 Iam
1003 3736 1157 3781 vero
1198 3717 1357 3783 illud
1402 3722 1875 3802 stultissimum,
1923 3725 2288 3792 existimare
2333 3725 2554 3791 omnia
2585 3725 2768 3790 iusta

688 3825 856 3883 esse,
902 3826 1069 3895 quae
1112 3812 1355 3878 sanoita
1398 3814 1525 3879 sint
1570 3816 1641 3888 in
1675 3813 2062 3904 populorum
2095 3818 2405 3886 institutis
2441 3830 2560 3885 aut
2591 3818 2768 3907 legi-

686 3893 829 3999 bus.
899 3900 1221 4007 ‘etiamnffi
1268 3906 1323 3969 si
1368 3928 1535 3990 quae
1579 3910 1761 3996 leges
1806 3924 1957 3981 sunt
2007 3913 2470 3999 tyrannorum?
2538 3914 2598 3978 si
2639 3913 2764 3979 tri-

684 3996 864 4067 gmta
894 3992 988 4055 :lli
1023 3994 1299 4063 Athenis
1334 3998 1512 4085 leges
1546 4003 1855 4089 inponere
1891 4008 2246 4074 voluissent
2280 4018 2393 4073 aut
2429 4008 2486 4073 si
2521 4028 2761 4075 omnes
