3292 4559
751 236 878 302 132
1359 246 1438 301 Μ.
1476 243 1751 301 TULLII
1787 240 2191 298 CICERONIS

638 391 645 400 “
745 371 1057 460 principio
1111 382 1208 437 est
1259 370 1328 434 in
1378 368 1551 433 omni
1603 367 1977 451 quaestione
2023 364 2591 443 considerandum,
2651 389 2834 432 sem-

745 488 942 552 perne
978 463 1192 542 fuerit,
1227 464 1404 529 nullo
1440 472 1785 547 generatus
1820 470 1985 539 ortu,
2023 483 2107 524 an
2142 471 2319 525 ortus
2356 460 2438 524 sit
2474 460 2558 524 ab
2596 460 2834 544 aliquo

749 559 1052 643 temporis
1087 558 1470 646 principatu.
1559 566 1737 620 ortus
1773 566 1901 631 est,
1937 554 2195 639 quando
2232 553 2494 638 quidem
2531 555 2836 620 cernitur

753 667 817 719 st
849 654 1132 739 tangitur
1165 662 1231 718 et
1266 662 1363 717 est
1395 649 1682 734 undique
1718 658 2117 734 corporatus3
2154 648 2370 712 omnia
2404 658 2627 714 autem
2668 650 2836 713 talia

753 770 1008 815 sensum
1055 757 1343 823 movent,
1389 765 1741 827 sensusque
1786 743 2111 808 moventia
2153 764 2319 827 quae
2356 754 2535 819 sunt,
2588 745 2829 809 eadem

749 843 817 907 in
873 840 1236 927 opinatione
1290 839 1661 915 considunt,
1728 859 1893 922 quae
1946 848 2157 902 ortum
2210 836 2447 903 habere
2500 837 2829 924 gignique

753 935 1056 1011 diximus,
1123 934 1280 998 nihil
1344 944 1559 997 autem
1618 930 1803 1017 gigni
1863 952 2053 1016 posse
2108 930 2244 996 sine
2297 930 2527 995 causis.
2623 943 2831 1016 atque
2949 934 2952 943 '

751 1031 929 1095 illum
965 1030 1227 1115 quidem
1261 1027 1447 1113 quasi
1481 1038 1815 1114 parentem
1842 1025 2035 1090 huius
2060 1024 2495 1090 universitatis
2523 1024 2831 1092 invenire

753 1126 1010 1189 difficile
1047 1134 1140 1201 et,
1177 1145 1323 1187 cum
1358 1123 1488 1186 iam
1523 1120 1874 1195 inveneris,
1920 1119 2257 1185 indicare
2238 1142 2305 1183 ιιι
2340 1120 2575 1205 volgus
2611 1120 2823 1186 nefas.

749 1239 969 1283 rursus
1003 1218 1201 1303 igitur
1235 1214 1616 1292 videndum,
1654 1215 1762 1279 ille
1797 1213 2142 1278 fabricator
2176 1212 2367 1277 huius
2403 1214 2570 1278 tanti
2607 1216 2826 1300 operis

753 1323 966 1375 utrum
1013 1312 1096 1375 sit
1136 1310 1420 1375 imitatus
1467 1308 1823 1394 exemplar,
1868 1309 2047 1385 idne,
2093 1306 2269 1392 quod
2312 1330 2567 1395 semper
2614 1332 2824 1375 unum

757 1419 817 1471 st
861 1407 1032 1470 idem
1067 1415 1132 1469 et
1167 1404 1267 1469 sui
1302 1405 1536 1482 simile,
1583 1428 1667 1469 an
1708 1404 1805 1482 id,
1852 1403 2027 1487 quod
2060 1414 2436 1489 generatum
2474 1414 2830 1489 ortumque

757 1499 1044 1563 dicimus.
1134 1498 1310 1582 atqui
1356 1498 1410 1563 si
1457 1497 1723 1583 pulcher
1768 1507 1865 1563 est
1908 1497 2014 1562 hic
2056 1497 2334 1562 mundus
2382 1508 2446 1563 et
2483 1498 2537 1562 si
2574 1500 2827 1584 probus

757 1591 893 1655 sius
936 1590 1194 1669 artifex,
1239 1592 1526 1678 profecto
1562 1591 1841 1677 speciem
1879 1592 2267 1657 aeternitatis
2302 1591 2535 1657 imitari
2572 1594 2831 1670 maluit,

757 1687 853 1751 sin
909 1708 1120 1764 secus,
1175 1687 1350 1770 quod
1400 1709 1483 1751 ne
1538 1686 1714 1751 dictu
1767 1685 2030 1770 quidem
2078 1686 2178 1751 fas
2245 1697 2370 1763 est,
2434 1699 2830 1773 generatum

757 1782 1118 1868 exemplum
1164 1790 1260 1846 est
1306 1802 1424 1866 pro
1474 1791 1731 1845 aeterno
1777 1790 2051 1845 secutus.
2139 1802 2269 1845 non
2311 1780 2508 1867 igitur
2546 1781 2830 1848 dubium

757 1875 913 1959 quin
957 1875 1394 1941 aeternitatem
1443 1874 1742 1939 maluerit
1776 1874 2067 1958 exsequi,
2112 1875 2370 1958 quando
2407 1876 2681 1959 quidem
2719 1901 2832 1942 ne-
2948 1939 2952 1947 ,

757 1991 881 2054 qus
929 1970 1168 2034 mundo
1214 1970 1560 2054 quicquam
1605 1968 1933 2054 pulchrius
1979 1990 2188 2052 neque
2236 1970 2374 2034 eius
2410 1970 2830 2037 aedificatore

755 2064 1201 2147 praestantius.
1274 2064 1366 2129 sic
1403 2085 1556 2149 ergo
1591 2074 1935 2149 generatus
1973 2063 2057 2127 ad
2091 2063 2158 2126 id
2188 2073 2286 2128 est
2314 2062 2609 2141 effectus,
2648 2066 2832 2149 quod

757 2159 999 2222 rat-ione
1071 2156 1511 2242 sapientiaque
1584 2155 2122 2242 conprehenditur
2184 2167 2378 2241 atque
2440 2160 2831 2223 aeternitate

757 2250 1115 2315 inmutabili
1177 2249 1562 2328 continetur3
1634 2273 1717 2315 ex
1778 2271 1907 2334 quo
1973 2248 2246 2315 efficitur
2296 2262 2370 2314 ut
2421 2251 2503 2314 sit
2558 2274 2828 2318 necesse

757 2343 955 2419 hunc,
1010 2365 1204 2426 quem
1258 2344 1604 2421 cernimus,
1660 2344 1971 2408 mundum
2026 2342 2437 2408 simulacrum
2484 2357 2825 2410 aeternum

761 2460 897 2500 esse
951 2436 1218 2499 alicuius
1276 2437 1535 2502 aeterni.
1626 2437 2075 2503 difficillimum
2126 2448 2343 2502 autem
2389 2448 2486 2503 est
2529 2439 2604 2503 in
2650 2441 2824 2503 omni

761 2529 1217 2611 conquisitione
1285 2530 1548 2595 rationis
1620 2531 1973 2596 exordium.
2076 2531 2157 2596 de
2217 2531 2295 2596 iis
2354 2532 2583 2618 igitur,
2658 2557 2828 2618 quae

765 2623 1070 2700 diximus,
1116 2622 1276 2688 haec
1322 2623 1403 2687 sit
1446 2624 1654 2709 prima
1698 2623 2038 2690 distinctio.
2127 2625 2301 2690 omni
2354 2626 2629 2691 orationi
2677 2651 2826 2694 cum

761 2719 837 2783 iis
873 2717 1081 2795 rebus,
1118 2716 1200 2782 de
1235 2717 1469 2801 quibus
1506 2719 1812 2804 explicat,
1848 2718 2102 2785 videtur
2137 2742 2280 2785 esse
2317 2722 2647 2806 cognatio:
2708 2724 2830 2788 ita-

761 2835 885 2895 que
925 2834 1069 2875 cum
1106 2811 1186 2877 de
1221 2835 1291 2878 re
1329 2812 1541 2877 stabili
1575 2823 1639 2877 et
1674 2812 2033 2878 inmutabili
2069 2813 2350 2899 disputat
2377 2815 2631 2898 ¹oratio,
2681 2818 2829 2881 talis

761 2911 869 2983 sit,
917 2907 1123 2991 qualis
1161 2907 1300 2985 illa,
1349 2928 1514 2991 quae
1548 2930 1761 2993 neque
1796 2908 2097 2994 redargui
2132 2906 2676 2994 neque‘convinci
2714 2936 2832 2999 po-

761 3015 909 3075 tsst;
948 3022 1093 3064 cum
1131 3012 1346 3067 autem
1381 3002 1675 3087 ingressa
1708 3013 1805 3067 est
1840 3002 2088 3084 imitata
2123 3014 2185 3069 et
2216 3003 2430 3069 efficta
2456 3005 2830 3086 simulacra,

761 3095 921 3159 bene
959 3094 1065 3179 agi
1099 3104 1302 3179 putat,
1339 3095 1394 3159 si
1429 3095 1911 3161 similitudinem
1945 3096 2082 3161 veri
2118 3108 2577 3181 consequatur:
2619 3122 2831 3185 quan·

761 3200 897 3251 tum
933 3187 1103 3250 enim
1141 3188 1224 3251 ad
1256 3188 1352 3265 id,
1399 3189 1573 3272 quod
1625 3199 1837 3253 ortum
1873 3200 1999 3266 est,
2046 3190 2385 3255 aeternitas
2430 3192 2639 3269 valet,
2686 3205 2831 3259 tan-

761 3295 897 3343 tum
959 3280 1043 3344 ad
1104 3280 1299 3346 fidem
1359 3281 1614 3347 veritas.
1725 3283 2025 3367 quocirca
2087 3284 2141 3348 si
2194 3282 2360 3349 forte
2415 3284 2496 3350 de
2551 3287 2825 3352 deorum

761 3387 988 3439 natura
1032 3386 1303 3460 ortuque
1350 3376 1574 3441 mundi
1620 3376 2003 3443 disserentes
2047 3378 2259 3443 minus
2303 3379 2402 3457 id,
2448 3381 2628 3463 quod
2674 3406 2829 3448 ave-

761 3491 901 3531 mus
937 3470 1172 3547 animo,
1208 3491 1693 3556 consequemur,
1730 3482 1803 3537 ut
1837 3483 1972 3536 tota
2007 3471 2284 3538 dilucide
2319 3484 2384 3539 et
2414 3475 2612 3558 plane
2636 3497 2831 3539 exor-

761 3575 913 3627 nata
962 3564 1162 3628 oratio
1214 3563 1337 3628 sibi
1394 3576 1641 3631 constet
1696 3577 1760 3632 et
1811 3587 1892 3630 ex
1945 3566 2119 3630 omni
2170 3578 2351 3652 parte
2406 3589 2625 3632 secum
2673 3568 2832 3654 ipsa

765 3658 1134 3735 consentiat,
1169 3657 1345 3722 haud
1381 3682 1536 3725 sane
1570 3660 1692 3726 erit
1727 3661 1981 3738 mirum,
2018 3661 2426 3745 contentique
2455 3685 2600 3728 esse
2628 3662 2835 3729 debe-

761 3751 929 3827 bitis,
967 3750 1020 3815 si
1057 3751 1414 3837 probabilia
1450 3753 1743 3818 dicentur
1751 3778 1770 3831 3
1806 3775 2087 3837 aequum
2122 3765 2219 3819 est
2254 3754 2423 3820 enim
2451 3757 2838 3822 meminisse

765 3855 825 3911 st
859 3867 983 3920 me,
1020 3846 1131 3927 qui
1167 3845 1506 3924 disseram,
1543 3847 1866 3914 hominem
1904 3870 2043 3914 esse
2080 3858 2144 3914 et
2175 3869 2319 3926 vos,
2356 3848 2469 3932 qui
2504 3849 2840 3929 iudicetis,

761 3951 853 4008 ut,
893 3938 942 3999 si
976 3938 1333 4022 probabilia
1367 3941 1677 4018 dicentur,
1714 3964 1796 4007 ne
1830 3943 1985 4027 quid
2020 3943 2191 4007 ultra
2222 3941 2585 4026 requiratis.

893 4031 1296 4109 Quaeramus
1340 4033 1537 4117 igitur
1583 4056 1873 4113 causam,
1922 4058 2087 4120 quae
2131 4035 2433 4121 inpulerit
2481 4058 2668 4115 eum,
2725 4039 2838 4124 qui

2885 4400 2933 4555 ,1

2936 3525 2941 3671 ιι

2934 3672 2939 3878 l

2934 3961 2937 4107 1

2932 4207 2935 4337 ι
