3292 4559
1104 252 1213 308 DE
1246 252 1585 311 LEGIBUS
1624 254 1730 309 III.
1768 254 2011 314 33—39.
2459 244 2588 311 307

514 376 697 461 quod
750 375 887 463 ipse
933 374 1198 441 Cassius
1252 388 1620 462 exceperat,
1673 378 2155 463 perduellionist
2212 378 2387 446 dedit
2437 380 2588 445 huic

514 489 777 556 quoque
835 469 1071 535 iudicio
1127 468 1205 535 O.
1262 468 1523 536 Caelius
1587 471 1891 535 tabellam
1944 472 2304 558 doluitque,
2369 475 2588 557 quoad

516 565 698 641 vixit,
734 586 835 641 se,
870 576 944 628 ut
978 564 1365 649 opprimeret
1402 562 1481 629 C.
1518 564 1875 650 Popilium,
1911 566 2208 631 nocuisse
2242 567 2337 633 rei
2373 568 2585 653 publi-

512 682 655 724 cae.
727 669 791 724 et
827 680 986 723 avus
1022 658 1284 741 quidem
1318 669 1534 724 noster
1569 660 1880 745 singulari
1915 660 2148 725 virtute
2181 659 2247 724 in
2283 659 2406 727 hoc
2441 685 2584 728 mu-

516 753 773 840 nicipiO,
812 752 1027 836 quoad
1060 752 1241 830 vixit,
1277 753 1507 817 restitit
1543 753 1639 817 Μ.
1681 752 2006 831 Gratidio,
2045 753 2228 819 cuius
2263 754 2330 821 in
2365 756 2584 821 matri-

515 846 734 912 monio
786 868 1097 925 sororem,
1144 845 1356 911 aviam
1390 858 1705 931 nostram,
1751 847 2062 925 habebat,
2107 847 2338 913 ferenti
2372 849 2583 934 legem

516 940 944 1007 tabellariam=
999 939 1319 1007 excitabat
1364 940 1533 1007 enim
1576 942 1812 1007 fluctus
1858 940 1924 1005 in
1969 941 2243 1026 simpulo
2253 988 2274 1019 ,
2319 953 2390 1007 ut
2429 942 2585 1007 dici-

516 1047 642 1111 tur,
682 1033 1043 1111 Gratidius,
1089 1055 1253 1118 quos
1297 1046 1445 1121 post
1486 1034 1656 1101 filius
1702 1036 1838 1101 eius
1873 1035 1941 1100 in
1976 1036 2244 1123 Aegaeo
2281 1036 2584 1102 excitavit

513 1130 697 1195 mari.
788 1150 864 1193 ac
898 1138 1115 1193 nostro
1152 1129 1413 1213 quidem
1448 1152 1601 1205 avo,
1640 1152 1789 1196 cum
1828 1152 1932 1195 res
1969 1142 2135 1195 esset
2171 1132 2255 1196 ad
2288 1142 2585 1196 senatum

513 1223 759 1299 delata,
803 1222 903 1287 M.
941 1220 1227 1287 Scaurus
1264 1224 1487 1289 consul
1534 1224 1810 1289 ‘utinam
1823 1224 1862 1299 ,’
1905 1223 2116 1308 inquit
2165 1224 2292 1289 6Μ.
2332 1222 2582 1302 Cicero,

513 1320 639 1384 isto
686 1316 899 1382 animo
946 1327 1141 1400 atque
1190 1318 1425 1383 virtute
1460 1317 1527 1382 in
1562 1339 1813 1383 summa
1846 1340 1916 1384 re
1955 1318 2216 1405 publica
2249 1320 2586 1386 nobiscum

514 1411 761 1477 versari
804 1431 1003 1494 quam
1046 1411 1115 1475 in
1159 1411 1533 1497 municipali
1574 1412 1970 1477 maluissesl'
2049 1435 2244 1497 quam
2298 1414 2384 1478 ob
2426 1437 2584 1491 rem,
2628 1438 2678 1479 ετ

512 1504 823 1590 quoniam
867 1526 999 1569 non
1042 1507 1563 1591 recognoscimus
1605 1528 1779 1572 nunc
1812 1507 1991 1593 leges
2026 1507 2249 1592 populi
2284 1508 2583 1587 Romani,

512 1600 635 1665 sed
668 1610 781 1664 aut
813 1598 1162 1684 repetimus
1200 1610 1453 1685 ereptas
1490 1611 1603 1666 aut
1635 1622 1838 1665 novas
1875 1600 2233 1677 scribimus,
2268 1622 2400 1666 non
2427 1604 2585 1685 quid

514 1694 642 1759 hoc
674 1695 913 1779 populo
951 1694 1224 1759 obtineri
1260 1695 1491 1779 possit,
1530 1690 1644 1759 sed
1680 1694 1838 1780 quid
1873 1694 2185 1781 optimum
2222 1695 2304 1759 sit
2338 1696 2453 1760 tibi
2489 1696 2584 1761 di-

512 1788 793 1853 cendum
845 1798 1021 1873 puto.
1111 1809 1262 1852 nam
1317 1786 1585 1853 Cassiae
1635 1788 1800 1874 legis
1854 1788 2111 1874 culpam
2157 1787 2380 1875 Scipio
2434 1801 2582 1856 tuus

514 1882 818 1956 sustinet,
876 1901 1004 1964 quo
1058 1893 1320 1948 auctore
1372 1884 1503 1947 lata
1547 1904 1687 1947 esse
1733 1882 1982 1947 dicitur.
2072 1893 2173 1959 tu,
2219 1883 2274 1948 si
2319 1883 2585 1950 tabella-

514 1975 678 2040 riam
722 1974 971 2051 tulerim
1016 1975 1155 2060 ipse
1201 1976 1588 2061 praestabis3
1633 1997 1754 2041 nec
1799 1978 1971 2041 enim
2014 1976 2172 2043 mihi
2217 1979 2432 2063 placet
2461 2000 2583 2047 nec

515 2069 737 2134 Attico
772 2079 1011 2144 nostr0‚
1048 2080 1361 2153 quantum
1398 2093 1434 2138 e
1470 2071 1650 2134 voltu
1685 2069 1822 2134 eius
1851 2070 2174 2157 intellego.
2233 2074 2366 2137 Act.
2410 2072 2582 2137 Mihi
2620 2084 2686 2139 17

514 2184 669 2227 vero
722 2162 881 2227 nihil
934 2183 1243 2246 umquam
1295 2164 1604 2250 populare
1658 2163 1898 2248 placuit
1951 2185 2224 2248 eamque
2276 2166 2583 2251 optimam

514 2280 651 2323 rem
695 2256 1021 2344 publicam
1064 2280 1206 2323 esse
1250 2257 1423 2335 dico,
1470 2280 1667 2343 quam
1718 2257 1824 2322 hic
1879 2259 2102 2324 consul
2149 2261 2582 2339 constituerat,

512 2374 685 2437 quae
728 2353 811 2416 sit
852 2353 923 2418 in
966 2362 1281 2438 potestate
1329 2354 1732 2439 optimorum.
1821 2355 1916 2419 M.
1979 2355 2116 2422 Vos
2169 2355 2458 2439 quidem,
2511 2366 2584 2420 ut
2627 2372 2678 2413 ³8

514 2447 725 2524 video,
761 2449 972 2535 legem
1009 2450 1387 2533 antiquastis
1425 2449 1562 2515 sine
1596 2449 1855 2515 tabella.
1945 2449 2059 2515 sed
2095 2472 2237 2537 ego,
2273 2451 2394 2516 etsi
2429 2452 2582 2517 satis

512 2541 677 2607 dixit
726 2564 843 2628 pro
897 2566 965 2609 se
1018 2544 1084 2608 in
1135 2545 1259 2610 illis
1312 2545 1491 2611 libris
1539 2544 1790 2632 Scipio,
1835 2555 2050 2611 tamen
2095 2545 2186 2611 ita
2226 2546 2585 2612 libertatem

512 2636 703 2699 istam
737 2637 975 2720 largior
1009 2640 1271 2723 populo,
1307 2648 1381 2703 ut
1416 2640 1794 2705 auctoritate
1832 2649 1897 2705 et
1931 2640 2188 2706 valeant
2224 2652 2288 2704 et
2323 2651 2585 2704 utantur

516 2729 701 2804 boni3
741 2730 835 2792 sic
870 2730 1041 2793 enim
1079 2753 1118 2793 a
1152 2752 1257 2794 me
1300 2732 1567 2795 recitata
1601 2732 1709 2796 lex
1745 2743 1842 2797 est
1877 2732 1958 2797 de
1996 2732 2351 2815 suffragiis:
2390 2732 2585 2816 ‘opti-

514 2821 796 2886 matibus
833 2832 1006 2897 nota,
1044 2822 1217 2906 plebi
1253 2822 1454 2888 libera
1490 2825 1721 2889 sunto.'
1786 2846 1954 2906 quae
1987 2825 2094 2888 lex
2128 2823 2296 2889 hanc
2331 2834 2586 2891 senten-

512 2916 672 2981 tiam
724 2915 1035 2992 continet,
1088 2925 1162 2979 ut
1206 2916 1411 2980 omnis
1452 2917 1631 3001 leges
1674 2916 1884 2994 tollat,
1943 2938 2110 3000 quae
2153 2926 2378 3003 postea
2416 2917 2584 2983 latae

512 3023 665 3075 sunt
676 3059 695 3089 ,
743 3033 909 3095 quae
957 3020 1184 3096 tegunt
1229 3011 1403 3075 omni
1446 3011 1690 3078 ratione
1728 3010 2112 3098 suffragium
2127 3059 2145 3088 ,
2189 3034 2274 3077 ne
2308 3012 2452 3096 quis
2487 3012 2585 3077 in-

516 3105 744 3190 spiciat
779 3104 1081 3170 tabellam
1094 3152 1112 3182 ‚
1150 3128 1232 3172 ne
1270 3115 1483 3190 roget,
1520 3128 1602 3171 ne
1639 3106 1948 3193 appellet3
2003 3106 2214 3192 pontis
2249 3106 2444 3171 etiam
2477 3107 2584 3173 lex

514 3200 734 3265 Maria
774 3198 929 3265 fecit
972 3210 1299 3285 angustos.
1388 3220 1554 3283 quae
1599 3201 1655 3265 si
1699 3200 1992 3287 opposita
2027 3212 2176 3266 sunt
2209 3201 2581 3278 ambitiosis,
2627 3220 2679 3263 39

512 3305 591 3357 ut
626 3305 777 3358 sunt
810 3294 965 3370 fere,
1002 3315 1133 3358 non
1166 3293 1562 3379 reprehendo
1574 3319 1593 3373 ;
1631 3294 1731 3359 sin
1766 3295 2082 3361 valuerint
2107 3305 2357 3359 tantum
2384 3295 2581 3380 leges,

514 3402 590 3452 ut
636 3388 885 3452 desinat
926 3387 1205 3454 ambitus
1218 3437 1237 3467 ,
1282 3389 1519 3455 habeat
1554 3412 1710 3455 sane
1745 3392 2022 3477 populus
2058 3390 2362 3457 tabellam
2398 3391 2584 3475 quasi

514 3480 837 3547 vindicem
887 3481 1227 3559 libertatis,
1284 3484 1439 3549 dum
1491 3484 1683 3549 modo
1735 3485 1895 3551 haec
1951 3485 2192 3571 optimo
2236 3484 2474 3569 cuique
2519 3496 2584 3549 et

512 3574 895 3661 gravissimo
950 3576 1076 3641 civi
1130 3578 1501 3644 ostendatur
1544 3578 1844 3665 ultroque
1889 3579 2224 3657 offeratur,
2276 3590 2349 3644 ut
2389 3579 2460 3645 in
2505 3602 2581 3645 eo

510 3670 599 3735 sit
635 3670 791 3755 ,ipso
843 3670 1134 3749 libertas,
1187 3672 1256 3736 in
1302 3694 1431 3757 quo
1475 3674 1714 3759 populo
1759 3684 2042 3760 potestas
2087 3672 2352 3739 honeste
2396 3671 2581 3739 bonis

516 3764 921 3849 gratificandi
958 3766 1163 3831 datur.
1230 3787 1433 3850 eoque
1470 3788 1643 3831 nunc
1678 3766 1752 3831 fit
1785 3767 1966 3845 illud,
2003 3766 2178 3852 quod
2215 3789 2254 3832 a
2278 3777 2342 3832 te
2369 3768 2582 3846 mode,

516 3856 793 3939 Quinte,
831 3860 1075 3927 dictum
1110 3871 1235 3937 est,
1280 3872 1354 3925 ut
1388 3861 1601 3925 minus
1635 3862 1872 3927 multos
1909 3862 2146 3931 tabella
2182 3862 2582 3938 condemnet,

516 3972 715 4035 quam
757 3955 1005 4021 solebat
1049 3976 1204 4031 vox,
1249 3956 1404 4039 quia
1450 3958 1692 4041 populo
1727 3957 1920 4023 licere
1957 3958 2110 4022 satis
2147 3968 2270 4023 est:
2326 3957 2448 4022 hoc
2483 3979 2583 4023 re-

516 4058 694 4112 tento
755 4049 1003 4133 reliqua
1063 4050 1359 4119 voluntas
1412 4051 1776 4118 auctoritati
1827 4062 1940 4118 aut
1991 4052 2238 4139 gratiae
2291 4052 2581 4121 traditur.

2119 4153 2224 4209 20*
