3292 4559
1044 268 1049 274 .
1126 231 1233 286 DE
1270 231 1603 290 ormcns
1637 235 1684 288 1.
1725 235 1965 291 91-97,
2004 223 2014 238 “
2192 270 2194 272 ψ
2488 225 2574 290 29

498 359 574 422 in
618 353 827 422 tribus
874 355 1308 441 superioribus
1354 358 1509 440 quid
1557 358 1781 424 deceat
1823 359 2118 445 adparet:
2185 383 2338 427 nam
2375 371 2442 426 et
2471 384 2574 427 ra-

500 453 683 516 tione
736 450 838 516 uti
886 461 1078 536 atque
1123 450 1409 516 oratione
1453 453 1804 538 prudenter
1853 464 1918 518 et
1961 475 2154 538 agere
2197 453 2372 538 quod
2416 477 2572 540 agas
2679 451 2682 456 ’

502 545 912 612 considerate
949 545 1253 630 omnique
1285 545 1354 610 in
1387 567 1479 622 re,
1514 546 1674 630 quid
1720 548 1802 613 sit
1845 547 2009 625 veri,
2054 548 2272 614 videre
2309 559 2374 614 et
2407 549 2575 613 tueri

505 640 726 717 decet,
774 652 1126 723 contraque
1170 639 1329 716 faui,
1375 661 1615 716 errare,
1669 641 1832 718 labi,
1878 641 2086 727 decipi
2129 652 2264 706 tam
2309 642 2576 706 dedecet

504 757 709 818 quam
762 733 1035 800 delirare
1087 744 1153 798 et
1200 744 1415 798 mente
1468 755 1609 800 esse
1663 747 1954 822 captum3
2023 747 2090 800 et
2141 736 2308 800 iusta
2358 737 2574 800 omnia

506 832 747 896 decora
781 841 951 908 sunt,
986 829 1223 894 iniusta
1258 839 1481 896 contra.
1512 839 1587 895 ut
1621 831 1834 918 turpia
1868 832 1959 896 sic
1992 831 2313 895 indecora.
2401 830 2575 894 simi-

500 928 584 994 lis
640 937 743 991 est
792 925 955 990 ratio
1009 923 1429 991 fortitudinis:
1485 924 1658 1009 quod
1713 927 1884 992 enim
1927 925 2193 990 viriliter
2235 924 2574 1008 animoque

506 1041 751 1107 magno
803 1017 902 1097 fit,
956 1018 1027 1082 id
1080 1018 1349 1104 dignum
1400 1019 1539 1084 viro
1592 1029 1660 1084 et
1710 1020 2014 1086 decorum
2065 1018 2346 1095 videtur,
2401 1018 2576 1102 quod

508 1126 766 1188 contra,
809 1113 879 1177 id
912 1123 987 1177 ut
1020 1123 1207 1198 turpe
1244 1113 1337 1178 nic
1370 1113 1779 1179 indecorum.‘
1857 1137 1988 1198 qua
2019 1135 2090 1179 re
2124 1113 2398 1200 pertinet
2433 1113 2574 1196 qui·
2607 1131 2661 1200 9⁵

509 1208 661 1273 dem
706 1207 793 1272 ad
826 1227 1095 1280 omnem,
1118 1207 1517 1275 honestatem
1553 1209 1678 1274 hoc
1689 1255 1709 1286 ,
1746 1209 1920 1293 quod
1955 1209 2128 1285 dico,
2174 1207 2476 1274 decorum
2511 1219 2578 1271 et

508 1303 599 1366 ita
634 1303 939 1388 pertinet,
984 1313 1057 1367 ut
1104 1323 1237 1368 non
1278 1303 1619 1368 recondita
1651 1305 1930 1387 quadam
1973 1304 2216 1368 ratione
2261 1313 2576 1379 cernatur,

508 1397 628 1462 sed
678 1397 761 1462 sit
793 1397 861 1462 in
896 1407 1225 1484 promptu3
1302 1408 1399 1462 est
1432 1399 1605 1464 enim
1639 1399 1947 1483 quiddam
1975 1435 2068 1446 —-
2100 1398 2296 1482 idque
2329 1398 2578 1462 intelle-

508 1491 689 1576 gitur
731 1490 802 1554 in
846 1490 1019 1554 omni
1062 1491 1297 1558 virtute
1330 1527 1419 1540 --
1450 1493 1626 1576 quod
1672 1494 1928 1570 deceat,
1973 1492 2148 1576 quod
2192 1491 2576 1578 cogitatione

508 1584 723 1670 magis
760 1607 801 1648 a
834 1585 1067 1650 virtute
1112 1597 1325 1671 potest
1360 1608 1557 1670 quam
1590 1611 1662 1652 re
1696 1587 1995 1674 separari.
2067 1597 2142 1650 ut
2176 1597 2478 1651 venustas
2513 1596 2578 1650 et

510 1678 925 1765 pulchritudo
957 1679 1243 1764 corporis
1278 1681 1524 1745 secerni
1558 1701 1690 1744 non
1725 1691 1936 1766 potest
1971 1703 2010 1743 a
2043 1679 2436 1755 valetudine,
2483 1679 2575 1742 sic

511 1774 667 1848 hoc,
712 1772 795 1836 de
840 1793 972 1855 quo
1014 1772 1364 1855 loquimur,
1411 1775 1715 1838 decorum
1749 1783 1954 1838 totum
1988 1771 2150 1836 illud
2183 1771 2445 1856 quidem
2479 1781 2578 1835 est

512 1888 663 1947 cum
709 1866 945 1930 virtute
992 1866 1364 1944 confusum,
1413 1868 1529 1932 sed
1570 1878 1784 1946 mente
1829 1879 1896 1932 et
1929 1867 2314 1952 cogitatione
2351 1865 2576 1930 distin-

512 1961 757 2045 guitur.
846 1971 943 2025 est
976 1971 1194 2026 autem
1227 1962 1363 2026 eius
1401 1961 1740 2046 descriptio
1777 1962 2044 2047 duplex3
2093 1984 2244 2025 nam
2280 1970 2344 2026 et
2377 1982 2575 2045 gene·
2610 1985 2662 2025 os

513 2057 649 2121 rale
694 2055 1025 2140 quoddam
1070 2057 1374 2122 decorum
1416 2058 1878 2143 intellegimus,
1925 2057 2098 2140 quod
2141 2057 2210 2120 in
2255 2056 2428 2120 omni
2461 2055 2580 2120 ho-

513 2162 765 2216 nestate
800 2162 1119 2228 versatur,
1160 2163 1223 2216 et
1258 2152 1433 2216 aliud
1470 2150 1619 2216 huic
1656 2153 2045 2226 subiectum,
2093 2148 2268 2235 quod
2301 2150 2578 2236 pertinet

515 2246 601 2309 ad
644 2245 933 2330 singulas
975 2246 1176 2331 partis
1218 2246 1587 2333 honestatis.
1679 2258 1870 2331 atque
1925 2246 2086 2311 illud
2139 2245 2430 2332 superius
2487 2246 2579 2309 sic

514 2339 653 2404 fere
696 2337 945 2404 definiri
988 2341 1181 2417 solet,
1229 2340 1533 2406 decorum
1567 2341 1637 2405 id
1669 2363 1833 2419 esse,
1869 2341 2045 2425 quod
2081 2351 2579 2406 consentaneum

516 2435 599 2498 sit
642 2433 917 2498 hominis
954 2434 1367 2518 excellentiae
1404 2436 1471 2500 in
1507 2457 1582 2500 eo
1595 2483 1613 2513 ‚
1657 2436 1726 2500 in
1757 2457 1888 2520 quo
1923 2446 2154 2501 natura
2185 2435 2324 2500 eius
2361 2457 2400 2498 a
2433 2435 2580 2499 reli·-

516 2528 663 2612 quis
728 2527 1157 2592 animantibus
1222 2529 1505 2606 differat3
1577 2551 1744 2614 quae
1807 2541 2019 2595 autem
2083 2553 2232 2615 pars
2291 2529 2581 2594 subiecta

515 2623 741 2710 generi
776 2634 893 2700 est,
941 2646 1084 2689 eam
1120 2623 1211 2688 sic
1248 2624 1588 2703 definiunt,
1632 2639 1708 2690 ut
1741 2625 1810 2690 id
1845 2625 2149 2691 decorum
2184 2624 2384 2690 velint
2419 2645 2580 2701 esse,

517 2717 695 2802 quod
736 2718 827 2782 ita
870 2729 1133 2783 naturae
1178 2730 1676 2784 consentaneum
1719 2720 1830 2797 sit,
1884 2731 1958 2784 ut
2002 2720 2070 2784 in
2113 2740 2192 2783 eo
2225 2717 2580 2781 moderatio

518 2824 582 2876 et
644 2812 1067 2896 temperantia
1128 2812 1437 2899 adpareat
1499 2836 1647 2879 cum
1712 2813 1922 2900 specie
1973 2812 2255 2895 quadam
2305 2810 2576 2874 liberali.

518 2906 678 2970 haec
738 2906 830 2970 ita
886 2905 1175 2992 intellegi
1236 2929 1577 2992 possumus
1642 2907 2004 2972 existimare
2059 2928 2138 2969 ex
2193 2925 2269 2969 eo
2323 2904 2574 2980 decom,
2613 2893 2685 3006 ἓξ

518 3003 697 3088 quod
740 3009 968 3088 poetae
1014 3015 1400 3087 sequuntur,
1447 3004 1527 3068 de
1573 3023 1708 3087 quo
1749 3003 1874 3068 alio
1915 3003 2056 3068 loco
2092 3001 2278 3088 plura
2313 2999 2440 3064 dici
2475 3021 2582 3064 so·-

517 3099 674 3163 lent.
764 3097 879 3162 sed
918 3109 1055 3162 tum
1099 3120 1352 3164 servare
1400 3097 1559 3162 illud
1602 3103 1856 3184 poetas,
1905 3097 2078 3182 quod
2125 3096 2379 3173 deceat,
2425 3095 2584 3160 dici-

518 3216 686 3270 mus,
725 3214 873 3258 cum
905 3193 1001 3271 id,
1039 3193 1214 3278 quod
1248 3216 1502 3278 quaque
1538 3215 1812 3280 persona
1847 3194 2116 3280 dignum
2151 3203 2273 3270 est,
2311 3202 2376 3256 et
2409 3192 2480 3270 fit
2518 3201 2582 3254 et

520 3289 783 3366 dicitur,
827 3299 928 3366 ut,
976 3288 1032 3352 si
1066 3289 1338 3354 Aeacus
1372 3301 1485 3353 aut
1518 3289 1742 3354 Minos
1785 3288 2026 3354 diceret
2071 3287 2378 3360 ‘oderint,
2425 3285 2579 3348 dum

520 3382 870 3458 metuant,’
908 3393 1021 3447 aut
2071 3401 2096 3414 ‘

1010 3519 1175 3584 natis
1212 3519 1504 3604 sepulcro
1540 3511 1684 3603 ipse
1719 3527 1814 3583 est
1847 3539 2099 3602 parens,

522 3655 893 3721 indecorum
912 3716 919 3722 .
938 3657 1288 3734 videretur,
1332 3655 1509 3738 quod
1552 3676 1662 3720 eos
1707 3653 1906 3718 fuisse
1951 3653 2152 3716 iustos
2197 3648 2582 3734 accepimus,

526 3760 592 3812 at
624 3751 829 3818 Atreo
864 3751 1115 3817 dicente
1149 3752 1414 3837 plausus
1450 3749 1836 3824 excitantur3
1872 3757 1968 3812 est
2004 3746 2172 3811 enim
2209 3744 2406 3830 digna
2439 3766 2584 3829 per-

524 3866 683 3909 sona
718 3845 941 3910 oratio.
1028 3845 1143 3910 sed
1177 3851 1405 3931 poetae
1417 3891 1437 3922 ,
1482 3842 1638 3927 quid
1673 3862 1992 3925 quemque
2029 3840 2280 3917 deceat,
2323 3861 2406 3904 ex
2439 3861 2584 3924 per-

523 3961 683 4004 sona
734 3940 1139 4018 iudicabunt3
1212 3940 1399 4005 nobis
1453 3950 1669 4004 autem
1719 3957 2061 4023 personam
2109 3934 2393 4020 inposuit
2442 3935 2584 4018 ipsa

520 4047 755 4099 natura
808 4058 1043 4122 magna
1096 4057 1242 4101 cum
1294 4033 1670 4100 excellentia
1704 4029 2233 4118 'praestantiaque
2297 4029 2584 4093 animan-
