3292 4559
695 251 824 318 288
1311 260 1392 316 Μ.
1429 258 1705 319 TULLII
1740 255 2140 315 CICERONIS

693 410 867 477 gere,
905 398 980 453 ut
1010 387 1240 473 aliquis
1265 409 1386 453 nos
1423 386 1582 451 deus
1608 406 1693 451 ex
1720 382 1843 449 hac
1876 381 2210 447 hominum
2244 380 2615 465 frequentia
2648 387 2771 454 tol-

695 486 856 551 leret
879 494 944 550 et
970 484 1039 549 in
1073 482 1413 549 solitudine
1449 479 1703 566 uspiam
1732 478 2093 544 conlocaret
2120 488 2317 561 atque
2339 478 2433 543 ibi
2460 480 2771 568 subpedi-

695 592 841 643 tans
877 578 1164 643 omnium
1197 599 1432 653 rerum,
1470 596 1632 659 quas
1668 585 1900 639 natura
1926 572 2265 649 desiderat,
2301 572 2769 640 abundantiam

699 684 763 739 et
797 674 1048 759 copiam
1081 671 1357 737 hominis
1386 671 1644 736 omnino
1673 667 2022 755 aspiciendi
2050 676 2434 752 potestatem
2462 670 2766 755 eriperet:

699 767 845 853 quis
881 778 1014 832 tam
1051 776 1218 833 esset
1251 766 1498 832 ferreus
1524 765 1638 849 qui
1676 786 1819 829 eam
1846 762 2046 827 vitam
2080 762 2248 827 ferre
2282 776 2503 848 posset
2524 764 2767 849 cuique

604 890 656 929 ss
697 883 829 927 non
847 862 1126 927 auferret
1151 862 1434 927 fructum
1451 862 1857 945 voluptatum
1876 857 2164 923 omnium
2180 857 2501 923 solitudo?
2534 881 2765 925 verum

700 979 856 1043 ergo
889 955 1051 1021 illud
1086 967 1202 1034 est,
1238 956 1414 1039 quod
1451 976 1492 1019 a
1520 953 1873 1020 Tarentino
1891 952 2205 1038 Archyta,
2241 962 2317 1017 ut
2351 953 2597 1039 opinor,
2632 954 2767 1020 diei

586 1091 592 1099 -
703 1052 959 1121 solitum
992 1060 1244 1115 nostros
1281 1070 1466 1115 senes
1503 1068 2003 1113 commemorare
2041 1046 2259 1112 audivi
2295 1046 2381 1113 ab
2414 1047 2557 1113 aliis
2594 1048 2769 1115 seni-

701 1145 824 1209 bus
859 1146 1178 1211 auditum:
1233 1144 1288 1207 si
1333 1143 1478 1227 quis
1511 1143 1580 1207 in
1615 1142 1869 1207 caelum
1902 1141 2295 1207 ascendisset
2334 1152 2769 1228 naturamque

703 1239 930 1305 mundi
958 1248 1022 1303 et
1055 1236 1595 1323 pulchritudinem
1623 1236 1907 1303 siderum
1940 1236 2391 1322 perspexisset,
2422 1236 2766 1303 insuavem

697 1335 876 1397 illam
912 1331 1398 1397 admirationem
1433 1331 1494 1396 ei
1526 1330 1687 1408 fore,
1724 1351 1893 1414 quae
1925 1329 2387 1395 iucundissima
2418 1330 2663 1407 fuisset,
2702 1332 2765 1395 si

701 1428 978 1512 aliquem
1007 1426 1112 1491 cui
1137 1436 1424 1490 narraret
1449 1425 1799 1490 habuisset.
1844 1425 1941 1491 sic
1962 1436 2195 1491 natura
2222 1426 2571 1491 solitarium
2594 1426 2769 1493 nihil

699 1533 873 1587 amat
908 1541 1286 1607 semperque
1315 1520 1400 1585 ad
1434 1520 1696 1603 aliquod
1729 1530 2062 1604 tamquam
2088 1519 2545 1587 adminiculum
2578 1520 2766 1589 adni-

595 1628 670 1684 24
701 1617 880 1692 titur,
925 1614 1101 1699 quod
1132 1616 1202 1679 in
1236 1616 1620 1680 amicissimo
1665 1636 1923 1699 quoque
1968 1616 2407 1682 dulcissimum
2442 1626 2558 1682 est.
2644 1618 2763 1684 sed

701 1731 850 1776 cum
875 1720 972 1773 tot
1006 1708 1204 1795 signis
1232 1708 1456 1775 eadem
1484 1720 1719 1774 natura
1736 1708 2015 1775 declaret
2044 1709 2201 1793 quid
2234 1710 2409 1789 velit,
2443 1710 2764 1795 anquirat,

702 1805 1036 1883 desideret,
1074 1815 1289 1870 tamen
1325 1804 1839 1871 obsurdescimus
1875 1802 2092 1869 nescio
2130 1826 2257 1889 quo
2286 1804 2478 1871 modo
2503 1826 2624 1871 nec
2656 1826 2763 1882 ea,

700 1923 869 1986 quae
894 1899 978 1965 ab
1007 1922 1084 1965 ea
1109 1921 1466 1975 monemur,
1505 1898 1820 1965 audimus.
1876 1909 1974 1963 est
2000 1898 2171 1963 enim
2200 1898 2420 1963 varius
2450 1909 2517 1964 et
2542 1899 2765 1965 multi·-

699 1994 851 2079 plex
884 2016 1040 2059 usus
1076 1994 1395 2060 amicitiae
1429 1994 1799 2077 multaeque
1834 2014 2067 2060 causae
2094 1992 2517 2077 suspitionum
2534 1992 2763 2061 offen·

702 2088 1079 2172 sionumque
1126 2088 1390 2164 dantur,
1439 2108 1600 2171 quas
1636 2099 1777 2152 tum
1810 2086 2080 2163 evitare,
2126 2096 2265 2151 tum
2302 2087 2581 2163 elevare,
2616 2098 2763 2155 tum

699 2182 868 2247 ferre
903 2181 1206 2268 sapientis
1242 2192 1366 2248 est:
1419 2204 1550 2246 una
1583 2181 1697 2246 illa
1730 2180 2066 2246 subeunda
2101 2191 2198 2246 est
2241 2180 2543 2259 offensio,
2584 2192 2659 2247 ut
2694 2194 2762 2249 et

698 2276 942 2343 utilitas
985 2277 1054 2341 in
1100 2275 1380 2341 amicitia
1423 2286 1489 2339 et
1533 2274 1693 2341 fides
1738 2274 2114 2354 retineatur3
2165 2298 2319 2340 nam
2353 2286 2417 2341 et
2456 2278 2763 2344 monendi

701 2371 889 2435 amici
925 2392 1116 2455 saepe
1143 2381 1292 2434 sunt
1323 2379 1387 2434 et
1412 2367 1817 2453 obiurgandi,
1854 2379 1919 2434 et
1948 2368 2110 2435 haec
2138 2369 2507 2455 accipienda
2532 2370 2761 2449 amice,

606 2490 655 2531 ss
701 2484 850 2528 cum
901 2463 1214 2529 benevole
1267 2463 1450 2528 fiunt.
1539 2461 1657 2527 sed
1698 2463 1913 2527 nescio
1957 2484 2086 2547 quo
2130 2464 2322 2530 modo
2366 2485 2591 2529 verum
2638 2477 2761 2544 est,

701 2557 878 2641 quod
910 2556 979 2621 in
1014 2556 1267 2621 Andria
1301 2555 1634 2621 familiaris
1670 2578 1853 2622 meus
1889 2557 2071 2635 dicit,

1012 2692 1393 2777 obsequium
1429 2694 1700 2771 amicos,
1736 2694 1971 2760 veritas
2006 2691 2226 2760 odium
2259 2696 2444 2782 parit.

698 2843 968 2909 molesta
1013 2838 1276 2915 veritas,
1331 2839 1387 2905 si
1431 2839 1693 2925 quidem
1732 2863 1811 2905 ex
1848 2862 1925 2905 ea
1958 2840 2243 2907 nascitur
2282 2841 2526 2919 odium,
2580 2844 2759 2927 quod

701 2950 799 3001 est
832 2955 1154 3000 venenum
1199 2933 1545 3011 amicitiae,
1593 2934 1710 3001 sed
1742 2934 2125 3019 obsequium
2170 2936 2371 3016 multo
2406 2936 2764 3017 molestius,

701 3028 874 3113 quod
907 3026 1188 3113 peccatis
1233 3028 1575 3114 indulgens
1618 3029 2035 3115 praecipitem
2070 3030 2347 3095 amicum
2390 3031 2543 3097 ferri
2578 3032 2763 3109 sinit3

699 3122 982 3189 maxima
1017 3130 1234 3186 autem
1269 3123 1461 3208 culpa
1493 3122 1562 3186 in
1597 3144 1705 3200 ec,
1750 3124 1863 3206 qui
1905 3134 1971 3189 et
2011 3123 2345 3189 veritatem
2380 3137 2765 3211 aspernatur

701 3228 764 3285 et
797 3218 865 3282 in
900 3216 1195 3281 fraudem
1231 3215 1538 3300 obsequio
1573 3217 1918 3302 inpellitur.
1988 3218 2165 3283 omni
2196 3219 2395 3305 igitur
2426 3218 2551 3286 hac
2582 3219 2653 3285 in
2688 3242 2764 3286 re

699 3312 996 3380 habenda
1028 3311 1190 3377 ratio
1229 3321 1293 3377 et
1329 3310 1663 3397 diligentia
1696 3322 1822 3389 est,
1858 3312 2137 3398 primum
2169 3323 2245 3377 ut
2278 3312 2543 3379 monitio
2580 3335 2762 3380 acer-

698 3412 896 3476 bitate
909 3458 928 3487 ,
965 3408 1206 3490 Qdeinde
1239 3418 1316 3473 ut
1349 3406 1711 3493 obiurgatio
1749 3408 2137 3473 contumelia
2172 3420 2417 3485 careat3
2463 3408 2533 3473 in
2569 3408 2757 3473 obse-

700 3505 851 3590 quio
888 3515 1134 3580 autem,
1178 3502 1482 3587 quoniam
1517 3501 1903 3567 Terentiano
1936 3500 2135 3568 verbo
2179 3502 2453 3571 libenter
2492 3502 2755 3579 utimur,

701 3598 966 3664 comitas
1001 3598 1188 3673 adsit,
1227 3596 1602 3673 adsentatio,
1640 3596 1940 3661 vitiorum
1974 3595 2285 3674 adiutriX,
2320 3598 2543 3683 procul
2575 3617 2759 3662 amo-

698 3704 954 3768 veatur,
1007 3712 1176 3775 quae
1227 3708 1357 3753 non
1407 3688 1598 3755 modo
1637 3690 1889 3769 amico,
1940 3691 2057 3757 sed
2106 3714 2190 3757 ne
2240 3691 2444 3757 libero
2495 3691 2761 3777 quidem

701 3787 898 3873 digna
933 3796 1058 3861 est3
1095 3784 1278 3848 aliter
1311 3783 1482 3849 enim
1519 3806 1669 3851 eum
1702 3796 1995 3871 tyranno,
2032 3786 2217 3853 aliter
2251 3808 2399 3852 cum
2427 3786 2633 3855 amico
2660 3787 2762 3853 vi-

603 3908 657 3949 so
699 3882 890 3946 vitur.
979 3878 1162 3942 cuius
1207 3888 1424 3945 autem
1469 3902 1657 3946 aures
1702 3882 1956 3946 clausae
2007 3881 2261 3947 veritati
2314 3892 2493 3958 sunt,
2544 3890 2619 3946 ut
2672 3882 2761 3947 ab

699 3974 906 4037 amico
935 3993 1160 4037 verum
1196 3974 1415 4039 audire
1442 3985 1739 4057 nequeat,
1778 3974 1969 4041 huius
2000 3978 2171 4041 salus
2202 3974 2601 4061 desperanda
2627 3987 2759 4054 est3

617 4080 624 4083 “
697 4066 930 4131 scitum
967 4077 1064 4132 est
1099 4068 1270 4135 enim
1303 4067 1465 4134 illud
1501 4066 1797 4147 Catonis,
1842 4080 1914 4135 ut
1950 4072 2183 4151 multa,
2228 4070 2456 4136 melius
2494 4064 2759 4157 dequi-
