3292 4559
900 243 1009 302 DE
1042 237 1372 300 DEORUM
1408 244 1736 301 NATURA
1766 215 1873 300 111.
1912 247 2153 303 91-95.
2426 242 2549 326 121

369 409 388 430 ι
486 399 681 464 agere
718 384 782 438 et
817 393 1068 438 cessare
1102 369 1380 456 patitur?
1427 391 1540 434 cur
1574 391 1704 434 non
1749 371 1941 437 rebus
1978 371 2277 439 humanis
2312 376 2557 460 aliquos

368 479 370 484 ’
411 497 418 506 ·
487 472 725 538 otiosos
763 467 918 532 deos
954 465 1260 552 praeficit,
1299 464 1410 548 qui
1447 488 1487 529 8
1521 476 1606 542 te,
1642 465 1871 543 Balbe,
1909 467 2406 534 innumerabiles
2442 495 2556 536 ex-

363 609 379 622 .
486 563 707 652 plicati
752 562 940 628 sunt?
993 560 1153 624 haec
1199 559 1334 625 fere
1383 559 1592 626 dicere
1635 559 1835 626 habui
1882 561 1963 628 de
2006 574 2239 630 natura
2272 565 2556 644 deorum,

361 693 369 732 ;
487 682 616 725 non
652 669 725 723 ut
760 678 906 723 88111
939 655 1246 730 tollerem,
1285 655 1398 719 sed
1432 665 1506 725 ut
1538 655 1992 741 intellegeretis
2020 679 2215 742 quam
2244 671 2417 727 esset
2443 661 2557 725 ob-

489 776 677 820 scura
712 764 775 817 et
811 772 1005 835 quam
1043 749 1320 814 difficilis
1357 749 1712 834 explicatus
1750 750 2055 816 haberet.’

619 845 808 928 Quae
865 867 1011 910 cum
1073 843 1368 920 dixisset,
1425 839 1619 907 Cotta
1670 843 1883 908 finem.
1988 845 2282 911 Lucilius
2337 858 2549 912 autem
2579 821 2651 934 ff

391 950 402 991 ³
489 937 1002 1015 ‘vehementius,’
1056 937 1265 1021 inquit
1317 933 1574 1013 ‘Cotta,
1627 947 1701 1002 tu
1747 938 2007 1022 quidem
2050 939 2344 1004 invectus
2378 963 2449 1006 es
2484 943 2551 1006 in

492 1057 638 1100 eam
656 1031 1016 1098 Stoicorum
1050 1032 1382 1109 rationem,
1419 1053 1584 1116 quae
1619 1032 1700 1096 de
1735 1033 2133 1118 providentia
2167 1034 2433 1100 deorum
2471 1038 2557 1101 ab

485 1128 614 1194 illis
661 1126 1079 1192 sanctissume
1124 1137 1189 1190 et
1232 1125 1810 1212 providentissume
1857 1128 2199 1194 constituta
2233 1139 2347 1193 est.
2438 1131 2555 1194 sed

487 1223 792 1308 quoniam
845 1219 1346 1306 advesperascit,
1411 1219 1594 1284 dabis
1647 1220 1833 1285 nobis
1888 1221 2057 1287 diem
2108 1222 2415 1305 aliquem,
2479 1234 2553 1288 ut

491 1325 710 1382 contra
742 1315 866 1380 ista
893 1313 1210 1391 dicamus3
1248 1325 1345 1378 est
1373 1314 1542 1378 enim
1569 1314 1728 1378 mihi
1756 1325 1969 1380 tecum
1994 1337 2110 1402 pro
2139 1317 2263 1381 aris
2293 1326 2355 1382 et
2389 1315 2550 1381 focis

490 1421 809 1477 certamen
853 1419 918 1474 et
959 1429 1078 1494 pro
1123 1409 1388 1473 deorum
1431 1408 1685 1494 templis
1731 1419 1924 1494 atque
1973 1409 2254 1476 delubris
2305 1432 2551 1496 proque

488 1505 662 1569 urbis
698 1503 918 1580 muris,
953 1523 1114 1586 quos
1151 1524 1286 1579 VOS,
1322 1501 1674 1588 pontifices,
1711 1514 1965 1568 sanctos
1993 1526 2131 1570 esse
2168 1504 2375 1570 dicitis
2411 1504 2553 1568 dili-

488 1600 870 1685 gentiusque
898 1597 1120 1662 urbem
1151 1596 1461 1682 religione
1489 1618 1685 1680 quam
1720 1597 1875 1682 ipsis
1903 1599 2239 1664 moenibus
2266 1598 2549 1686 cingitis:
2644 1659 2648 1668 .

489 1715 652 1778 quae
689 1691 897 1758 deseri
933 1714 973 1756 a
1005 1713 1137 1767 me,
1176 1691 1332 1755 dum
1367 1690 1628 1775 quidem
1664 1691 1906 1777 spirare
1941 1703 2197 1778 potem,
2232 1693 2417 1759 nefas
2451 1693 2551 1757 iu-
2592 1712 2597 1720 ’

489 1787 671 1852 dico.’
728 1798 866 1852 tum
897 1783 1119 1852 Cotta:
1159 1791 1311 1872 ‘ego
1346 1805 1498 1850 vero
1535 1796 1597 1850 et
1635 1797 1788 1872 opto
1821 1787 2123 1874 redargui
2157 1811 2281 1864 me,
2317 1788 2545 1865 Balbe,
2590 1801 2641 1841 9⁵

487 1893 553 1947 et
587 1905 692 1958 ea,
747 1903 913 1965 quae
951 1881 1305 1968 disputavi,
1352 1880 1663 1944 disserere
1697 1881 1897 1946 malui
1932 1903 2129 1966 quam
2163 1881 2445 1946 iudicare
2483 1893 2548 1946 et

485 1976 676 2042 facile
722 1996 826 2039 me
871 1997 912 2038 8
953 1985 1017 2040 te
1059 1973 1228 2040 vinci
1271 1996 1460 2061 posse
1505 1983 1679 2038 certo
1723 1975 1896 2040 scio.’
1985 1974 2284 2061 ‘quippe'
2338 1975 2547 2059 inquit

485 2069 778 2137 Velleius
826 2068 966 2152 ‘qui
1013 2069 1203 2134 etiam
1249 2067 1496 2133 somnia
1528 2078 1715 2155 putet
1748 2067 1833 2134 ad
1874 2090 1993 2134 nos
2038 2069 2205 2133 mitti
2250 2067 2333 2133 ab
2368 2068 2545 2145 Iove,

490 2186 658 2249 quae
694 2163 836 2249 ipsa
869 2174 1084 2228 tamen
1120 2174 1252 2228 tam
1287 2163 1455 2228 levia
1487 2185 1628 2228 non·
1657 2174 1805 2228 sunt
1840 2186 2033 2249 quam
2071 2174 2167 2229 est
2186 2161 2550 2229 Stoicorum

489 2259 570 2324 de
623 2269 852 2322 natura
902 2257 1167 2323 deorum
1220 2257 1464 2324 oratio?
1551 2257 1714 2324 haec
1758 2281 1905 2324 cum
1952 2269 2164 2329 essent
2206 2257 2406 2335 dicta,
2459 2256 2551 2321 ita

487 2351 921 2430 discessimus,
977 2364 1050 2419 ut
1099 2353 1350 2420 Velleio
1407 2351 1638 2420 Cottae
1676 2353 2039 2440 ,disputatio
2093 2353 2329 2431 verior,
2392 2350 2551 2418 mihi

488 2446 678 2512 Balbi
713 2447 797 2512 ad
823 2447 1108 2513 veritatis
1137 2447 1614 2514 similitudinem
1640 2448 1965 2515 videretur
1992 2471 2131 2514 esse
2156 2447 2549 2534 propensior.

1225 2743 1822 2814 FRAGMENTA

730 2843 1236 2914 LIBRORUM
1276 2848 1408 2913 DE
1444 2847 1861 2916 DEORUM
1893 2847 2304 2916 NATURA.

1257 3014 1367 3069 EX
1400 3013 1635 3070 LIBRO
1672 3015 1779 3070 HI.

623 3120 682 3184 1.
727 3116 1106 3182 Lactantius
1141 3117 1354 3184 Instit.
1391 3119 1612 3185 Divin.
1650 3120 1744 3198 11,
1773 3121 1836 3186 3.
1906 3123 2303 3208 Intelleyebat
2342 3122 2545 3188 Cicero

476 3207 659 3294 falsa
677 3227 818 3279 esse,
851 3226 1004 3290 qua-e
1032 3203 1301 3269 homines
1330 3209 1657 3270 adorarent
1666 3229 1689 3280 ,·
1724 3229 1869 3270 nam
1898 3229 2030 3270 eum
2056 3209 2252 3272 multa
2278 3211 2543 3280 dixisset,

493 3313 648 3376 quae
683 3293 769 3354 ad
799 3292 1162 3356 eversionem
1189 3292 1553 3376 reliyionum
1579 3292 1863 3364 valerent,
1902 3293 1992 3353 ait
2028 3303 2382 3357 tamennon
2410 3313 2548 3355 esse

490 3376 604 3441 illa
636 3376 829 3462 volgo
854 3375 1260 3462 disputanda,
1295 3399 1376 3442 ne
1414 3389 1739 3462 susceptas
1776 3373 2031 3461 publice
2059 3376 2395 3460 religiones
2424 3374 2551 3438 dis-

491 3461 742 3549 putatio
778 3461 922 3526 talis
959 3462 1345 3548 exstinguat.

620 3548 682 3611 2.
728 3546 1105 3612 Lactantius
1139 3549 1300 3614 Inst.
1338 3548 1468 3613 div.
1502 3547 1594 3624 II,
1632 3547 1695 3612 8.
1773 3545 1975 3611 Cicero
2024 3547 2097 3610 de
2143 3556 2369 3608 natura
2413 3547 2552 3608 deo·
2591 3563 2597 3569 ·

491 3657 632 3696 rum
676 3635 999 3718 disputans
1039 3637 1128 3700 sic
1174 3638 1293 3699 ait.-
1343 3634 1638 3698 Primum
1679 3631 1876 3718 igitur
1915 3651 2046 3694 non
2082 3642 2178 3696 est
2219 3628 2549 3714 probabile

496 3741 640 3782 eam
672 3718 1006 3783 materiam
1041 3743 1276 3796 rerum,
1312 3720 1484 3786 unde
1520 3728 1660 3784 orta
1694 3729 1843 3783 sunt
1878 3716 2123 3794 omnia,
2161 3737 2301 3782 esse
2335 3713 2551 3779 divina

494 3803 893 3887 providentia
927 3804 1250 3883 effectam,
1296 3806 1412 3870 sed
1453 3804 1692 3870 habere
1728 3816 1792 3870 et
1838 3802 2137 3868 habuisse
2171 3801 2303 3866 vim
2339 3810 2405 3866 et
2434 3821 2549 3864 na-

495 3899 706 3951 turam
741 3911 944 3954 suam.
998 3903 1071 3955 ut
1103 3892 1301 3978 igitur
1333 3891 1536 3969 faber,
1573 3913 1723 3956 cum
1758 3888 1915 3975 quid
1950 3889 2396 3955 aedificaturus
2432 3897 2548 3962 est,

496 3991 626 4034 non
659 3973 798 4058 ipse
832 3973 989 4040 facit
1020 3977 1384 4055 materiam,
1439 3977 1553 4043 sed
1588 3999 1668 4043 ea
1700 3978 1929 4053 utitur,
1984 3996 2149 4058 quae
2186 3973 2268 4039 sit
2301 3983 2544 4060 parata,

495 4055 804 4140 fictorque
837 4058 992 4125 item
1019 4083 1186 4140 cera,
1221 4063 1314 4127 sic
1330 4062 1434 4128 isti
1468 4062 1905 4149 providentiae
1934 4061 2186 4128 divinae
2214 4059 2547 4126 materiam
