3292 4559
2192 282 2459 326 ⁴⁴⁴⁴⁴⁴⁴

517 449 836 526 postremo
879 363 1316 523 philosophus.
1404 458 1597 522 saepe
1647 436 1811 504 dixti
1862 437 2021 504 nihil
2074 435 2216 504 fieri
2268 415 2425 503 sine
2438 430 2609 504 dec
2598 417 2691 471 γ’

517 555 640 600 nec
672 531 868 596 ullam
905 529 1036 595 vim
1059 552 1200 598 esse
1234 540 1524 608 naturae,
1560 540 1633 598 ut
1660 531 1763 596 sui
1788 530 2119 598 dissimilia
2151 542 2369 618 posset
2397 532 2582 600 effin-

520 650 689 714 gere.
759 625 1108 704 concedam
1143 647 1273 690 non
1307 625 1500 694 modo
1536 625 1925 693 animantem
1952 638 2020 694 et
2054 627 2409 714 sapientem
2440 651 2579 695 esse

517 723 857 801 mundum,
922 721 1035 788 sed
1087 721 1409 789 fidicinem
1459 721 1657 790 etiam
1708 733 1773 789 et
1832 723 2181 792 tubicinem
2192 769 2211 801 ,
2274 724 2581 810 quoniam

513 839 741 884 earum
771 837 1034 902 quoque
1067 815 1302 882 artium
1345 815 1634 885 homines
1672 839 1753 882 ex
1796 839 1875 886 eo
1918 814 2373 904 procreantur?
2424 818 2581 884 nihil

415 974 435 998 ,
514 912 714 998 igitur
757 911 970 978 adfert
1012 920 1196 997 pater
1236 911 1358 976 iste
1399 908 1798 990 Stoicorum,
1844 933 1975 996 qua
2017 934 2087 978 re
2130 913 2445 979 mundum
2477 935 2582 978 ra-
2628 973 2635 980 .

517 1008 692 1072 tione
726 1005 824 1072 uti
855 1015 1186 1091 putemus,
1231 1027 1316 1074 ne
1346 1027 1467 1074 cur
1499 1006 1888 1072 animantem
1923 1006 2185 1091 quidem
2221 1029 2390 1072 6666.
2446 1028 2579 1074 606

513 1111 617 1168 661
667 1099 867 1186 igitur
917 1101 1196 1166 mundus
1247 1101 1438 1178 deus,
1491 1116 1557 1166 et
1597 1111 1817 1168 tamen
1858 1101 2017 1167 nihil
2059 1113 2157 1167 est
2198 1123 2277 1168 eo
2319 1102 2577 1178 melius3

517 1194 678 1271 nihil
713 1205 814 1260 est
849 1194 1019 1260 enim
1056 1217 1132 1262 60
1166 1194 1526 1281 pulchrius,
1577 1195 1738 1260 nihil
1772 1195 2113 1262 salutarius
2146 1195 2365 1274 nobis,
2420 1196 2580 1263 nihil

512 1287 804 1354 ornatius
839 1299 1106 1376 aspectu
1150 1300 1455 1374 motuque
1491 1291 1904 1356 constantius.
1991 1290 2168 1375 quod
2204 1291 2257 1356 si
2298 1289 2575 1357 mundus

513 1382 850 1448 universus
883 1405 1016 1448 non
1049 1394 1149 1450 est
1181 1383 1362 1462 deus,
1398 1407 1480 1450 66
1514 1384 1735 1451 6161166
1770 1384 2051 1470 quidem,
2088 1407 2251 1470 quas
2284 1395 2357 1450 tu
2389 1384 2578 1450 innu-

513 1476 836 1546 merabilis
869 1477 937 1542 in
973 1477 1240 1544 deorum
1280 1501 1548 1546 numero
1581 1480 1971 1566 reponebas,
2024 1500 2300 1565 quarum
2334 1490 2399 1546 16
2434 1502 2579 1546 cur-

513 1595 624 1638 sus
672 1571 1042 1656 aequabiles
1084 1572 1452 1658 aeternique
1500 1573 1933 1653 delectabant,
1986 1597 2108 1641 nec
2160 1597 2267 1640 me
2316 1573 2576 1641 hercule

509 1666 746 1732 iniuria
753 1690 772 1744 ;
826 1677 977 1732 sunt
1027 1668 1200 1738 enim
1253 1667 1614 1738 admirabili
1666 1668 2153 1753 incredibilique
2198 1667 2573 1734 constantia.

509 1761 629 1827 sed
661 1783 797 1827 non
830 1761 1074 1837 omnia,
1119 1761 1360 1839 Balbe,
1405 1783 1572 1845 quae
1615 1783 1843 1828 cursus
1880 1773 2087 1828 certos
2123 1772 2188 1828 et
2230 1760 2575 1828 constantis
2620 1781 2673 1822 24

513 1854 790 1928 habent,
853 1877 932 1920 66
984 1854 1106 1920 deo
1169 1855 1383 1939 potius
1435 1854 1778 1922 tribuenda
1827 1866 1980 1920 sunt
2040 1875 2237 1938 quam
2284 1867 2573 1922 naturae.

515 1947 672 2031 quid
711 1943 1086 2012 Chalcidico
1121 1945 1368 2031 Euripo
1403 1947 1472 2011 in
1515 1957 1696 2012 motu
1729 1946 2079 2012 identidem
2122 1947 2578 2032 reciprocando
2614 1954 2683 2008 10

514 2051 708 2128 putas
739 2037 882 2104 fieri
915 2060 1105 2125 posse
1139 2039 1570 2117 constantius,
1624 2038 1782 2123 quid
1815 2039 1981 2111 freto
2019 2037 2367 2118 Siciliensi,
2420 2040 2579 2125 quid

511 2133 771 2202 Oceani
803 2132 1056 2200 fervore
1091 2132 1217 2199 11116
1251 2133 1320 2200 in
1349 2133 1542 2212 10616,

612 2263 616 2267 ’
719 2269 1052 2357 Europam
1085 2269 1496 2356 Libyamque
1530 2293 1734 2358 rapax
1767 2255 1881 2336 ubi
1917 2269 2144 2337 dividit
2176 2270 2387 2336 unda?

511 2417 709 2503 quid?
769 2427 986 2483 aestus
1037 2417 1340 2487 maritimi
1391 2418 1496 2484 vel
1547 2417 2013 2503 Hispanienses
2066 2415 2170 2482 vel
2222 2417 2577 2483 Britannici

514 2533 866 2597 eorumque
920 2511 1108 2578 certis
1169 2512 1564 2598 temporibus
1616 2513 1723 2578 vel
1784 2533 2080 2580 accessus
2130 2511 2236 2576 vel
2287 2533 2576 2578 recessus

509 2605 651 2672 6166
685 2605 808 2672 deo
841 2605 981 2671 fieri
1013 2627 1147 2671 non
1177 2606 1490 2692 possunt?
1541 2605 1691 2672 vide
1726 2627 1999 2690 quaese,
2034 2605 2090 2670 si
2124 2605 2329 2672 omnis
2364 2615 2577 2672 motus

511 2699 879 2782 omniaque,
913 2721 1080 2782 quae
1115 2701 1304 2766 certis
1339 2700 1739 2786 temporibus
1774 2699 2065 2765 ordinem
2100 2721 2289 2764 suum
2323 2720 2578 2764 conser-

514 2803 690 2870 vant,
725 2793 942 2858 divina
978 2793 1268 2872 dicimus,
1302 2818 1385 2861 116
1419 2795 1725 2860 tertianas
1759 2815 2020 2879 quoque
2054 2791 2251 2859 febris
2286 2801 2354 2858 et
2386 2813 2578 2876 quar-

513 2898 699 2951 tanas
751 2887 1001 2951 divinas
1047 2910 1188 2953 esse
1235 2889 1578 2954 dicendum
1622 2888 1735 2966 sit,
1784 2909 2059 2973 quarum
2104 2885 2469 2952 reversione
2512 2897 2577 2951 et

513 2989 698 3044 motu
742 2978 898 3063 quid
943 2991 1155 3065 potest
1199 3004 1340 3048 esse
1385 2983 1820 3048 constantius?
1875 2982 1991 3048 sed
2026 2981 2310 3047 omnium
2354 2979 2579 3046 talium

507 3093 733 3139 rerum
767 3071 930 3138 ratio
964 3073 1292 3140 reddenda
1324 3087 1456 3142 est:
1510 3075 1687 3160 quod
1720 3097 1834 3142 vos
1870 3098 2017 3142 cum
2053 3075 2267 3144 facere
2300 3097 2432 3141 non
2465 3096 2581 3162 po-

515 3165 726 3244 testis,
771 3176 1100 3251 tamquam
1142 3167 1209 3232 in
1245 3191 1423 3234 aram
1459 3169 1804 3256 confugitis
1840 3171 1924 3236 ad
1968 3171 2185 3236 deum.
2270 3181 2335 3237 et
2370 3167 2581 3256 Chry-

512 3263 740 3350 sippus
777 3261 894 3328 tibi
929 3273 1116 3329 acute
1151 3263 1363 3331 dicere
1398 3263 1769 3344 videbatur,
1804 3264 1997 3331 homo
2032 3264 2167 3331 sine
2204 3264 2401 3331 dubio
2437 3285 2579 3330 ver-

513 3373 703 3423 sutus
737 3368 804 3425 et
837 3357 1104 3424 callidus
1119 3395 1208 3406 -—
1223 3371 1514 3428 versutos
1540 3382 1653 3428 eos
1680 3359 1954 3447 appelle,
1991 3381 2265 3445 quorum
2294 3358 2581 3425 celeriter

515 3468 700 3518 mens
735 3463 1046 3532 versatur,
1083 3454 1347 3521 callidos
1383 3465 1620 3533 autem,
1656 3477 1951 3540 quorum,
1986 3466 2315 3538 tamquam
2348 3474 2578 3517 manus

513 3569 743 3633 opere,
797 3547 892 3613 616
926 3548 1177 3614 animus
1211 3571 1337 3614 usu
1373 3550 1715 3616 concalluit
1747 3585 1837 3598 -
1867 3550 1923 3615 16
1964 3548 2164 3634 igitur
2215 3547 2303 3612 s‘i
2338 3546 2581 3628 aliquid

507 3642 658 3720 est,’
693 3643 902 3726 inquit
934 3644 1139 3728 ‘quod
1174 3643 1366 3710 homo
1401 3645 1657 3712 efficere
1690 3667 1823 3710 non
1854 3644 2078 3730 possit,
2114 3641 2227 3727 qui
2259 3641 2328 3707 id
2363 3639 2579 3717 efficit,

515 3737 744 3803 melior
795 3749 895 3803 est
937 3737 1224 3818 homine3
1279 3739 1472 3806 homo
1519 3730 1734 3806 autem
1776 3738 1966 3817 haec,
2018 3759 2186 3821 quae
2229 3735 2297 3799 in
2339 3731 2579 3799 mundo

515 3843 700 3910 sunt,
753 3833 1009 3900 efficere
1049 3857 1181 3900 non
1214 3845 1455 3922 potest.
1511 3835 1622 3919 qui
1668 3833 1879 3922 potuit
1921 3833 2149 3919 igitur,
2200 3829 2256 3894 is
2300 3837 2583 3915 praestat

515 3924 788 4005 110161111;
839 3927 1082 3993 homini
1135 3941 1349 3996 autem
1406 3939 1733 4017 praestare
1778 3926 1923 4012 quis
1973 3924 2177 4012 possit
2216 3922 2341 3988 nisi
2383 3921 2583 3988 deus?

519 4030 617 4084 est
650 4019 846 4106 igitur
881 4021 1060 4089 deus.
1064 4024 1080 4052 ’
1168 4024 1328 4090 11666
1361 4024 1577 4089 omnia
1620 4023 1691 4088 in
1724 4022 1951 4088 eodem
1996 4039 2124 4103 quo
2158 4019 2269 4084 illa
2304 4016 2583 4084 Zenonis

515 4134 731 4179 errore
757 4128 1120 4183 versantur:
1155 4118 1314 4203 quid
1338 4117 1511 4186 enim
1536 4117 1618 4183 sit
1643 4115 1894 4193 melius,
1928 4112 2086 4199 quid
2111 4110 2578 4198 praestabilius,
2620 4127 2675 4168 2⁶

2165 4213 2197 4269 ιχ
2210 4217 2235 4244 .
