3292 4559
409 2 1125 85 ’ῑῃᾘεὲῗτῒᾞ
1164 52 1177 59 .

525 69 534 78 ιι
633 75 666 90 Ι.
682 75 696 92 .
754 78 798 98 ..ψ
839 61 848 71 “·
965 62 992 77 ‘r
1011 85 1019 95 Ι

1022 276 1129 331 DE
1162 273 1686 333 DIVINATIONE
1719 274 1799 329 Π.
1835 275 1981 329 93-
1989 274 2075 329 99.
2457 262 2582 328 199

510 401 669 485 quid
684 402 717 467 ἲ
748 398 997 467 illudne
1026 398 1296 465 dubium
1324 409 1441 477 est,
1476 398 1634 484 quin
1660 398 1864 475 multi,
1901 419 2050 463 cum
2075 396 2166 464 ita
2190 398 2324 463 nati
2351 412 2582 480 essent,
2614 399 2690 456 46

510 508 592 563 ut
630 494 959 583 quaedam
1003 504 1226 561 contra
1269 503 1565 560 naturam
1614 494 1965 581 depravata
2007 492 2345 573 haberent,
2398 497 2581 563 resti-

518 602 855 659 tuerentur
900 600 967 656 et
1000 590 1469 676 corrigerentur
1500 588 1586 655 ab
1620 600 1884 667 natura,
1929 610 2076 655 cum
2111 612 2180 655 se
2221 590 2364 677 ipsa
2397 612 2581 657 revo-

525 697 758 766 casset,
814 695 930 750 aut
964 695 1099 750 arte
1132 695 1327 769 atque
1371 683 1731 751 medicina?
1778 695 1854 749 ut
1887 706 2162 769 quorum
2193 686 2455 773 linguae
2487 687 2581 752 sic

518 780 953 857 inhaererent,
993 789 1069 843 ut
1100 778 1277 863 loqui
1313 800 1443 844 non
1475 788 1767 865 possent,
1815 802 1930 845 eae
1963 780 2266 865 scalpello
2298 792 2583 849 resectae

514 874 983 943 liberarentur?
1026 873 1213 939 multi
1247 873 1441 940 etiam
1472 884 1742 939 naturae
1776 874 2004 940 vitium
2038 875 2451 943 meditatione
2483 888 2580 943 at-

516 992 651 1053 que
705 968 1160 1037 exercitatione
1214 969 1635 1045 sustulerunt,
1689 978 1764 1033 ut
1806 967 2312 1035 Demosthenem
2363 970 2583 1036 scribit

514 1064 897 1142 Phalereus,
932 1084 1085 1130 cum
1116 1085 1241 1129 ano
1270 1062 1479 1129 dicere
1513 1063 1826 1148 nequiret,
1865 1063 2316 1131 exercitatione
2351 1064 2580 1131 fecisse

514 1170 596 1225 ut
652 1158 1039 1245 planissume
1092 1157 1357 1223 diceret:
1420 1158 1596 1241 quod
1648 1159 1704 1223 si
1755 1157 1916 1224 haec
1977 1170 2148 1224 astro
2209 1158 2582 1246 ingenerata

512 1262 583 1318 et
641 1253 873 1319 tradita
925 1262 1169 1330 essent,
1232 1252 1409 1317 nulla
1458 1274 1563 1320 res
1626 1274 1706 1319 ea
1755 1263 2006 1319 mutare
2057 1264 2295 1340 posset.
2387 1255 2580 1339 quid?

517 1347 968 1413 dissimilitudo
1001 1347 1289 1413 locorum
1322 1367 1533 1411 nonne
1569 1346 1889 1413 dissimilis
1924 1345 2254 1414 hominum
2287 1370 2582 1435 procrea·-

514 1441 723 1509 tiones
759 1440 997 1509 habet?
1032 1462 1194 1526 quas
1224 1438 1487 1526 quidem
1520 1462 1892 1527 percurrere
1921 1443 2204 1509 oratione
2239 1444 2429 1510 facile
2463 1456 2578 1521 est,

516 1536 681 1621 quid
718 1536 889 1603 inter
920 1534 1121 1601 Indos
1167 1545 1231 1600 et
1265 1533 1531 1613 Persas,
1567 1535 1926 1623 Aethiopas
1973 1548 2038 1603 et
2082 1536 2282 1623 Syros
2327 1538 2580 1605 differat

516 1630 896 1717 corporibus
944 1628 1173 1695 animis
1187 1676 1207 1707 ,
1258 1638 1331 1694 ut
1365 1628 1752 1695 incredibilis
1788 1630 2062 1697 varietas
2099 1632 2579 1698 dissimilitudo-

514 1746 645 1807 que
691 1724 794 1791 sit.
895 1747 978 1790 ex
1025 1746 1153 1808 quo
1198 1724 1586 1811 intellegitur
1630 1726 1778 1810 plus
1824 1736 2138 1791 terrarum
2181 1726 2339 1792 situs
2385 1747 2578 1811 qnam
2623 1744 2673 1784 9⁷

514 1819 711 1884 lunae
765 1828 976 1885 tactus
1030 1818 1117 1883 ad
1164 1819 1562 1887 nascendum
1615 1820 1851 1885 valere.
1956 1842 2108 1884 nam
2170 1820 2343 1905 quod
2403 1822 2582 1887 aiunt

516 1913 995 2001 quadringenta
1026 1914 1437 2000 septuaginta
1478 1914 1657 1979 milia
1691 1935 2003 1979 annorum
2037 1914 2106 1981 in
2147 1915 2578 2001 periclitandis

518 2008 1063 2095 experiundisque
1104 2008 1352 2094 pueris,
1404 2008 1798 2093 quicumque
1843 2020 2058 2074 essent
2098 2009 2261 2087 nati,
2297 2010 2582 2095 Babylo·
2703 2070 2708 2077 .

516 2105 665 2171 nios
714 2104 1037 2191 posuisse,
1090 2103 1341 2169 fallunt.
1448 2102 1504 2169 si
1556 2102 1732 2169 enim
1783 2112 1952 2169 esset
2001 2102 2392 2182 factitatum,
2453 2126 2585 2170 non

516 2209 696 2265 esset
728 2198 1037 2276 desitum;
1087 2198 1411 2265 neminem
1446 2208 1665 2265 autem
1699 2196 2012 2263 habemus
2057 2208 2382 2265 auctorem
2399 2246 2418 2276 ‚
2472 2198 2584 2284 qui

514 2292 593 2360 id
650 2302 763 2357 aut
810 2291 947 2357 fieri
988 2292 1160 2358 dicat
1222 2302 1338 2358 aut
1386 2291 1633 2357 factum
1687 2292 1868 2358 sciat.
1973 2292 2236 2359 videsne
2297 2316 2401 2359 me
2453 2316 2583 2359 non
2617 2308 2684 2365 4⁷

518 2409 607 2453 ea
648 2384 881 2462 dicere,
925 2408 1094 2470 quae
1133 2384 1533 2463 Carneades,
1570 2386 1689 2455 sed
1723 2410 1830 2465 ea,
1866 2407 2033 2471 quae
2075 2388 2374 2474 princeps
2411 2386 2583 2456 Stoi-

520 2502 751 2546 corum
790 2480 1143 2547 Panaetius
1193 2480 1392 2547 dixit?
1444 2502 1567 2567 ego
1610 2492 1827 2547 autem
1870 2482 2062 2547 etiam
2104 2480 2266 2549 haec
2305 2483 2584 2567 requiro,

524 2596 863 2653 omnesne,
932 2575 1049 2659 qui
1111 2572 1439 2641 Cannensi
1496 2597 1720 2661 pugna
1779 2576 2152 2654 ceciderint,
2221 2598 2351 2642 uno
2416 2588 2584 2643 astro

523 2667 803 2735 fuerint?
873 2670 1087 2736 exitus
1154 2669 1413 2754 quidem
1482 2671 1768 2735 omnium
1837 2692 2004 2736 unus
2076 2682 2142 2738 et
2207 2671 2380 2737 idem
2439 2672 2582 2736 fuit.

524 2762 722 2847 quid?
772 2764 888 2848 qui
936 2764 1197 2851 ingenio
1250 2776 1442 2849 atque
1498 2764 1712 2829 animo
1767 2764 2153 2851 singulares,
2205 2786 2363 2828 num
2416 2776 2584 2829 astro

522 2878 787 2942 quoque
838 2859 1007 2923 uno?
1068 2859 1243 2942 quod
1297 2859 1467 2924 enim
1520 2866 1803 2944 tempus,
1858 2880 1988 2943 quo
2039 2854 2170 2924 non
2219 2858 2585 2926 innumera-

520 2952 687 3018 biles
739 2954 1126 3019 nascantur?
1179 2964 1247 3019 at
1291 2964 1461 3019 certe
1513 2952 1735 3019 similis
1791 2975 1980 3019 nemo
2031 2952 2322 3019 Homeri.
2412 2964 2478 3020 et
2528 2954 2584 3019 si
2625 2974 2678 3014 ss

522 3047 611 3115 ad
643 3070 787 3113 rem
828 3048 1130 3135 pertinet,
1184 3069 1312 3133 quo
1352 3048 1545 3113 modo
1592 3048 1770 3115 caelo
1816 3047 2070 3113 adfecto
2114 3049 2584 3135 conpositisque

522 3142 847 3209 sideribus
891 3143 1192 3227 quodque
1234 3143 1470 3209 animal
1506 3142 1776 3221 oriatur,
1821 3142 2030 3207 valeat
2072 3142 2143 3207 id
2183 3167 2442 3212 necesse
2487 3157 2585 3211 est

516 3261 659 3305 non
702 3237 773 3303 in
813 3236 1177 3304 hominibus
1224 3238 1461 3315 solum,
1516 3260 1741 3303 verum
1791 3238 1862 3305 in
1913 3237 2132 3303 bestiis
2179 3240 2401 3316 etiam3
2455 3261 2584 3321 quo

522 3331 693 3415 quid
752 3343 963 3418 potest
1021 3332 1147 3399 dici
1201 3332 1577 3399 absurdius?
1646 3332 1894 3399 Lucius
1957 3332 2217 3416 quidem
2277 3332 2582 3397 Tarutius

520 3424 897 3505 Firmanus,
932 3426 1263 3494 familiaris
1296 3437 1534 3506 noster,
1570 3428 1637 3493 in
1671 3428 1894 3515 primis
1924 3424 2290 3493 Chaldaicis
2323 3424 2584 3489 rationi-

520 3521 657 3585 bus
694 3522 998 3598 eruditus,
1031 3522 1212 3587 urbis
1238 3522 1431 3587 etiam
1464 3532 1719 3587 nostrae
1744 3520 2026 3585 natalem
2051 3518 2222 3583 diem
2254 3517 2586 3603 repetebat

524 3614 613 3681 ab
648 3613 731 3680 iis
759 3615 1109 3693 Parilibus,
1144 3616 1379 3700 quibus
1415 3638 1558 3681 eam
1595 3639 1635 3681 a
1662 3613 1940 3681 Romulo
1977 3611 2299 3679 conditam
2335 3612 2584 3697 accepi-

524 3731 708 3787 mus,
764 3710 1200 3795 Romamque,
1252 3711 1323 3775 in
1361 3710 1517 3796 iugo
1553 3731 1704 3775 cum
1739 3719 1906 3775 esset
1943 3708 2130 3785 luna,
2181 3715 2401 3772 natam
2443 3728 2586 3773 esse

531 3804 787 3871 dicebat
840 3827 963 3872 nec
1014 3805 1153 3871 eius
1204 3805 1340 3871 fata
1384 3826 1613 3870 canere
1657 3803 2012 3869 dubitabat.
2099 3825 2138 3869 o
2181 3802 2316 3867 vim
2357 3824 2586 3867 maxu-
2627 3820 2679 3859 99

528 3920 705 3963 mam
740 3897 1004 3966 erroris!
1042 3900 1319 3965 etiamne
1354 3897 1531 3963 urbis
1558 3896 1789 3963 natalis
1819 3898 1954 3965 dies
1983 3898 2068 3963 ad
2101 3897 2233 3961 vim
2260 3896 2586 3963 stellarum

524 4004 593 4058 et
638 3992 835 4060 lunae
878 3994 1278 4080 pertinebat?
1330 3993 1436 4061 fac
1480 4014 1682 4080 puero
1727 3992 1966 4059 referre
1980 4040 1998 4069 ‚
2051 4014 2182 4077 qua
2227 3988 2587 4057 adfectione

516 4088 689 4158 caeli
724 4087 1012 4175 primum
1046 4088 1339 4175 spiritum
1375 4087 1660 4165 duxerit,
1694 4110 1851 4153 num
1885 4087 2008 4152 hoc
2042 4086 2108 4152 in
2141 4086 2340 4153 latere
2376 4098 2486 4152 aut
2520 4086 2590 4153 in
