3292 4559
757 261 884 351 ’116
1374 295 1451 350 Μ.
1489 295 1767 353 TULLn
1792 249 2203 354 'CICERONIS

748 441 1048 508 perverse
1077 427 1142 484 et
1165 417 1432 506 inprobe
1462 441 1723 485 usuros:
1760 419 1885 486 nisi
1910 418 2074 486 forte
2103 418 2310 484 dicitis
2338 441 2483 489 eam
2506 421 2816 502 nescisse}

625 543 630 549 ·
749 517 996 582 utinam
1049 512 1338 599 quidem!
1405 514 1520 579 sed
1570 536 1703 580 non
1755 512 2105 592 audebitis3
2164 535 2294 578 non
2347 515 2517 580 enim
2567 515 2815 601 ignor-0,

646 609 718 665 32
752 609 973 694 quanti
1003 610 1140 674 eius
1168 630 1402 674 nomen
1406 610 1687 719 putetis.
1754 609 1867 674 sed
1893 608 2013 676 hic
2024 606 2285 694 quidem
2313 609 2494 674 locus
2520 611 2818 680 concludi

683 681 880 770 ⁹iam
913 713 1150 789 potest.
1186 727 1336 768 nam
1373 703 1426 768 si
1453 704 1720 769 stultitia
1748 725 2061 768 consensu
2086 702 2374 768 omnium
2398 703 2815 791 philosopho-

751 821 896 862 rum
931 799 1138 862 maius
1183 809 1280 864 est
1325 799 1596 876 malum,
1631 819 1828 882 quam
1872 798 1928 862 si
1961 796 2177 862 omnia
2210 797 2381 862 mala
2416 809 2480 863 et
2513 798 2811 864 fortunae

753 903 818 957 et
857 892 1136 978 corporis
1184 915 1265 958 ex
1301 893 1502 960 altera
1543 905 1727 980 parte
1756 902 2117 979 ponantur,
2171 891 2548 977 sapientiam
2592 905 2809 959 autem

753 1007 942 1052 nemo
978 985 1376 1070 adsequitur,
1412 987 1479 1050 in
1515 985 1781 1051 summis
1816 987 2001 1051 malis
2037 1007 2257 1051 omnes
2292 1009 2537 1064 sumus,
2575 986 2809 1071 quibus

751 1100 867 1144 vos
903 1090 1165 1166 optume
1200 1080 1561 1146 consultum
1597 1103 1638 1144 a
1672 1079 1770 1145 dis
1803 1079 2247 1146 inmortalibus
2284 1079 2521 1158 dicitis3
2555 1103 2709 1146 nam
2743 1091 2817 1145 ut

749 1174 908 1238 nihil
941 1174 1234 1252 interest,
1270 1185 1488 1239 utrum
1522 1195 1713 1240 nemo
1748 1175 1959 1240 valeat
1994 1197 2077 1238 an
2110 1196 2298 1240 nemo
2331 1175 2541 1260 possit
2570 1175 2807 1252 valere,

749 1267 841 1333 sic
883 1289 1014 1333 non
1056 1269 1356 1354 intellego
1403 1267 1560 1350 quid
1601 1267 1879 1346 intersit,
1929 1277 2147 1334 utrum
2187 1289 2377 1334 nemo
2423 1269 2504 1334 sit
2555 1269 2811 1356 sapiens

751 1384 834 1424 an
869 1383 1058 1426 nemo
1095 1384 1234 1427 esse
1268 1363 1488 1448 possit.

878 1455 982 1519 Ac
1017 1477 1135 1520 nos
1178 1455 1440 1539 quidem
1484 1455 1673 1520 nimis
1710 1455 1913 1521 multa
1947 1455 2027 1520 de
2071 1479 2141 1522 re
2186 1457 2636 1542 apertissuma3
2683 1459 2811 1525 Te·-

747 1548 916 1612 lamo
953 1559 1170 1615 autem
1215 1570 1344 1614 uno
1389 1571 1580 1616 versu
1626 1559 1833 1614 totum
1864 1548 2079 1615 locum
2116 1550 2396 1628 conficit,
2442 1573 2557 1616 cur
2592 1553 2662 1618 di
2695 1553 2813 1618 ho-

747 1643 952 1709 mines
986 1643 1360 1730 neglegant:

875 1803 1027 1844 nam
1062 1780 1119 1844 si
1153 1790 1398 1856 curent,
1434 1780 1598 1844 bene
1631 1780 1815 1845 bonis
1853 1779 1953 1858 sit,
1991 1779 2157 1846 male
2184 1780 2389 1858 malis,
2425 1782 2600 1865 quod
2637 1805 2806 1860 nunc

1608 1873 1809 1939 abest.

750 2019 1072 2086 debebant
1123 2019 1215 2084 illi
1268 2019 1529 2104 quidem
1582 2019 1789 2084 omnis
1841 2018 2043 2083 bonos
2099 2017 2383 2096 efficere,
2440 2018 2495 2084 si
2548 2020 2805 2106 quidem

654 2137 706 2180 so
747 2115 1077 2179 hominum
1123 2114 1346 2200 generi
1391 2113 1837 2191 consulebant3
1894 2113 1993 2178 sin
2032 2112 2104 2176 id
2147 2112 2389 2190 minus,
2447 2113 2630 2179 bonis
2667 2115 2807 2201 qui-

750 2209 896 2274 dem
933 2220 1102 2276 certe
1140 2208 1472 2274 consulere
1509 2209 1851 2274 debebant.
1907 2229 2022 2272 cur
2054 2207 2253 2293 igitur
2287 2207 2413 2272 duo
2452 2206 2807 2295 Scipiones,

745 2301 1122 2368 fortissimos
1157 2311 1222 2368 et
1257 2302 1528 2388 optimos
1565 2301 1759 2377 viros,
1794 2300 1863 2364 in
1896 2300 2217 2387 Hispania
2243 2299 2505 2369 Poenus
2540 2324 2807 2388 oppres-

747 2396 866 2460 sit?
903 2417 1018 2460 cur
1047 2394 1379 2460 Maximus
1415 2395 1640 2460 extulit
1672 2394 1876 2458 filium
1891 2469 1899 2478 ‚
1912 2394 2355 2460 consularem?
2389 2417 2503 2460 cur
2526 2397 2806 2464 Marcel-

745 2489 881 2557 lum
897 2489 1228 2553 Hannibal
1262 2488 1617 2554 interemit?
1654 2511 1768 2554 cur
1782 2487 2063 2552 Paulum
2082 2485 2349 2554 Cannae
2376 2492 2805 2558 sustulerunt?

747 2605 863 2648 cur
897 2581 1269 2648 Poenorum
1315 2575 1673 2647 crudelitati
1706 2581 1943 2668 Reguli
1988 2603 2221 2668 corpus
2266 2594 2364 2648 est
2405 2585 2805 2670 praebitum?

746 2700 862 2750 cur
878 2677 1262 2743 Africanum
1299 2675 1629 2740 domestici
1663 2676 1939 2762 parietes
1966 2698 2097 2741 non
2130 2679 2461 2744 texerunt?
2495 2681 2611 2744 sed
2643 2681 2807 2746 haec

743 2783 962 2838 vetera
997 2783 1062 2837 et
1107 2771 1234 2838 alia
1266 2769 1613 2878 permulta:
1659 2771 1957 2858 propiora
2000 2771 2353 2839 videamus.
2443 2795 2557 2838 cur
2600 2797 2807 2840 avun-

746 2866 926 2930 culus
978 2887 1202 2972 meus,
1245 2862 1342 2927 vir
1393 2862 1971 2931 innocentissumus
2013 2865 2311 2949 idemque
2356 2865 2804 2956 doctissumus,

742 2958 822 3022 P.
859 2957 1202 3022 Rutilius
1184 2981 1250 3022 1n
1297 2957 1518 3023 exsilio
1565 2959 1700 3028 est?
1754 2981 1867 3024 cur
1915 2959 2161 3024 sodalis·
2202 2981 2387 3026 meus
2428 2939 2804 3028 interfectus

744 3051 919 3116 domi
953 3073 1110 3116 suae
1145 3050 1444 3118 Drusus?
1479 3074 1594 3118 cur
1627 3054 2087 3140 temperantiae
2120 3055 2623 3140 prudentiaeque
2658 3079 2809 3142 spe-

745 3144 958 3210 cimen
991 3154 1141 3210 ante
1177 3145 1592 3212 simulacrum
1625 3148 1869 3215 Vestae
1900 3147 2194 3234 pontifex
2226 3148 2546 3215 maximus
2579 3162 2679 3216 est
2715 3149 2804 3261 Ω

743 3235 1058 3306 Scaevola
1099 3239 1491 3305 trucidatus?
1545 3263 1662 3306 cur
1702 3252 1851 3308 ante
1894 3241 2089 3307 etiam
2122 3253 2218 3309 tot
2252 3243 2525 3309 civitatis
2566 3245 2804 3331 princi-

740 3355 856 3418 pes
891 3356 931 3397 a
967 3328 1179 3399 Cinna
1211 3333 1611 3420 interempti?
1647 3357 1762 3400 cur
1796 3337 1965 3400 omni
1975 3360 2081 3402 um
2116 3336 2681 3422 perfidiosissimus
2719 3335 2799 3404 C.

739 3427 992 3494 Marius
1046 3425 1130 3510 Ω.
1187 3425 1524 3506 Catulum,
1585 3430 2155 3514 praestantissuma
2208 3431 2517 3518 dignitate
2570 3433 2801 3510 virum,

645 3541 698 3582 si
740 3523 902 3587 mori
935 3523 1144 3609 potuit
1176 3523 1435 3589 iubere?
1489 3522 1624 3588 dies
1662 3524 1933 3603 deficiat,
1970 3526 2027 3593 si
2060 3527 2252 3592 velim
2284 3549 2623 3593 numerare
2658 3529 2802 3612 qui-

741 3614 863 3681 bus
916 3617 1102 3682 bonis
1153 3618 1320 3683 male
1374 3616 1683 3694 evenerit,
1734 3640 1854 3684 nec
1904 3619 2145 3696 minus,
2198 3619 2255 3684 si
2306 3641 2801 3688 commemorem

739 3709 973 3794 quibus
1025 3710 1309 3796 inprobis
1353 3709 1619 3796 optime:
1674 3733 1789 3776 cur
1831 3713 2003 3778 enim
2043 3712 2295 3779 Marius
2348 3723 2481 3778 tam
2532 3713 2803 3782 feliciter

742 3803 1086 3890 septimum
1121 3804 1341 3868 consul
1377 3803 1551 3869 domi
1586 3828 1741 3871 suae
1776 3829 1975 3873 senex
2009 3817 2105 3872 est
2138 3808 2465 3873 mortuus?
2512 3829 2628 3874 cur
2661 3830 2801 3872 om-

635 3911 706 3968 33
738 3897 918 3963 nium
963 3897 1457 3964 crudelissumus
1501 3909 1634 3965 tam
1680 3900 1792 3965 diu
1828 3897 2051 3966 Cinna
2095 3901 2427 3988 regnavit?
2482 3909 2579 3967 ‘at
2623 3901 2803 3968 dedit

735 3991 1016 4076 poenas.’
1104 3992 1432 4078 prohiberi
1473 3995 1703 4060 melius
1750 3995 1874 4060 fuit
1914 3996 2317 4082 inpedirique
2360 4018 2443 4062 ne
2490 4007 2586 4062 tot
2622 4020 2799 4064 sum-

737 4105 876 4149 mos
906 4083 1074 4154 viros
1102 4086 1484 4156 interficeret
1510 4109 1705 4174 quam
1740 4091 1953 4178 ipsum
1978 4089 2323 4176 aliquando
2349 4111 2590 4177 poenas
2618 4091 2807 4172 dare.-
