3292 4559
1033 279 1140 336 DE
1171 277 1697 338 DIVINATIONE
1728 279 1780 335 1.
1813 279 2058 336 48—53.
2416 296 2423 300 ·
2449 265 2573 332 141

512 427 662 472 nem
704 407 774 470 in
820 401 1042 469 castris
1088 401 1226 469 eius
1271 402 1438 469 inter
1470 401 1730 469 Poenos
1773 413 1841 468 et
1874 401 2128 470 Siculos
2163 402 2396 471 milites
2434 425 2576 471 esse

512 497 780 576 factam3
823 496 997 581 quod
1042 517 1194 561 cum
1237 497 1584 563 sensissent
1629 495 2051 583 Syracusani,
2102 497 2429 584 inproviso
2465 519 2575 566 eos

512 595 576 659 in
631 603 836 658 castra
896 590 1216 675 inrupisse
1268 589 1837 674 Hamilcaremque
1891 591 1975 657 ab
2028 590 2109 657 iis
2161 592 2384 658 vivum
2434 613 2575 658 esse

513 687 862 754 sublatumx
897 683 991 748 ita
1023 706 1126 750 res
1162 685 1479 762 somnium
1515 685 1953 770 conprobavit.
2026 686 2219 772 plena
2252 685 2577 772 exemplo·-

507 804 649 848 rum
693 791 794 847 est
842 777 1140 856 historia,
1191 790 1331 844 tum
1374 779 1612 846 referta
1657 780 1793 845 vita
1844 780 2221 846 communis.
2310 792 2377 846 at
2421 801 2573 847 vero
2620 798 2674 840 ει

503 876 584 943 Ρ.
619 875 868 942 Decius
901 873 1041 949 ille,
1087 872 1318 955 Quinti
1351 874 1550 951 filius,
1594 875 1709 959 qui
1740 873 1987 960 primus
2023 897 2060 940 e
2094 873 2318 939 Deciis
2354 875 2579 942 consul

507 971 653 1048 fuit,
688 993 840 1036 cum
873 979 1042 1036 esset
1074 969 1369 1035 tribunus
1403 970 1681 1035 militum
1714 971 1814 1036 M.
1850 969 2112 1037 Valerio
2147 970 2236 1033 A.
2274 966 2576 1036 Cornelio

510 1063 878 1130 consulibus
912 1085 956 1129 a
989 1061 1519 1149 Samnitibusque
1553 1074 1955 1150 premeretur
1986 1074 2203 1129 noster
2238 1063 2577 1141 exercitus,

512 1180 660 1224 cum
709 1159 999 1244 pericula
1050 1159 1439 1244 proeliorum
1488 1158 1680 1226 iniret
1723 1158 2033 1225 audacius
2083 1167 2576 1252 monereturque

509 1263 582 1318 ut
617 1252 863 1318 cautior
897 1263 1097 1330 esset,
1133 1251 1325 1330 dixit,
1371 1254 1547 1339 quod
1582 1265 1795 1320 exstat
1826 1254 1895 1319 in
1931 1253 2299 1330 annalibus,
2353 1250 2476 1316 sibi
2509 1251 2577 1314 in

512 1346 748 1412 somnis
792 1345 1004 1412 visum
1047 1368 1220 1423 esse,
1275 1369 1423 1414 cum
1473 1348 1542 1413 in
1585 1349 1814 1416 mediis
1856 1348 2149 1414 hostibus
2193 1356 2575 1423 versaretur,

514 1441 800 1509 occidere
842 1462 994 1506 cum
1039 1465 1342 1508 maxuma
1377 1445 1610 1530 gloriaz
1668 1455 1733 1510 et
1766 1456 1907 1509 tum
1944 1444 2204 1530 quidem
2238 1439 2577 1509 incolumis

514 1537 864 1602 exercitum
890 1535 1221 1601 obsidione
1247 1537 1572 1614 liberavit3
1608 1549 1756 1624 post
1788 1537 2137 1604 triennium
2162 1549 2399 1613 autem,
2427 1557 2579 1600 cum

512 1631 730 1695 consul
776 1641 974 1707 esset,
1029 1630 1286 1695 devovit
1333 1653 1402 1696 se
1446 1641 1512 1696 et
1552 1632 1623 1695 in
1669 1632 1873 1696 aciem
1907 1631 2293 1696 Latinorum
2336 1628 2581 1712 inrupit

511 1734 794 1788 armatus
806 1746 825 1798 3
878 1743 1006 1804 quo
1051 1723 1189 1788 eius
1234 1722 1407 1788 facto
1453 1724 1738 1808 superati
1780 1733 1931 1788 sunt
1973 1734 2040 1788 et
2088 1723 2283 1788 deleti
2326 1719 2576 1786 Latini:

513 1815 696 1878 cuius
747 1834 920 1878 mors
971 1815 1063 1878 ita
1114 1815 1394 1900 gloriosa
1442 1815 1594 1891 fuit,
1647 1826 1721 1879 ut
1774 1815 2046 1880 eandem
2098 1815 2579 1899 concupisceret

511 1905 702 1970 filius.
791 1905 907 1970 sed
940 1907 1277 1970 veniamus
1319 1927 1524 1982 nunc,
1575 1905 1632 1970 si
1665 1907 1910 1990 placet,
1963 1907 2042 1971 ad
2084 1906 2331 1971 somnia
2374 1905 2583 1990 philo-
2624 1926 2679 1968 52

515 1999 884 2085 sophorum.

644 2091 769 2158 Est
817 2093 994 2179 apud
1026 2090 1369 2158 Platonem
1407 2090 1738 2170 Socrates,
1785 2113 1933 2156 cum
1978 2103 2147 2158 esset
2188 2089 2257 2155 in
2294 2089 2583 2156 custodia
2614 2109 2687 2163 25

512 2187 802 2273 publica,
856 2187 1074 2252 dicens
1122 2182 1374 2250 Critoni
1428 2194 1546 2251 su'o
1599 2185 1900 2251 familiari
1954 2185 2078 2250 sibi
2128 2196 2275 2271 post
2323 2185 2583 2250 tertium

513 2281 686 2348 diem
721 2304 861 2347 esse
895 2281 1332 2348 moriendum:
1369 2280 1606 2346 vidisse
1635 2303 1705 2347 se
1733 2281 1804 2345 in
1829 2280 2069 2346 somnis
2105 2279 2582 2366 pulchritudine

513 2376 750 2442 eximia
782 2376 1121 2452 feminam,
1167 2396 1333 2459 quae
1379 2398 1450 2441 se
1496 2375 1757 2442 nomine
1796 2375 2128 2462 appellans
2168 2375 2407 2442 diceret
2440 2375 2583 2440 Ho-

511 2471 824 2538 mericum
855 2470 1182 2554 quendam
1220 2470 1357 2534 eius
1391 2469 1570 2534 modi
1604 2491 1893 2535 versum:

806 2565 994 2630 tertia
1028 2575 1093 2630 te
1125 2563 1410 2629 Phthiae
1445 2574 1794 2651 tempestas
1828 2565 2001 2630 laeta
2032 2562 2289 2629 locabit.

516 2661 712 2748 quod,
748 2673 817 2725 ut
852 2671 948 2725 est
983 2660 1250 2737 dictum,
1287 2659 1380 2724 sio
1414 2660 1719 2724 scribitur
1753 2659 2117 2744 contigisse.
2204 2657 2581 2743 Xenophon

517 2755 887 2822 Socraticus
921 2787 1010 2800 -·-·
1043 2753 1156 2837 qui
1200 2752 1298 2818 vir
1333 2763 1399 2818 et
1446 2752 1756 2838 quantus!
1790 2789 1879 2800 --
1910 2753 1980 2819 in
2024 2774 2103 2820 ea
2146 2751 2402 2830 militia,
2453 2773 2585 2837 qua

519 2871 669 2914 cum
691 2845 866 2932 Cyro
894 2848 1139 2912 minore
1165 2846 1540 2931 perfunctus
1571 2859 1688 2923 est,
1726 2869 1847 2912 sua
1874 2847 2095 2912 scribit
2121 2847 2388 2923 somnia,
2425 2867 2579 2930 quo-

518 2963 666 3005 rum
709 2951 978 3006 eventus
1021 2939 1344 3004 mirabiles
1391 2941 1790 3006 exstiterunt.
1880 2942 2134 3007 mentiri
2177 2941 2583 3028 Xenophon·
2622 2963 2676 3004 ss

521 3045 655 3100 tem
705 3055 789 3098 an
841 3031 1109 3098 delirare
1163 3032 1489 3098 dicemus?
1550 3035 1747 3118 quid?
1811 3035 2121 3122 singulari
2171 3037 2272 3101 vir
2320 3036 2580 3124 ingenio

521 3126 904 3192 Aristoteles
957 3137 1021 3192 et
1071 3148 1276 3212 paene
1330 3126 1547 3193 divino
1598 3128 1823 3214 ipsene
1875 3142 2048 3196 errat
2098 3154 2182 3195 an
2233 3130 2393 3196 alios
2449 3131 2585 3197 volt

525 3244 755 3299 errare,
793 3243 944 3288 cum
969 3221 1190 3286 scribit
1205 3220 1575 3287 Eudemum
1595 3221 1936 3311 Cyprium,
1965 3225 2345 3292 familiarem
2369 3247 2583 3302 suum,

522 3319 647 3383 iter
679 3316 748 3382 in
781 3315 1238 3382 Macedoniam
1273 3316 1616 3384 facientem
1650 3317 1899 3385 Pheras
1935 3319 2210 3395 venisse,
2245 3339 2411 3404 quae
2448 3329 2585 3382 erat

523 3412 678 3478 urbs
725 3411 794 3476 in
828 3411 1166 3477 Thessalia
1208 3423 1347 3477 tum
1391 3411 1743 3478 admodum
1782 3413 2044 3492 nobilis,
2091 3413 2174 3478 ab
2208 3412 2585 3477 Alexandro

481 3563 489 3566 .
526 3517 741 3572 autem
786 3517 1058 3591 tyranno
1105 3506 1350 3572 crudeli
1386 3506 1717 3574 dominatu
1753 3507 2121 3583 tenebatur3
2164 3506 2233 3571 in
2268 3527 2344 3570 eo
2386 3504 2585 3590 igitur
2672 3524 2685 3556 1

527 3601 763 3687 oppido
797 3601 889 3665 ita
931 3599 1214 3688 graviter
1257 3622 1526 3686 aegrum
1559 3601 1932 3666 Eudemum
1974 3600 2207 3690 fnisse,
2252 3608 2327 3664 ut
2356 3620 2583 3664 omnes

528 3695 760 3761 medici
804 3694 1198 3761 diffiderent:
1243 3694 1307 3761 ei
1347 3695 1560 3760 visum
1599 3695 1671 3761 in
1715 3695 1929 3780 quiete
1974 3695 2237 3781 egregia
2276 3692 2445 3758 facie
2486 3692 2587 3757 iu-

528 3811 757 3855 venem
803 3790 1013 3854 dicere
1055 3789 1194 3855 fore
1229 3799 1304 3854 ut
1344 3789 1642 3877 perbrevi
1686 3791 2188 3865 convalesceret,
2234 3785 2587 3874 paucisque

533 3883 758 3948 diebus
790 3882 1195 3950 interiturum
1229 3883 1678 3950 Alexandrum
1710 3896 2085 3970 tyrannum,
2116 3881 2336 3969 ipsum
2369 3889 2585 3946 autem

534 3973 963 4063 [Eudemum]
1018 3977 1454 4062 quinquennio
1506 3989 1653 4064 post
1697 3979 1961 4044 domum
2014 3999 2155 4044 esse
2205 3975 2581 4043 rediturum.

531 4080 725 4154 atque
758 4071 848 4138 ita
881 4071 1140 4158 quidem
1184 4073 1394 4158 prima
1427 4073 1642 4138 statim
1687 4072 1909 4140 scribit
1941 4069 2322 4141 Aristotcles
2358 4092 2584 4139 conse·
