3292 4559
764 293 898 365 214
1383 305 1461 360 M.
1498 303 1774 362 TULLII
1807 301 2210 360 CICERONIS
2231 329 2254 349 ·

764 434 915 500 rae?
960 429 1179 499 cursor
1222 431 1307 496 ad
1352 427 1664 516 Olympia
1705 427 2019 515 proficisci
2070 427 2362 514 cogitans
2407 429 2588 496 visus
2623 444 2724 498 est
2765 433 2833 500 in

765 527 1007 594 somnis
1054 549 1247 592 curru
1289 525 1751 611 quadrigarum
1795 521 1973 600 vehi3
2017 545 2208 589 mane
2253 522 2340 588 ad
2373 523 2802 595 coniectorem
2814 553 2832 606 3

766 634 835 688 at
866 623 975 688 ille
1012 628 1032 659 ‘
1044 621 1261 688 vinces
1268 620 1309 698 ς’
1355 620 1564 704 inquit
1599 618 1698 684 ‘id
1731 619 1904 684 enim
1939 617 2229 684 celeritas
2265 617 2590 704 significat
2624 633 2689 688 et
2732 623 2832 688 vis

768 717 1121 802 equorum-²
1209 727 1357 802 post
1397 715 1572 781 idem
1615 714 1702 778 ad
1745 711 2242 798 Antiphontem3
2287 712 2344 777 is
2389 724 2609 780 autem
2660 723 2681 754 ‘
2691 717 2832 782 vin-

769 813 945 878 care’
963 811 1173 896 inquit
1200 817 1495 877 ‘necesse
1514 820 1637 876 est:
1677 831 1761 873 an
1787 829 1920 874 non
1937 807 2259 894 intellegis
2278 818 2580 891 quattuor
2597 822 2744 877 ante
2763 823 2829 877 te

769 905 1188 972 cucurrisse?'
1234 926 1384 971 ecce
1414 902 1577 969 alius
1604 923 1828 969 cursor
1843 937 1931 949 -
1949 911 2144 986 atque
2171 901 2406 966 horum
2437 904 2828 970 somniorum

768 1011 833 1066 et
866 1000 1091 1065 talium
1124 999 1355 1086 plenus
1390 1009 1488 1064 est
1513 995 1868 1082 Chrysippi
1900 995 2084 1072 liber,
2120 995 2352 1081 plenus
2377 996 2704 1084 Antipatri
2717 1033 2829 1076 —-,

768 1095 883 1160 sed
925 1094 1012 1160 ad
1054 1117 1382 1160 cursorem
1424 1092 1648 1158 redeo:
1705 1091 1792 1156 ad
1833 1091 2246 1176 interpretem
2281 1090 2512 1158 detulit
2545 1090 2828 1178 aquilam

768 1213 839 1255 se
870 1189 940 1254 in
976 1189 1213 1254 somnis
1238 1188 1452 1254 visum
1480 1208 1620 1254 esse
1644 1185 1922 1263 factum3
1959 1195 2026 1250 at
2057 1184 2166 1250 ille
2202 1184 2469 1262 ‘vicisti3
2503 1186 2629 1252 ista
2657 1188 2829 1254 enim

766 1283 877 1350 avi
913 1284 1090 1350 volat
1123 1282 1303 1348 nulla
1328 1279 1810 1348 vehementius?
1864 1278 2016 1345 huic
2043 1277 2254 1345 eidem
2269 1279 2558 1366 Antipho
2597 1281 2826 1360 ‘baro,’

767 1376 977 1462 inquit
1013 1377 1284 1442 ‘victum
1317 1386 1381 1442 te
1410 1397 1551 1442 esse
1572 1396 1706 1441 non
1732 1373 1954 1440 vides?
1986 1373 2111 1439 ista
2137 1373 2310 1440 enim
2335 1375 2472 1441 avis
2504 1375 2826 1440 insectans

666 1491 743 1533 145
769 1473 927 1537 alias
962 1471 1101 1536 avis
1136 1482 1203 1536 et
1246 1470 1497 1556 agitans
1542 1491 1798 1554 semper
1835 1468 1981 1554 ipsa
2025 1479 2344 1554 postrema
2375 1468 2512 1534 est-⁹
2599 1491 2827 1556 parere

769 1564 1088 1651 quaedam
1138 1575 1432 1630 matrona
1482 1562 1776 1648 cupiens,
1832 1561 2132 1628 dubitans
2185 1573 2432 1630 essetne
2483 1585 2826 1650 praegnas,

766 1661 906 1726 visa
939 1670 1039 1726 est
1078 1658 1149 1724 in
1191 1658 1406 1743 quiete
1441 1657 1850 1744 obsignatam
1892 1654 2129 1723 habere
2171 1667 2499 1734 naturam3
2548 1657 2825 1736 rettulit3

766 1753 1027 1841 negavit
1072 1777 1246 1830 eam,
1292 1753 1597 1838 quoniam
1641 1751 1984 1838 obsignata
2023 1750 2282 1828 fuisset,
2335 1752 2666 1838 concipere
2705 1773 2829 1838 po-

766 1851 985 1915 tuisse.
1075 1859 1142 1914 at
1184 1849 1346 1914 alter
1378 1857 1796 1935 praegnatem
1831 1867 1974 1912 esse
2007 1845 2199 1924 dixit3
2245 1868 2400 1912 nam
2431 1845 2622 1913 inane
2655 1846 2830 1911 obsi-

766 1945 953 2030 gnari
984 1944 1145 2008 nihil
1180 1943 1405 2009 solere.
1459 1964 1625 2028 quae
1662 1952 1760 2008 est
1805 1944 1928 2006 ista
1961 1963 2065 2006 ars
2101 1939 2484 2008 coniectoris
2513 1941 2828 2008 eludentis

767 2038 1066 2126 ingenio?
1118 2061 1204 2103 an
1238 2061 1345 2113 ea,
1388 2059 1557 2122 quae
1593 2036 1758 2112 dixi,
1806 2046 1872 2101 et
1904 2034 2426 2112 innumerabilia,
2469 2055 2638 2119 quae
2675 2058 2829 2102 con-

696 2197 701 2200 .
766 2133 931 2200 lecta
982 2132 1223 2197 habent
1281 2130 1514 2208 Stoici,
1566 2131 1916 2215 quicquam
1967 2129 2332 2216 significant
2379 2129 2506 2195 nisi
2557 2153 2829 2197 acumen

764 2226 1131 2302 hominum,
1168 2249 1251 2291 ex
1286 2225 1698 2290 similitudine
1733 2224 1953 2309 aliqua
1985 2223 2418 2291 coniecturam
2449 2225 2644 2290 modo
2680 2224 2828 2303 huc,

768 2320 963 2385 modo
996 2320 1149 2385 illuc
1184 2319 1593 2386 ducentium?
1626 2317 1860 2384 medici
1895 2318 2083 2404 signa
2116 2318 2436 2403 quaedam
2469 2317 2711 2386 habent
2745 2341 2827 2385 ex

769 2414 950 2478 venis
1002 2422 1068 2480 et
1119 2435 1203 2478 ex
1254 2413 1481 2499 spiritu
1534 2412 1812 2498 aegroti,
1872 2413 2217 2497 multisque
2271 2435 2353 2478 ex
2405 2413 2547 2478 aliis
2607 2413 2829 2480 futura

768 2507 1239 2595 praesentiunt3
1283 2507 1746 2594 gubernatores
1783 2529 1932 2573 cum
1967 2507 2344 2573 exsultantis
2378 2507 2698 2594 lolligines
2731 2509 2830 2572 vi-

770 2603 1003 2669 derunt
1037 2613 1150 2668 aut
1178 2602 1519 2689 'delphinos
1552 2625 1625 2669 se
1659 2603 1728 2667 in
1761 2613 2017 2689 portum
2044 2602 2448 2682 conicientes,
2483 2613 2829 2690 tempesta·

768 2710 901 2766 tem
936 2696 1281 2785 significari
1314 2707 1571 2784 putant:
1608 2696 1770 2764 haec
1801 2697 2049 2763 ratione
2084 2697 2390 2784 explicari
2424 2709 2490 2764 et
2521 2697 2607 2764 ad
2640 2709 2822 2764 natu⁴

766 2815 908 2858 ram
958 2793 1245 2859 revocari
1286 2791 1475 2858 facile
1520 2803 1818 2878 possunt,
1872 2815 1952 2859 ea
1993 2813 2176 2870 vero,
2229 2813 2396 2878 quae
2439 2793 2636 2880 paulo
2679 2805 2827 2858 ante

772 2886 937 2965 dixi,
972 2887 1148 2952 nullo
1184 2886 1396 2953 modo.
2019 2931 2026 2936 ·

667 2977 737 3033 ‘11
901 2981 997 3045 At
1030 2981 1202 3046 enim
1249 2981 1609 3047 observatio
1646 2980 1949 3047 diuturna
1980 3017 2071 3030 ·-
2103 2980 2264 3048 haec
2308 2981 2480 3048 enim
2513 3003 2664 3068 pars
2698 3005 2831 3047 una

660 3057 739 3096 ¹4⁶
774 3083 971 3140 restat
1012 3108 1099 3120 --
1122 3075 1419 3142 notandis
1452 3075 1646 3143 rebus
1681 3075 1835 3141 fecit
1870 3085 2094 3142 artem.
2183 3076 2291 3141 ain
2325 3075 2624 3141 tandem?
2659 3097 2831 3142 som-

772 3169 881 3232 nia
916 3168 1242 3234 observari
1272 3171 1582 3256 possunt?
1636 3192 1918 3254 quonam
1953 3170 2188 3235 modo?
2245 3182 2394 3236 sunt
2429 3171 2599 3237 enim
2640 3171 2832 3236 innu-

772 3262 1108 3328 merabiles
1133 3263 1503 3342 varietates3
1532 3263 1691 3329 nihil
1711 3274 1842 3329 tam
1869 3274 2299 3351 praepostere,
2327 3276 2462 3330 tam
2484 3264 2833 3342 incondite,

771 3368 905 3423 tam
938 3366 1341 3425 monstruose
1368 3358 1636 3444 cogitari
1672 3369 1900 3444 potest,
1935 3358 2111 3444 quod
2137 3379 2268 3424 non
2303 3357 2626 3445 possimus
2659 3380 2833 3424 som-

770 3452 978 3518 niare:
1023 3473 1152 3537 quo
1186 3452 1379 3516 modo
1412 3451 1611 3538 igitur
1644 3450 1805 3518 haec
1837 3450 2086 3518 infinita
2121 3463 2187 3518 et
2229 3475 2482 3539 semper
2513 3474 2685 3518 nova
2719 3464 2835 3516 aut

771 3546 1081 3613 memoria
1142 3547 1455 3633 conplecti
1516 3557 1629 3612 aut
1691 3546 2093 3612 observando
2153 3558 2378 3613 notare
2448 3548 2836 3633 possumus?

774 3641 1078 3727 astrologi
1110 3653 1323 3706 motus
1356 3641 1703 3707 errantium
1733 3641 2060 3708 stellarum
2086 3652 2497 3718 notaverunt3
2532 3641 2837 3708 inventus

773 3746 871 3800 est
905 3734 1077 3801 enim
1110 3735 1267 3800 ordo
1300 3735 1369 3800 in
1401 3735 1480 3800 iis
1514 3735 1735 3811 stellis,
1771 3734 1884 3819 qui
1916 3757 2048 3800 non
2081 3736 2459 3822 putabatur:
2495 3735 2657 3801 cedo
2690 3745 2840 3800 tan-

775 3830 923 3894 dem
955 3829 1069 3913 qui
1104 3830 1187 3894 sit
1228 3830 1386 3895 ordo
1421 3842 1535 3895 aut
1578 3852 1745 3915 quae
1783 3830 2182 3896 concursatio
2218 3829 2648 3896 somniorum?
2701 3850 2842 3914 quo

773 3921 965 3989 modo
1000 3933 1216 3990 autem
1251 3923 1558 4011 distingui
1588 3935 1858 4010 possunt
1892 3946 2047 3990 vera
2081 3925 2329 3992 somnia
2364 3949 2406 3992 a
2435 3925 2644 4001 falsis,
2683 3946 2840 3990 cum

776 4017 1002 4082 eadem
1036 4029 1100 4083 et
1135 4017 1274 4083 aliis
1310 4019 1494 4085 aliter
1519 4017 1800 4085 evadant
1835 4029 1900 4083 et
1926 4017 2133 4086 isdem
2165 4040 2298 4086 non
2324 4041 2578 4106 semper
2603 4018 2836 4085 eodem

688 4117 693 4122 '
775 4107 1005 4176 modo?
1038 4121 1111 4177 ut
1144 4112 1300 4178 mihi
1336 4113 1567 4179 mirum
1602 4112 1918 4192 videatur,
1955 4135 2104 4180 cum
2139 4114 2435 4182 mendaci
2467 4113 2718 4178 homini
2751 4122 2838 4180 n'e
