3292 4559
1142 244 1250 299 DE
1288 242 1618 303 ormcns
1652 244 1699 299 1.
1752 244 1929 301 2-7,
2182 272 2190 281 -
2264 314 2273 323 .
2518 233 2564 304 3

477 368 863 435 forensibus
915 386 1126 452 neque
1177 360 1542 441 domesticis
1594 368 1664 433 in
1681 442 1692 447 ,Α
1710 368 1934 447 rebus,
1992 392 2203 455 neque
2250 373 2305 437 si
2350 384 2563 440 tecum

475 486 658 550 agas
694 462 874 547 quid,
909 482 1120 545 neque
1147 461 1203 525 si
1243 484 1391 526 cum
1429 463 1628 527 altero
1670 462 2007 528 contrahas
2024 511 2043 542 ,
2080 486 2311 531 vacare
2350 468 2561 533 officio

474 568 732 645 potest,
767 557 836 621 in
871 577 1076 639 eoque
1113 567 1176 621 et
1213 556 1480 622 colendo
1519 557 1640 621 sita
1674 557 1845 623 vitae
1881 568 1979 623 est
2012 558 2316 626 honestas
2349 564 2559 629 omnis

475 664 562 719 et
613 650 1022 737 neglegendo
1067 650 1419 735 turpitudo.
1515 662 1709 735 atque
1754 651 1913 717 haec
1959 653 2221 736 quidem
2266 658 2557 739 quaestio
2583 652 2627 718 '5

479 745 858 813 communis
895 755 994 810 est
1029 744 1316 809 omnium
1349 744 1907 831 philosophorum:
1946 748 2089 831 quis
2126 762 2223 815 est
2250 751 2421 816 enim
2448 750 2560 836 qui

481 842 692 907 nullis
739 840 936 906 officii
980 840 1337 926 praeceptis
1373 841 1699 907 tradendis
1735 842 2186 929 philosophum
2220 868 2289 911 sc
2326 848 2561 913 audeat

479 936 752 1001 dicere?
803 932 918 999 sed
964 944 1112 997 sunt
1154 956 1286 999 non
1319 934 1533 1001 nullae
1569 935 1973 1022 disciplinae,
2019 951 2185 1020 quae
2220 941 2560 1025 propositis

486 1032 815 1095 bonorum
863 1038 928 1094 et
971 1029 1298 1093 malorum·
1327 1026 1564 1094 finibus
1609 1030 1895 1095 officium
1940 1053 2126 1097 omne
2161 1044 2561 1117 pervertante

487 1147 662 1189 nam
710 1124 816 1206 qui
861 1144 1185 1187 summum
1228 1124 1472 1188 bonum
1516 1124 1607 1189 sic
1652 1124 1952 1203 instituit,
2008 1136 2082 1189 ut
2124 1125 2283 1190 nihil
2326 1126 2563 1193 habeat

485 1241 656 1284 cum
716 1216 947 1281 virtute
1011 1218 1452 1294 coniunctum,
1513 1219 1711 1301 idque
1782 1219 1913 1283 suis
1987 1220 2365 1299 commodis,
2428 1243 2561 1289 non

489 1314 832 1377 honest-ate
879 1311 1168 1387 metitur,
1215 1311 1348 1389 hio,
1393 1312 1448 1377 si
1483 1313 1606 1377 sibi
1639 1314 1779 1399 ipse
1816 1315 2169 1381 consentiat
2203 1327 2267 1381 et
2299 1337 2429 1381 non
2464 1317 2561 1381 in·

487 1408 755 1474 terdum
780 1416 1048 1471 naturae
1077 1406 1361 1471 bonitate
1389 1408 1705 1486 vincatur,
1740 1430 1951 1493 neque
1980 1410 2323 1475 amicitiam
2352 1412 2559 1477 colere

490 1502 697 1589 possit
733 1523 855 1565 nec
887 1500 1196 1565 iustitiam
1221 1522 1342 1565 nec
1370 1500 1847 1580 liberalitatem3
1884 1502 2067 1569 fortis
2093 1528 2245 1571 vero
2276 1506 2559 1571 dolorem

489 1618 824 1662 summum
893 1596 1133 1659 malum
1203 1594 1494 1660 iudicans
1565 1607 1678 1661 aut
1737 1606 2101 1683 temperans
2164 1600 2561 1683 voluptatem

489 1712 821 1757 summum
866 1688 1108 1753 bonum
1153 1698 1436 1753 statuens
1480 1712 1620 1756 esse
1667 1702 1837 1755 certe
1881 1691 2057 1755 nullo
2100 1691 2293 1756 modo
2324 1702 2557 1775 potest.

491 1806 666 1868 quae
703 1804 1097 1867 quamquam
1131 1783 1224 1847 ita
1259 1794 1409 1848 sunt
1441 1784 1510 1847 in
1543 1795 1866 1869 promptu,
1904 1796 1976 1849 ut
2002 1806 2105 1849 res
2132 1785 2559 1871 disputatione
2602 1806 2629 1847 e

489 1900 626 1943 non
672 1888 889 1962 egeat,
935 1888 1152 1942 tamen
1189 1888 1340 1942 sunt
1376 1902 1415 1941 a
1449 1877 1635 1942 nobis
1673 1878 1798 1941 alio
1832 1878 1975 1943 loeo
2014 1880 2356 1963 disputata.
2436 1880 2561 1946 hae

490 1972 871 2057 disciplinae
933 1970 1132 2056 igitur
1191 1971 1246 2036 si
1299 1971 1423 2035 sibi
1477 1982 1942 2037 consentaneae
1996 1972 2195 2037 velint
2247 1995 2414 2049 esse,
2480 1975 2560 2039 de
2668 2041 2677 2047 ,

488 2066 712 2131 officio
757 2065 915 2129 nihil
960 2076 1198 2149 queant
1241 2066 1482 2143 dicere,
1536 2088 1748 2149 neque
1800 2067 1933 2131 ulla
1978 2066 2171 2131 officii
2216 2078 2564 2154 praecepta⁴

489 2161 713 2237 firma,
759 2158 1040 2236 stabilia,
1087 2160 1428 2225 coniuncta
1471 2171 1738 2225 naturae
1784 2160 1951 2225 tradi
1984 2172 2255 2246 possunt
2288 2162 2411 2226 nisi
2448 2173 2561 2227 aut

488 2254 580 2319 ab
634 2253 745 2330 iis,
796 2253 908 2337 qui
951 2253 1182 2331 solam,
1237 2264 1348 2318 aut
1393 2252 1474 2317 ab
1517 2253 1627 2331 iis,
1680 2254 1791 2337 qui
1838 2254 2115 2341 maxime
2160 2254 2559 2321 honestatem

489 2357 764 2433 propter
805 2368 872 2411 se
921 2347 1138 2411 dicant
1183 2346 1624 2433 expetendam.
1717 2348 1807 2412 ita
1839 2349 2096 2433 propria
2132 2359 2227 2413 est
2262 2370 2341 2414 ea
2372 2362 2560 2434 prae-

489 2440 714 2527 ceptio
751 2438 1130 2518 Stoicorum,
1167 2441 1728 2519 Academicorum,
1764 2442 2360 2529 Peripateticorum,
2399 2466 2559 2528 quo—

491 2538 674 2601 niam
725 2534 1074 2613 Aristonis,
1127 2535 1509 2621 Pyrrhonis,
1571 2536 1759 2601 Erilli
1808 2536 1937 2601 iam
1990 2537 2239 2622 pridem
2294 2538 2557 2625 explosa

491 2631 812 2696 sententia
864 2640 990 2706 est,
1043 2630 1153 2714 qui
1197 2641 1412 2695 tamen
1455 2630 1768 2696 haberent
1808 2631 1908 2696 ius
1954 2656 2145 2697 suum
2190 2632 2557 2718 disputandi

491 2726 578 2790 de
617 2723 852 2801 officio,
898 2724 954 2787 si
987 2746 1199 2789 rerum
1237 2725 1516 2808 aliquem
1549 2725 1855 2790 dilectum
1890 2725 2321 2809 reliquissent,
2365 2735 2439 2789 ut
2474 2726 2557 2789 ad

491 2818 696 2884 officii
757 2818 1190 2884 inventionem
1253 2820 1464 2884 aditus
1519 2830 1707 2885 esset.
1796 2840 2137 2903 sequemur
2186 2819 2383 2904 igitur
2433 2818 2557 2883 hoc

491 2914 760 2999 quidem
797 2924 1082 2998 tempore
1117 2924 1183 2979 et
1207 2913 1330 2979 hac
1355 2914 1423 2979 in
1449 2912 1825 2997 quaestione
1855 2914 2254 2999 potissimum
2286 2912 2558 2989 Stoicos,

491 3030 628 3073 non
672 3018 746 3072 ut
789 3007 1197 3093 interpretes,
1257 3008 1397 3084 sed,
1449 3017 1522 3072 ut
1565 3008 1872 3084 solemus,
1926 3030 1961 3071 e
2006 3006 2292 3071 fontibus
2337 3028 2561 3072 eorum

491 3104 734 3169 iudicio
771 3102 1158 3187 arbitrioque
1193 3114 1410 3168 nostro
1448 3112 1761 3187 quantum
1795 3124 2053 3186 quoque
2088 3102 2279 3166 modo
2316 3101 2562 3167 videbi-

490 3212 605 3264 tur
637 3196 1024 3263 hauriemus.

627 3290 856 3356 Placet
905 3291 1129 3377 igitur,
1195 3291 1498 3374 quoniam
1549 3290 1757 3355 omnis
1812 3290 2157 3375 disputatio
2210 3289 2293 3353 de
2346 3288 2558 3353 officio
2603 3304 2630 3347 τ

489 3386 726 3450 futura
769 3397 889 3463 est,
935 3397 1081 3449 ante
1127 3385 1422 3460 definire,
1469 3384 1626 3469 quid
1662 3385 1744 3449 sit
1780 3384 2093 3449 officiume
2149 3384 2322 3467 quod
2358 3404 2398 3445 a
2430 3382 2561 3447 Pa-

489 3478 718 3545 naetio
775 3480 1304 3565 praetermissum·
1357 3502 1496 3544 esse
1557 3479 1772 3543 miror.
1862 3479 2067 3543 omnis
2130 3477 2331 3553 enim,
2396 3482 2563 3559 quae

493 3574 747 3641 rat-ione
793 3574 1162 3659 suscipitur,
1209 3574 1290 3640 de
1337 3574 1550 3660 aliqua
1585 3596 1655 3639 re
1690 3573 2001 3638 institutio
2038 3572 2230 3637 debet
2264 3594 2303 3635 a
2338 3570 2563 3635 defini-

493 3668 673 3743 tione
734 3668 1079 3753 proficisci,
1141 3679 1211 3732 ut
1273 3667 1710 3753 intellegatur,
1774 3667 1931 3752 quid
1993 3667 2075 3733 sit
2136 3666 2235 3743 id,
2298 3666 2379 3731 de
2430 3687 2561 3749 quo

493 3762 881 3848 disputetur.
929 3786 936 3791 ·
969 3762 1173 3826 omnis
1209 3762 1290 3827 de
1324 3761 1536 3827 officio
1573 3761 1812 3847 duplex
1846 3772 1945 3827 est
1990 3760 2305 3845 quaestio:
2359 3774 2561 3824 unum
2612 3771 2647 3825 3

495 3877 709 3942 genus
763 3867 888 3932 est,
941 3856 1116 3940 quod
1145 3856 1440 3942 'pertinet
1492 3856 1576 3921 ad
1625 3856 1823 3921 finem
1866 3854 2212 3931 bonorum,
2268 3855 2562 3930 alterum,

489 3950 677 4033 quod
719 3950 1002 4035 positum
1047 3961 1143 4015 est
1186 3950 1254 4014 in
1297 3950 1685 4035 praeceptis,
1731 3948 1964 4033 quibus
2006 3949 2075 4013 in
2120 3948 2325 4013 omnis
2360 3948 2560 4033 partis

493 4066 657 4110 usus
703 4044 874 4111 vitae
927 4044 1313 4111 conformari
1363 4045 1584 4131 possit.
1673 4043 2018 4130 superioris
2070 4039 2324 4130 generis
2368 4040 2561 4107 huius

2201 4142 2273 4197 1·
