3292 4559
1025 231 1105 295 14
1469 277 1476 287 .
1622 237 1719 303 M.
1758 234 2028 293 TULLII
2063 233 2464 292 CICERONIS
2553 281 2558 284 .

1022 377 1129 431 vat
1172 375 1238 431 et
1290 362 1425 429 eius
1476 362 1751 427 formam
1793 359 2165 425 mutabilem
2212 381 2349 424 esse
2393 358 2554 436 volt,
2608 357 2964 443 eodemque
3008 359 3088 425 in

953 483 974 519 :J
1022 463 1182 525 libro
1228 450 1446 523 rursus
1490 467 1725 521 terram
1768 465 1833 520 et
1868 455 2117 520 caelum
2161 453 2355 518 refert
2396 453 2464 517 in
2500 452 2674 517 deos.
2762 474 2883 518 nec
2918 475 3085 519 vero

1021 552 1444 637 Theophrasti
1486 549 1909 615 inconstantia
1952 548 2219 614 ferenda
2264 557 2387 612 est:
2441 546 2632 612 modo
2670 546 2840 612 enim
2875 549 3086 613 menti

1021 651 1305 711 divinum
1360 646 1580 711 tribuit
1629 643 2092 730 principatum,
2155 642 2346 706 modo
2401 642 2604 720 caele,
2665 652 2804 705 tum
2850 651 3083 707 'autem

1021 742 1217 827 signis
1254 740 1695 824 sideribusque
1740 737 2139 804 caelestibus.
2227 757 2348 801 nec
2380 736 2754 802 audiendus*
2786 735 2921 802 eius
2959 759 3085 801 au-

1021 839 1186 900 ditor
1221 834 1466 912 Strato,
1500 836 1556 899 is
1591 834 1705 918 qui
1740 833 2045 919 physicus
2080 832 2466 917 appellatur,
2503 831 2615 916 qui
2652 852 2904 896 omnem
2941 831 3084 895 vim

1021 931 1302 995 divinam
1329 930 1397 993 in
1421 939 1653 994 natura
1680 927 1869 992 sitam
1886 948 2027 992 esse
2047 936 2281 1003 censet,
2301 945 2468 1008 quae
2487 945 2715 989 causas
2742 924 3081 1010 gignendi,

1021 1024 1324 1111 aun-endi,
1386 1022 1719 1087 minuendi
1768 1021 2034 1097 habeat,
2095 1020 2211 1086 sed
2263 1030 2478 1085 careat
2528 1019 2703 1083 omni
2763 1040 2957 1083 sensu
3010 1030 3083 1083 et

918 1123 985 1175 14
1021 1119 1244 1203 figura.
1337 1117 1516 1182 Zeno
1552 1127 1789 1194 autem,
1827 1126 1901 1180 ut
1932 1116 2062 1184 iam
2098 1113 2183 1179 ad
2218 1125 2491 1191 vestros,
2525 1112 2763 1189 Balbe,
2797 1112 3079 1189 veniam,

921 1195 973 1231 Hb

925 2651 973 2687 Ξῖ

1017 1212 1374 1277 naturalem
1425 1211 1637 1297 legem
1683 1209 1966 1274 divinam
2011 1230 2151 1273 esse
2197 1220 2414 1273 censet
2456 1228 2727 1290 eamque
2779 1207 2912 1270 vim
2958 1206 3084 1271 ob-

1017 1307 1219 1371 tinere
1251 1314 1428 1369 recta
1451 1304 1868 1389 imperantem
1894 1301 2463 1388 prohibentemque
2490 1301 2835 1366 contraria.
2880 1321 3081 1385 quam

1017 1403 1229 1483 legem
1263 1419 1392 1482 quo
1428 1398 1617 1462 modo
1654 1396 1891 1463 efficiat
1922 1397 2330 1472 animantem,
2367 1396 2734 1481 intellegere
2761 1416 2892 1459 non
2925 1418 3082 1481 pos-

1021 1515 1270 1570 sumus;
1341 1493 1536 1557 deum
1596 1503 1812 1557 autem
1876 1491 2265 1557 animantem
2328 1502 2499 1555 certe
2552 1490 2847 1556 volumus
2910 1511 3078 1555 esse.

1021 1600 1212 1671 atque
1245 1587 1351 1651 hic
1384 1586 1557 1651 idem
1593 1586 1721 1651 alio
1754 1588 1896 1651 loco
1932 1586 2191 1664 aethera
2225 1585 2418 1651 deum
2454 1584 2637 1662 dicit,
2691 1584 2747 1649 si
2788 1584 3080 1670 intellegi

1021 1692 1231 1767 potest
1261 1682 1420 1747 nihil
1465 1682 1741 1748 sentiens
1789 1681 1975 1758 dene,
2030 1680 2141 1765 qui
2183 1703 2536 1766 numquam
2579 1681 2764 1746 nobis
2798 1680 3080 1746 occurrit

1022 1796 1231 1859 neque
1264 1777 1331 1841 in
1374 1777 1672 1863 precibus
1717 1797 1926 1860 neque
1960 1775 2028 1840 in
2065 1776 2296 1861 optatis
2340 1798 2548 1860 neque
2581 1775 2651 1841 in
2684 1775 2879 1854 votis;
2934 1774 3077 1840 aliis

1025 1883 1237 1935 autem
1267 1870 1455 1936 libris
1491 1872 1803 1936 rationem
1838 1871 2163 1954 quandam
2205 1892 2322 1955 per
2356 1892 2611 1935 omnem
2644 1880 2941 1935 naturam
2974 1892 3079 1934 re-

1021 1988 1160 2028 rnm
1208 1965 1632 2049 pertinentem
1687 1965 1752 2030 vi
1798 1964 2016 2029 divina
2060 1986 2199 2029 esse
2247 1962 2566 2029 adfectam
2609 1975 2815 2050 putat.
2900 1963 3077 2029 idem

1017 2059 1202 2124 astris
1235 2059 1358 2125 hoc
1393 2059 1566 2125 idem
1591 2059 1836 2135 tribuit,
1872 2077 2011 2124 tum
2038 2059 2242 2136 annis,
2280 2058 2605 2124 mensibus
2633 2079 3075 2142 annorumque

1018 2153 1495 2217 mutationibus.
1584 2176 1736 2218 cum
1782 2176 1935 2219 vero
1970 2154 2257 2219 Hesiodi·
2278 2152 2724 2239 Theogoniam
2765 2154 3078 2239 interpre-

1018 2259 1217 2323 tatur,
1286 2247 1448 2311 tollit
1510 2250 1769 2313 omnino
1829 2248 2096 2312 usitatas
2159 2260 2618 2335 perceptasque
2681 2249 3075 2335 cognitiones

1021 2343 1286 2403 demum
1295 2364 1313 2417 3
1366 2360 1576 2425 neque
1621 2342 1793 2407 enim
1826 2341 2051 2407 Iovem
2094 2362 2301 2426 neque
2336 2342 2651 2408 Iunonem
2695 2364 2905 2427 neque
2939 2342 3077 2408 Ve-

1021 2448 1185 2499 stam
1236 2454 1444 2517 neque
1485 2457 1909 2519 quemquam,
1963 2436 2076 2519 qui
2115 2436 2206 2500 ita
2252 2437 2634 2522 appelletur,
2687 2438 2752 2501 in
2806 2437 3073 2502 deorum

1021 2527 1214 2593 hahet
1246 2550 1530 2607 numere,
1567 2529 1686 2594 sed
1720 2529 1912 2593 rebus
1945 2530 2239 2595 inanimis
2275 2543 2468 2615 atque
2502 2532 2695 2596 mutis
2728 2553 2846 2617 per
2868 2553 3078 2615 quan-

1025 2623 1169 2687 dam
1213 2623 1745 2709 significationem
1796 2623 1956 2688 haec
2002 2624 2186 2689 docet
2226 2625 2467 2689 tributa
2508 2626 2789 2691 nomina.
2890 2625 3073 2691 cuius

1021 2718 1313 2827 discipuli
1347 2717 1675 2783 Aristonis
1710 2739 1839 2782 non
1881 2718 2090 2783 minus
2133 2741 2369 2805 magno
2404 2719 2473 2784 in
2509 2741 2721 2786 errore
2757 2719 3075 2787 sententia

1018 2823 1133 2887 est,
1170 2813 1283 2895 qui
1315 2834 1527 2897 neque
1563 2811 1836 2876 formam
1873 2812 1976 2877 dei
2001 2812 2302 2899 intellegi
2332 2836 2536 2899 posse
2572 2827 2829 2880 censeat
2861 2834 3071 2897 neque

1017 2907 1085 2967 in
1121 2905 1256 2970 deis
1293 2928 1553 2991 sensum
1588 2928 1729 2972 esse
1773 2906 1943 2971 dicat
1988 2908 2362 2991 dubitetque
2398 2908 2683 2985 omnino,
2739 2907 2897 2973 deus
2936 2908 3072 2971 ani-

1018 3022 1200 3063 mans
1235 3021 1438 3065 necne
1475 3000 1575 3064 sit.
1650 2998 1994 3067 Cleanthes
2032 3012 2278 3079 autem,
2315 3002 2424 3085 qui
2462 3002 2792 3067 Zenonem
2826 3000 3073 3065 audivit

1018 3115 1151 3155 una
1185 3116 1331 3157 cum
1367 3116 1471 3172 ec,
1524 3116 1717 3179 quem
1751 3096 2040 3182 proxime
2074 3096 2426 3173 nominavi,
2470 3105 2608 3161 tum
2641 3097 2853 3181 ipsum
2887 3118 3073 3160 mun-

1021 3188 1173 3251 dum
1219 3187 1410 3253 deum
1456 3189 1611 3255 dicit
1654 3213 1822 3267 esse,
1877 3202 2017 3255 tum
2064 3192 2255 3256 totius
2309 3202 2574 3257 naturae
2625 3190 2827 3257 menti
2879 3202 3071 3275 atque

1018 3283 1230 3347 animo
1285 3284 1505 3349 tribuit
1557 3285 1683 3350 hoc
1706 3343 1711 3346 ,
1733 3308 1999 3361 nomen,
2053 3296 2192 3351 tum
2235 3286 2533 3349 ultimum
2576 3296 2640 3352 et
2692 3285 3071 3351 altissimum

1017 3392 1207 3463 atque
1242 3380 1528 3464 undique
1563 3380 2026 3446 circumfusum
2061 3391 2125 3444 et
2169 3390 2525 3445 extremum
2560 3380 2775 3446 omnia
2809 3379 3074 3465 cingen-

1017 3487 1165 3539 tem·
1199 3485 1393 3559 atque
1447 3478 1832 3561 conplexum
1862 3470 2209 3549 ardorem,
2263 3475 2375 3557 qui
2417 3474 2635 3540 aether
2688 3474 3070 3550 nominetur,

1017 3569 1436 3635 certissimum
1471 3571 1669 3637 deum
1700 3570 1972 3647 iudicat;
2019 3569 2317 3651 idemque
2341 3570 2538 3653 'quasi
2573 3569 2847 3635 delirans
2893 3568 2960 3632 in
2994 3568 3071 3632 iis

1017 3663 1212 3740 libris,
1249 3683 1410 3749 quos
1439 3655 1693 3749 scripsit
1719 3674 1942 3727 contra
1965 3660 2381 3747 voluptatem,
2417 3674 2555 3728 tum
2580 3663 2765 3749 fingit
2797 3662 3071 3745 formam

1017 3757 1338 3839 quandam
1390 3769 1454 3823 et
1507 3757 1787 3842 speciem
1841 3757 2135 3834 deorum,
2189 3766 2327 3821 tum
2380 3757 2775 3822 divinitatem
2817 3778 3072 3821 omnem

1017 3851 1235 3915 tribuit
1270 3854 1488 3929 astris,
1526 3864 1667 3916 tum
1699 3850 1859 3915 nihil
1892 3851 2135 3916 ratione
2172 3862 2388 3917 censet
2422 3874 2562 3919 esse
2598 3851 2894 3917 divinius.
2982 3850 3071 3914 ita

1017 3943 1089 4007 fit
1133 3956 1203 4008 ut
1249 3946 1406 4011 deus
1453 3946 1589 4022 ille,
1641 3966 1837 4029 quem
1879 3955 2092 4011 mente
2138 3946 2461 4012 noscimus
2515 3956 2707 4030 atque
2758 3945 2827 4009 in
2878 3942 3071 4010 animi

1014 4039 1274 4105 notione
1310 4051 1641 4123 tamquam
1673 4039 1742 4105 in
1767 4039 2037 4126 vestigio
2066 4039 2360 4106 volumus
2387 4045 2717 4125 reponere,
2752 4060 3069 4122 nusquam
