3292 4559
1066 225 1172 280 DE
1209 211 1538 281 ormcns
1571 225 1681 279 111.
1716 225 1955 282 89—94.
2058 292 2061 298 ,
2412 216 2541 284 105

473 350 585 416 0111
631 348 844 436 potius
881 348 1221 416 adsentior.
1312 349 1453 433 ‘qui
1489 349 1709 418 vinum
1746 348 2003 434 fugiens
2039 349 2274 418 vendat
2311 351 2537 431 sciens,

474 445 795 510 debeatne
837 444 1068 508 dicere.
1081 442 1097 470 '
1185 465 1320 507 non
1351 464 1612 509 necesse
1645 454 1834 530 putat
1866 442 2227 529 Diogenes,
2264 445 2544 533 Antipa-

473 548 576 604 ter
612 539 732 604 viri
766 538 920 603 boni
955 536 1292 602 existimat.
1363 537 1524 604 haec
1558 547 1708 602 sunt
1742 538 1927 622 quasi
1964 550 2371 606 controversa
2396 541 2539 606 iura

475 632 864 699 Stoicorum.
936 631 1033 696 ‘in
1065 631 1385 716 mancipio
1423 632 1767 697 vendundo
1804 633 2156 700 dicendane
2194 635 2368 712 vitia,
2407 658 2539 700 non

471 751 584 805 ea,
628 748 794 811 quae
827 724 953 792 nisi
987 725 1251 803 dixeris,
1297 725 1711 792 redhibeatur
1744 728 2135 814 mancipium
2170 728 2309 794 iure
2345 729 2537 807 civili,

471 822 592 886 sed
636 822 826 899 haec,
879 820 1256 886 mendacem
1301 843 1472 898 esse,
1525 821 1901 898 aleatorem,
1956 821 2273 900 furacem,
2328 823 2537 889 ebrio-

469 916 660 980 sum?
749 915 934 981 alteri
979 914 1250 979 dicenda
1296 913 1623 991 videntur,
1670 916 1854 981 alteri
1896 937 2029 980 non
2073 916 2388 981 videntur.
2478 919 2533 982 si
2566 936 2618 976 92

471 1011 622 1094 quis
669 1032 898 1075 aurum
941 1007 1224 1072 vendens
1269 1007 1661 1073 orichalcum
1698 1032 1767 1074 se
1801 1020 1983 1094 putet
2019 1010 2325 1087 vendere,
2369 1011 2536 1076 indi-

473 1117 662 1170 cetne
715 1105 778 1170 ei
829 1103 927 1168 vir
977 1103 1183 1166 bonus
1229 1125 1457 1167 aurum
1498 1103 1661 1167 illud
1704 1125 1877 1181 esse,
1930 1127 2014 1170 an
2058 1115 2231 1170 emat
2272 1104 2535 1170 denario

472 1199 652 1282 quod
697 1197 778 1262 sit
819 1195 992 1262 mille
1039 1195 1418 1262 denarium-⁹
1508 1197 1921 1290 perspicuum
1966 1209 2063 1263 est
2104 1198 2234 1263 iam
2280 1209 2343 1264 et
2378 1199 2537 1282 quid

474 1292 633 1356 mihi
687 1291 978 1356 videatur
1027 1301 1092 1356 et
1143 1311 1310 1374 quae
1362 1290 1444 1355 sit
1493 1291 1661 1357 inter
1712 1313 1821 1358 eos
1875 1291 2315 1428 philosophos,
2371 1315 2535 1377 quos

471 1385 820 1462 nominavi,
857 1384 1306 1450 controversia.

602 1479 807 1547 Pacta
843 1491 907 1556 et
941 1479 1254 1566 promissa
1289 1501 1624 1566 semperne
1660 1480 1977 1547 servanda
2012 1482 2167 1559 sint,
2215 1504 2377 1555 evan
2412 1505 2532 1548 11110
2567 1500 2638 1554 24

475 1601 540 1643 vr
587 1598 708 1642 nno
759 1598 926 1641 nono
971 1597 1170 1652 mo,
1224 1585 1296 1640 ut
1336 1577 1665 1660 praetores
1712 1577 1947 1653 solent,
1990 1597 2195 1641 raom
2234 1597 2391 1642 sm.
2478 1578 2533 1642 si

474 1671 618 1756 quis
663 1670 1200 1735 medicamentum
1227 1669 1526 1754 cuipiam
1567 1670 1815 1735 dederit
1858 1671 1945 1734 ad
1988 1691 2221 1753 aquam
2254 1670 2533 1736 intercu-

473 1776 606 1828 tem
640 1763 1116 1848 pepigeritque‚
1163 1762 1220 1827 si
1253 1784 1330 1827 eo
1364 1763 1832 1828 medicamento
1868 1761 2062 1827 sanus
2098 1763 2307 1828 factus
2342 1775 2529 1840 esset,

473 1879 557 1922 ne
591 1858 700 1922 illo
734 1856 1198 1921 medicamento
1232 1878 1543 1940 umquam
1576 1867 1801 1941 postea
1834 1867 2149 1934 uteretur,
2196 1858 2252 1922 si
2288 1881 2364 1924 eo
2400 1882 2533 1924 me-

477 1953 836 2018 dicamento
871 1973 1064 2024 sanus
1100 1951 1312 2016 factus
1347 1951 1429 2015 sit
1464 1962 1528 2016 et
1565 1951 1749 2016 annis
1785 1951 2027 2036 aliquot
2061 1963 2209 2038 post
2241 1953 2535 2021 inciderit

473 2048 542 2112 in
578 2047 852 2113 eundem
887 2046 1184 2110 morbum
1217 2067 1337 2110 nec
1373 2045 1456 2110 ab
1493 2067 1597 2121 eo,
1633 2045 1897 2128 quicum
1930 2046 2263 2132 pepigerat
2276 2095 2295 2124 ,
2331 2048 2534 2133 impe-

475 2150 598 2206 tret
631 2151 705 2204 ut
737 2139 968 2204 iterum
987 2161 1082 2207 ⁴eo
1115 2140 1305 2204 liceat
1339 2138 1462 2214 uti,
1509 2138 1667 2222 quid
1700 2138 2069 2206 faciendum
2104 2141 2213 2206 sit=
2269 2163 2417 2207 cum
2452 2142 2536 2206 sit

473 2237 528 2301 is
580 2235 998 2312 inhumanus,
1051 2234 1164 2318 qui
1207 2239 1338 2298 no'n
1362 2233 1721 2312 concedat,
1769 2255 1889 2300 nec
1934 2235 1995 2300 ei
2039 2235 2385 2319 quicquam
2420 2236 2533 2301 fiat

473 2331 780 2407 iniuriae,
815 2329 984 2394 vitae
1029 2339 1095 2394 et
1137 2328 1328 2394 saluti
1372 2329 1854 2394 consulendum.
1944 2329 2139 2414 quid?
2192 2330 2247 2394 si
2282 2329 2395 2413 (1111
2430 2353 2534 2395 sa·
2565 2351 2617 2390 98

472 2425 654 2511 piens
699 2435 962 2510 rogatus
1007 2425 1092 2490 sit
1136 2424 1220 2488 ab
1265 2445 1371 2501 ec,
1417 2424 1530 2507 qui
1573 2446 1723 2489 eum
1767 2424 2069 2491 heredem
2110 2423 2335 2501 faciat,
2382 2447 2531 2489 cum

471 2518 531 2585 ei
564 2530 942 2585 testamento
978 2518 1338 2586 sestertium
1372 2519 1577 2585 milies
1609 2519 2022 2604 relinquatur,
2060 2531 2135 2585 ut
2158 2530 2307 2585 ante
2334 2542 2530 2604 quam

470 2614 884 2680 hereditatem
941 2614 1130 2679 adeat
1181 2616 1324 2680 luce
1377 2614 1593 2699 palam
1633 2615 1705 2678 in
1748 2613 1889 2679 foro
1942 2615 2161 2692 saltet,
2213 2615 2407 2698 idque
2458 2637 2529 2680 se

469 2708 788 2773 facturum
823 2709 1200 2792 promiserit,
1238 2709 1414 2792 quod
1449 2709 1630 2773 aliter
1664 2708 1965 2774 heredem
2000 2730 2149 2774 eum
2178 2709 2527 2792 scripturus

468 2803 573 2866 ille
607 2824 738 2866 non
774 2812 958 2876 esset,
995 2800 1189 2866 faciat
1223 2802 1399 2884 quod
1432 2801 1793 2885 promiserit
1828 2802 2069 2867 necne?
2136 2801 2529 2887 promisisset

470 2896 703 2960 nollem
738 2905 803 2960 et
835 2895 903 2959 id
940 2896 1212 2960 arbitror
1245 2895 1444 2959 fuisse
1479 2894 1845 2981 gravitatis:
1882 2895 2187 2980 quoniam
2212 2896 2524 2981 promisit,

472 2990 526 3054 si
559 2990 789 3054 saltare
823 2989 892 3052 in
927 2989 1066 3053 foro
1103 3000 1290 3074 turpe
1324 2990 1536 3066 ducet,
1571 2989 1903 3070 honestius
1934 2989 2310 3066 mentietur,
2356 2990 2411 3054 si
2444 3012 2527 3055 ex

470 3082 818 3149 hereditate
862 3082 1020 3148 nihil
1066 3084 1334 3169 ceperit,
1382 3105 1578 3166 quam
1621 3084 1677 3148 si
1712 3082 1982 3169 ceperit,
2024 3084 2149 3148 nisi
2182 3084 2347 3150 forte
2381 3108 2525 3153 eam

469 3177 807 3264 pecuniam
850 3177 920 3240 in
962 3177 1057 3242 rei
1100 3176 1398 3261 publicae
1439 3200 1751 3263 magnum
1786 3178 2051 3262 aliquod
2085 3189 2337 3264 tempus
2373 3201 2525 3244 con-

469 3273 704 3349 tulerit,
741 3283 812 3337 ut
847 3272 950 3336 vel
986 3271 1217 3336 saltare
1230 3317 1249 3347 ,
1286 3293 1435 3337 cum
1469 3272 1716 3357 patriae
1751 3274 2157 3339 consulturus
2192 3274 2301 3350 sit,
2340 3285 2526 3359 turpe

469 3389 596 3431 non
649 3366 754 3430 sit.
857 3387 934 3430 ac
992 3387 1075 3430 ne
1133 3365 1246 3431 illa
1305 3365 1567 3476 quidem
1621 3367 1935 3453 promissa
1987 3369 2303 3442 servanda
2355 3379 2521 3444 sunt,
2559 3357 2629 3470 {ff

469 3483 632 3544 quae
693 3483 825 3524 non
875 3471 1024 3524 sunt
1074 3459 1154 3524 iis
1205 3461 1360 3546 ipsis
1412 3462 1628 3539 utilia,
1692 3461 1926 3545 quibus
1976 3461 2088 3526 illa
2137 3462 2521 3547 promiseris.

473 3555 584 3622 Sol
615 3555 1007 3621 Phaethonti
1047 3555 1209 3632 filio,
1256 3567 1329 3622 ut
1372 3557 1709 3622 redeamus
1754 3557 1838 3622 ad
1872 3556 2155 3632 fabulas,
2200 3556 2523 3622 facturum

472 3674 538 3716 se
589 3673 728 3716 esse
783 3650 943 3715 dixit
989 3651 1292 3735 quicquid
1339 3662 1642 3737 optasset.
1734 3652 1983 3738 optavit
2034 3663 2107 3717 ut
2150 3652 2216 3716 in
2266 3674 2523 3717 currum
2625 3700 2633 3708 .

471 3746 664 3830 patris
706 3745 1060 3822 tolleretur-3
1119 3745 1408 3810 sublatus
1455 3758 1580 3824 est3
1637 3747 1815 3831 atqui
1856 3746 1915 3812 is
1958 3757 2107 3812 ante
2140 3767 2337 3830 quam
2372 3766 2522 3811 con-

473 3836 626 3901 stitit
667 3838 800 3902 ictu
842 3837 1126 3917 fulminis
1172 3840 1576 3925 deflagravit:
1632 3852 1873 3926 quanto
1919 3840 2147 3907 melius
2201 3839 2412 3904 fuerat
2453 3839 2521 3906 in

472 3930 594 3994 hoc
632 3932 1016 4015 promissum
1058 3934 1256 4019 patris
1303 3956 1435 3999 non
1479 3957 1619 4000 esse
1655 3934 2005 4002 servatum!
2062 3933 2287 4021 [quid?
2348 3935 2521 4018 quod

471 4023 759 4090 Theseus
820 4029 1038 4114 exegit
1095 4028 1482 4114 promissum
1534 4054 1579 4096 a
1624 4030 1969 4116 Neptuno?
2038 4030 2145 4096 cui
2206 4051 2355 4095 cum
2406 4029 2529 4096 tris-
