3292 4559
1088 234 1195 293 DE
1229 201 1567 296 memus
1602 238 1652 293 1.
1689 238 1932 297 52-56,
2193 228 2198 237 ⁴
2405 229 2539 299 267.-
2655 212 2662 217 ’

453 380 631 435 eam,
670 378 841 447 quae
877 355 1130 425 dirimat
1167 358 1398 427 omnia.
1470 362 1562 425 M.
1616 360 1836 428 Probe
1869 362 2132 447 quidem
2157 359 2444 443 sentires,
2481 364 2536 433 si

452 476 527 521 re
566 476 653 519 ac
688 474 823 519 non
856 452 1071 519 verbis
1106 452 1506 519 dissiderent.
1731 472 1736 482 ·

591 550 739 612 Aac.
800 544 981 632 Ergo
1028 546 1367 613 adsentiris
1400 548 1732 615 Antiocho
1765 550 2064 617 familiari
2098 574 2243 618 meo
2277 588 2370 601 --
2397 576 2536 622 ma-
2567 569 2638 623 21

455 640 675 729 gistro
712 640 885 707 enim
918 662 1050 705 non
1086 641 1293 707 audeo
1330 640 1541 709 dicere
1559 678 1668 721 ——,
1704 664 1982 728 quocum
2017 645 2152 711 vixi
2185 657 2252 713 et
2284 647 2398 731 qui
2429 670 2538 715 me

456 759 543 803 ex
588 735 836 805 nostris.
868 756 1075 821 paene
1109 735 1411 803 convellit
1442 736 1712 803 hortulis
1747 738 2142 823 deduxitque
2176 739 2244 805 in
2279 740 2538 807 Acade-

455 829 669 901 miam
706 829 1115 916 perpauculis
1148 830 1469 915 passibus.
1545 833 1639 897 Μ.
1686 832 1809 899 Vir
1839 834 1962 901 iste
1995 833 2119 902 fuit
2149 834 2260 901 ille
2294 838 2536 920 quidem

454 924 759 1011 prudens
810 934 875 989 et
928 933 1153 991 acutus
1198 935 1261 991 et
1304 923 1374 989 in
1416 947 1535 991 suo
1577 948 1816 1013 genere
1859 927 2182 1014 perfectus
2229 927 2534 1011 mihique,

453 1030 533 1085 ut
580 1020 748 1096 scis,
795 1017 1153 1095 familiaris,
1198 1018 1305 1085 cui
1348 1030 1567 1085 tamen
1610 1044 1738 1107 ego
1779 1022 2104 1090 adsentiar
2133 1022 2206 1089 in
2239 1022 2536 1089 omnibus

453 1128 673 1184 necne
712 1134 867 1179 mox
900 1112 1147 1179 videro.
1132 1136 1147 1153 ·
1194 1114 1319 1181 hoc
1354 1114 1529 1193 dico,
1576 1118 2078 1184 controversiam
2111 1128 2311 1184 totam
2343 1117 2534 1183 istam

454 1227 661 1295 posse
710 1206 939 1273 sedari.
1028 1210 1161 1273 Act.
1226 1205 1361 1289 Qui
1393 1208 1559 1275 istuc
1595 1210 1858 1279 tandem
1893 1212 2113 1279 vides?
2179 1212 2274 1281 Μ.
2337 1209 2534 1293 Quia,
2576 1238 2630 1279 55

457 1302 547 1379 si,-
605 1312 687 1367 ut
736 1297 943 1387 Chius
986 1300 1211 1367 Aristo
1262 1302 1425 1369 dixit
1474 1305 1684 1372 solum
1726 1306 1970 1373 bonum
2015 1328 2154 1373 esse
2198 1305 2374 1391 quod
2419 1301 2536 1369 ho-

456 1407 735 1465 nestum
778 1382 976 1473 esset,
1020 1396 1391 1509 malumque
1436 1399 1611 1481 quod
1644 1411 1867 1485 turpe,
1911 1411 2154 1467 ceteras
2189 1420 2292 1467 res
2327 1398 2534 1466 omnis

456 1492 660 1577 plane
711 1490 887 1575 paris
931 1511 1007 1555 ae
1050 1514 1135 1557 ne
1177 1490 1511 1557 minimum
1557 1493 1822 1577 quidem
1863 1505 2078 1561 utrum
2121 1494 2418 1561 adessent
2449 1516 2536 1557 an

457 1585 781 1653 abessent
806 1584 1133 1661 interesse,
1169 1586 1357 1651 valde
1393 1610 1433 1652 a
1464 1586 1838 1655 Xenocrate
1874 1600 1938 1655 et
1969 1588 2320 1655 Aristotele
2351 1599 2417 1653 et
2449 1587 2534 1653 ab

454 1680 571 1747 illa
605 1679 907 1754 Platonis
952 1678 1195 1745 familia
1238 1681 1630 1767 discreparet
1655 1694 1732 1749 ‘et
1775 1694 1944 1749 esset
1984 1684 2152 1749 inter
2193 1704 2303 1749 eos
2349 1682 2429 1747 de
2462 1703 2534 1747 re

455 1774 759 1841 maxima
792 1783 859 1841 et
892 1773 973 1839 de
1008 1773 1185 1840 omni
1218 1776 1479 1842 vivendi
1510 1777 1756 1844 ratione
1783 1777 2124 1843 dissensio:
2159 1798 2332 1843 nunc
2357 1796 2534 1851 vero,

459 1889 617 1933 cum
654 1867 881 1945 decus,
916 1867 1093 1951 quod
1126 1868 1377 1952 antiqui
1411 1890 1733 1938 summum
1747 1915 1753 1921 -
1767 1871 2009 1938 bonum
2044 1892 2184 1937 esse
2220 1870 2532 1947 dixerant,

458 1961 569 2027 hic
614 1962 833 2027 solum
877 1960 1123 2028 bonum
1168 1961 1367 2039 dicat,
1421 1963 1710 2047 itemque
1752 1966 2030 2033 dedecus
2075 1965 2168 2031 illi
2211 1986 2536 2030 summum

456 2056 737 2131 malum,
774 2054 880 2119 hic
916 2056 1144 2134 solum,
1180 2056 1457 2135 divitias,
1496 2059 1950 2136 valetudinem,
1995 2057 2536 2145 pulchritudinem

462 2149 846 2215 commodas
878 2172 981 2215 res
1018 2152 1314 2237 appellet,
1359 2174 1491 2219 non
1528 2154 1751 2230 bonas,
1794 2164 2266 2240 paupertatem,
2309 2150 2536 2217 debili·-

460 2256 705 2321 tatem,
766 2243 1049 2310 dolorem
1111 2245 1549 2313 incommodas
1562 2294 1580 2324 ,
1640 2270 1774 2315 non
1823 2249 2056 2325 malas,
2121 2246 2312 2313 sentit
2360 2244 2534 2311 idem

462 2339 648 2421 quod
682 2336 1087 2407 Xenocrates
1098 2387 1117 2418 ,
1162 2340 1337 2423 quod
1372 2342 1787 2421 Aristoteles,
1831 2342 2118 2427 loquitur
2161 2341 2286 2407 alio
2318 2338 2564 2405 modo..

462 2455 551 2499 ex
596 2432 724 2497 hac
766 2444 985 2499 autem
1028 2456 1162 2501 non
1204 2457 1448 2514 rerum,
1494 2436 1609 2502 sed
1653 2437 2000 2503 verborum
2031 2434 2350 2502 discordia
2382 2454 2534 2499 eon-

462 2526 785 2593 troversia
818 2538 917 2593 est
950 2538 1103 2595 nata
1138 2530 1219 2595 de
1253 2530 1521 2609 finibus3
1574 2532 1641 2597 in
1689 2552 1850 2615 qua,
1895 2531 2201 2616 quoniam
2233 2551 2392 2595 usus
2427 2549 2536 2593 ca·

464 2621 735 2707 pionem
778 2620 1119 2687 duodecim
1162 2622 1425 2691 tabulae
1470 2625 1639 2691 intra
1681 2626 1968 2709 quinque
2010 2625 2208 2711 pedes
2241 2644 2383 2689 esse
2415 2643 2534 2687 no-

464 2716 761 2789 luerunt,
823 2714 1083 2798 depasci
1146 2725 1428 2783 veterem
1481 2719 1951 2801 possessionem
2002 2716 2398 2783 Academiae
2451 2714 2534 2778 ab

463 2808 596 2872 hoc
642 2816 831 2871 acuto
876 2804 1133 2873 homine
1177 2829 1311 2873 non
1352 2808 1638 2873 sinemus
1653 2856 1672 2885 ,
1713 2832 1836 2875 nec
1875 2810 2176 2875 Mamilia
2214 2808 2361 2892 lege
2405 2804 2533 2869 sin-
2713 2848 2720 2857 -

465 2898 635 2987 guli,
670 2899 786 2965 sed
820 2920 859 2963 e
890 2920 980 2965 xn
1014 2909 1142 2965 tres
1178 2899 1400 2965 arbitri
1432 2902 1579 2967 finis
1612 2924 1933 2987 regemus.
2025 2900 2101 2981 Q.
2163 2899 2534 2983 Quamnam
2576 2922 2631 2963 56

465 2994 675 3081 igitur
706 2992 1088 3059 sententiam
1124 2993 1435 3061 dicimus?
1477 2996 1571 3061 M.
1615 2996 1886 3079 Requiri
1918 2995 2172 3081 placere
2207 2992 2532 3071 terminos,

469 3110 641 3173 quos
704 3087 1003 3155 Socrates
1062 3089 1345 3175 pegerit,
1407 3090 1614 3174 iisque
1678 3112 1922 3176 parere.
2015 3089 2089 3171 Q.
2168 3089 2532 3166 Praeclare,

470 3183 701 3258 frater,
755 3182 885 3247 iam
938 3198 1112 3249 nunc
1157 3207 1197 3249 a
1242 3194 1307 3249 te
1351 3184 1551 3251 verba
1594 3195 1988 3269 usurpantur
2031 3184 2236 3251 civilis
2277 3183 2434 3249 iuris
2469 3193 2534 3251 et

468 3275 692 3361 legum
706 3322 725 3352 ,
788 3298 917 3359 quo
980 3277 1061 3345 de
1122 3294 1359 3364 genere
1420 3289 1726 3364 exspecto
1779 3278 2274 3364 disputationem
2326 3288 2502 3343 tuam
2513 3302 2532 3354 3

469 3392 629 3433 nam
678 3368 803 3433 ista
850 3369 1113 3454 quidem
1166 3394 1405 3457 magna
1448 3372 1818 3438 diiudicatio
1863 3383 1990 3451 est,
2043 3384 2116 3439 ut
2159 3396 2240 3439 ex
2285 3381 2348 3437 te
2395 3371 2534 3457 ipso

473 3484 671 3547 saepe
704 3462 997 3549 cognovi.
1075 3462 1219 3551 [sed
1254 3478 1423 3534 certe
1458 3467 1554 3533 ita
1584 3489 1690 3533 res
1727 3489 1796 3533 se
1830 3468 2044 3544 habet,
2080 3478 2155 3532 ut
2189 3489 2272 3533 ex
2304 3475 2536 3533 natura

472 3557 695 3621 vivere
730 3576 1055 3623 summum
1090 3559 1333 3627 bonum
1372 3562 1472 3639 sit,
1508 3561 1578 3625 id
1613 3571 1732 3639 est,
1766 3562 1902 3627 vita
1931 3561 2186 3627 modica
2221 3571 2286 3627 et
2319 3570 2471 3645 apta
2504 3582 2535 3625 e

474 3651 711 3717 virtute
762 3651 1036 3737 perfrui,
1101 3666 1215 3721 aut
1264 3669 1561 3721 natm-am
1612 3656 1798 3741 sequi
1849 3666 1915 3723 et
1963 3656 2102 3723 eius
2153 3652 2340 3739 quasi
2389 3653 2534 3739 lege

474 3744 717 3823 vivere,
758 3745 828 3811 id
873 3758 992 3825 est,
1027 3747 1206 3827 nihil,
1254 3761 1567 3833 quantum
1598 3748 1668 3813 in
1702 3750 1844 3835 ipso
1877 3750 1986 3826 sit,
2033 3746 2534 3836 praetermittere

476 3858 607 3922 quo
642 3840 855 3907 minus
891 3864 989 3920 ea,
1035 3862 1203 3928 quae
1238 3855 1473 3909 natura
1503 3843 1816 3930 postulet,
1861 3854 2316 3928 consequatur,
2361 3840 2535 3925 quod

475 3932 644 4001 inter
703 3935 863 4003 haec
923 3938 1080 4005 velit
1138 3939 1375 4007 virtute
1425 3951 1760 4025 tamquam
1805 3940 1952 4027 lege
2022 3936 2288 4025 vivere]
2376 3959 2536 4023 qua-

482 4040 739 4114 propter
770 4030 895 4099 hoc
930 4032 1267 4103 diiudicari
1298 4035 1521 4105 nescio,
1550 4058 1636 4101 an
1669 4056 2051 4120 numquam,
2097 4034 2212 4101 sed
2247 4034 2370 4101 hoc
2403 4054 2537 4101 ser-
