3292 4559
768 219 851 279 15
1383 226 1460 279 Μ.
1501 224 1774 283 TULLII
1810 224 2211 282 CICERONIS

679 383 727 419 ιε
763 351 827 415 in
855 372 983 431 qun
1015 350 1080 415 id
1108 351 1316 415 inesse
1333 348 1606 425 videtur,
1634 348 1871 413 amicos
1891 348 2063 412 facit.
2119 360 2182 413 et
2208 370 2604 433 quamquam
2622 352 2820 417 omnis

763 447 963 507 virtus
991 466 1107 509 nos
1136 444 1220 508 ad
1246 464 1315 508 se
1351 442 1568 507 adlicit
1601 440 1885 525 facitque
1923 453 1993 506 ut
2030 464 2139 507 eos
2178 442 2543 528 diligamus,
2579 445 2649 509 in
2683 446 2823 529 qui-

767 539 883 603 hus
919 539 1058 623 ipsa
1090 538 1299 603 inesse
1342 537 1663 613 videatur,
1709 547 1925 601 tamen
1968 536 2213 601 iustitia
2259 548 2323 601 et
2362 537 2715 603 liberalitas
2759 540 2824 604 id

763 635 1039 699 maxime
1072 632 1289 698 efficit.
1359 631 1518 718 nihil
1554 641 1769 696 autem
1807 641 1903 695 est
1938 631 2273 695 amabilius
2309 653 2429 697 nec
2464 633 2823 718 copulatius

763 748 959 807 quam
995 748 1242 791 morum
1279 724 1625 790 similitudo
1660 724 2005 802 bonorum3
2040 724 2109 789 in
2138 724 2370 807 quibus
2401 726 2573 790 enim
2601 728 2824 793 eadem

767 823 979 887 studia
1007 831 1170 897 sunt,
1208 820 1471 886 eaedem
1498 819 1880 891 voluntates,
1915 819 1983 883 in
2011 820 2089 884 iis
2117 820 2191 883 fit
2219 832 2293 884 ut
2320 841 2525 903 aeque
2552 821 2824 905 quisque

767 919 959 980 altera]
991 918 1337 995 delectetur
1364 938 1440 981 ac
1459 938 1528 980 se
1545 915 1709 1001 ips0,
1748 914 2150 997 efficiturque
2177 914 2267 991 id,
2295 915 2471 997 quod
2490 914 2825 1001 Pythago-

763 1035 867 1075 ras
899 1011 1028 1075 vult
1053 1011 1120 1075 in
1152 1010 1451 1086 amicitia,
1477 1020 1550 1073 ut
1577 1032 1743 1074 unus
1772 1008 1887 1072 flat
1914 1032 1995 1074 ex
2012 1008 2322 1094 pluribus.
2373 1032 2615 1095 mag-na
2632 1011 2825 1074 etiam

765 1107 875 1167 illa
923 1105 1344 1171 communitas
1392 1115 1516 1180 est,
1565 1126 1731 1189 quae
1776 1104 2108 1168 conficitur
2153 1126 2234 1168 ex
2285 1103 2612 1169 beneflciis
2657 1106 2823 1171 ultro

767 1215 827 1263 et.
867 1203 1019 1263 [titre
1057 1198 1220 1262 datis
1258 1198 1556 1284 acceptis,
1594 1220 1761 1281 quae
1798 1209 1865 1263 et
1896 1209 2123 1263 mutua
2158 1208 2222 1263 et
2255 1208 2441 1282 grata
2471 1198 2627 1262 dum
2654 1212 2825 1277 sunt,

679 1323 727 1359 5?
763 1295 923 1355 inter
963 1313 1121 1375 quos
1158 1314 1236 1357 ea
1270 1303 1420 1357 sunt
1453 1291 1639 1356 firma
1676 1291 2121 1357 devinciuntur
2150 1292 2471 1358 societate.
2531 1293 2643 1358 sed
2672 1315 2827 1358 cum

763 1387 975 1447 numia
1027 1385 1271 1450 ratione
1325 1385 1670 1469 animoque
1721 1385 2010 1471 lustratis
2023 1432 2042 1462 ,
2098 1386 2383 1451 omnium
2445 1386 2827 1453 societatum

763 1483 935 1543 nulla
991 1489 1085 1543 est
1135 1479 1420 1564 gravior,
1473 1480 1652 1543 nulla
1705 1478 1909 1543 carior
1952 1500 2149 1562 quam
2192 1502 2299 1558 ea,
2347 1500 2515 1564 quae
2558 1501 2712 1545 cum
2760 1505 2826 1547 re

763 1575 1019 1655 publica
1056 1584 1153 1637 est
1187 1573 1298 1637 uni
1333 1573 1564 1657 cuique
1599 1583 1907 1637 nostrum.
1986 1574 2117 1637 cari
2152 1585 2302 1638 sunt
2334 1585 2654 1660 parentes,
2696 1576 2827 1641 cari

767 1667 967 1743 liberi,
1001 1667 1371 1753 propinqui,
1407 1667 1774 1744 familiares,
1809 1667 1924 1732 sed
1958 1668 2165 1731 omnis
2201 1669 2487 1732 omnium
2525 1670 2825 1735 caritates

763 1763 967 1847 patria
1003 1784 1131 1826 una
1165 1762 1476 1847 conplexa
1511 1771 1626 1839 est,
1662 1782 1779 1847 pro
1814 1782 1944 1844 qua
1971 1758 2114 1849 quis
2144 1760 2351 1827 bonus
2378 1762 2631 1827 dubitet
2654 1786 2827 1828 mor-

763 1875 894 1919 tem
931 1867 1250 1943 appetere,
1288 1855 1344 1921 si
1379 1856 1438 1921 ei
1473 1855 1556 1920 sit
1586 1856 1999 1941 profuturus?
2068 1877 2196 1939 quo
2246 1867 2340 1922 est
2389 1856 2829 1922 detestabilior

763 1951 1027 2015 istm-um
1051 1950 1412 2027 inmanitas,
1447 1950 1560 2033 qui
1593 1950 1957 2015 lacerarunt
1991 1950 2163 2028 omni
2192 1952 2434 2016 scelere
2457 1952 2738 2036 patriam
2766 1963 2828 2018 et

767 2047 827 2107 in
867 2071 943 2107 ea
979 2046 1264 2109 funditus
1295 2044 1565 2109 delenda
1591 2046 1889 2129 occupati
1918 2056 1982 2109 et
2008 2056 2157 2109 sunt
2186 2055 2248 2109 et
2274 2044 2552 2110 fuerunt.
2627 2046 2746 2111 sed
2775 2048 2827 2110 si

763 2139 1078 2203 munera-,tio
1121 2138 1438 2221 quaedam
1483 2148 1548 2201 et
1593 2138 1982 2223 comparatio
2016 2138 2159 2215 fiat,
2205 2138 2437 2222 quibus
2471 2140 2828 2226 plurimum

767 2247 821 2295 τι
822 2232 1169 2295 ihuendum
1214 2231 1294 2295 sit
1340 2231 1562 2306 officii,
1609 2232 1927 2317 principes
1972 2232 2097 2298 sint
2142 2233 2349 2318 patria
2394 2244 2459 2298 et
2496 2245 2825 2342 parentes,

763 2351 919 2407 qumi
927 2351 1033 2387 um
1068 2325 1392 2389 beneficiis
1427 2324 1723 2390 maximis
1759 2326 2027 2411 obligati
2054 2350 2294 2403 sumus,
2331 2327 2609 2412 proximi
2634 2328 2826 2394 liberi

763 2431 1019 2499 tntaque
1073 2418 1331 2495 domus,
1384 2440 1551 2502 quae
1605 2430 1850 2505 spectat
1900 2421 1969 2484 in
2012 2443 2130 2486 nos
2177 2422 2345 2485 solos
2388 2444 2599 2505 neque
2643 2423 2826 2487 aliud

763 2515 959 2575 ullum
1023 2523 1232 2597 potest
1292 2513 1529 2578 habere
1591 2514 1991 2599 perfugium,
2064 2516 2361 2600 deinceps
2429 2515 2595 2580 bene
2666 2538 2826 2581 con-

763 2631 799 2671 κ
807 2631 835 2671 ι
843 2607 1085 2672 uiantes
1121 2607 1480 2694 propinqui,
1519 2608 1904 2692 quibuscum
1939 2610 2293 2675 communis
2330 2610 2523 2674 etiam
2556 2608 2825 2675 fortuna

763 2703 1137 2785 plerumque
1174 2712 1289 2766 est.
1372 2722 1577 2811 ‘quam
1612 2702 1697 2767 ob
1732 2726 1869 2767 rem
1903 2705 2264 2769 necessaria
2297 2700 2617 2790 praesidia
2644 2705 2822 2771 vitae

759 2795 1123 2860 debentur
1105 2796 1182 2860 iis
1217 2796 1526 2874 maxime,
1563 2818 1726 2880 quos
1762 2809 1908 2863 ante
1943 2798 2107 2876 dixi,
2156 2799 2289 2863 vita
2324 2811 2541 2864 autem
2574 2799 2821 2865 victus-

759 2913 883 2971 que
923 2890 1294 2967 eommunia
1332 2891 1622 2968 consilia,
1662 2914 2018 2970 sermones,
2054 2892 2551 2971 cohortationes,
2590 2916 2821 2960 conso-

760 2987 1048 3061 ]atifflies,
1083 2985 1404 3050 interdum
1432 2987 1625 3052 etiam
1655 2986 2153 3073 obiurgationes,
2182 2988 2252 3053 in
2280 2987 2572 3053 amicitiis
2593 2989 2817 3074 vigent

759 3075 1094 3161 maximess
1142 3089 1364 3162 estque
1401 3102 1478 3144 ea
1511 3080 1973 3146 iucundissima
2008 3082 2315 3159 amicitia,
2353 3104 2549 3166 quam
2585 3082 2815 3147 simili·

759 3171 911 3231 tudo
951 3192 1198 3237 morum
1233 3172 1654 3261 coniugavit].

887 3267 1019 3331 &etl
1058 3266 1126 3331 in
1160 3268 1259 3333 his
1296 3269 1590 3334 omnibus
1626 3269 1855 3335 officiis
1890 3271 2244 3337 tribuendis
2281 3271 2630 3336 videndum
2670 3273 2817 3347 erit,

759 3363 911 3439 quid
951 3361 1186 3445 cuique
1216 3364 1494 3428 maxime
1529 3386 1795 3429 necesse
1833 3364 1913 3429 sit
1949 3377 2013 3430 et
2049 3366 2207 3450 quid
2241 3366 2512 3449 quisque
2543 3365 2645 3430 vel
2672 3365 2819 3431 sine

755 3455 939 3515 nubis
987 3467 1097 3520 aut
1139 3458 1342 3542 possit
1385 3459 1691 3542 consequi
1733 3470 1846 3524 aut
1890 3482 2020 3525 non
2063 3460 2293 3546 possit:
2347 3461 2439 3525 ita
2473 3482 2601 3524 non
2634 3460 2821 3524 idem

755 3567 938 3611 erunt
1003 3552 1542 3616 necessitudinum
1603 3553 1844 3639 gradus
1911 3555 2023 3637 qui
2076 3566 2467 3640 temporum,
2532 3564 2822 3637 suntque

755 3643 995 3719 officia,
1039 3666 1204 3727 quae
1251 3646 1389 3709 aliis
1433 3648 1640 3732 magis
1687 3669 1883 3731 quam
1929 3649 2067 3713 aliis
2117 3649 2498 3724 debeantur,
2546 3660 2619 3712 ut
2653 3648 2822 3713 vici-

755 3759 903 3799 num
955 3738 1137 3803 eitius
1183 3739 1502 3806 adiuveris
1546 3741 1614 3805 in
1648 3741 1965 3807 fructibus
2000 3742 2429 3829 percipiendis
2464 3764 2659 3826 quam
2695 3754 2823 3808 aut

755 3831 1011 3895 fratrum
1057 3844 1170 3897 aut
1216 3834 1624 3913 familiarem,
1676 3848 1769 3913 at,
1817 3838 1871 3901 si
1905 3838 1983 3902 lis
2019 3839 2086 3901 in
2121 3838 2355 3902 iudicio
2393 3837 2499 3913 sit,
2545 3837 2820 3922 propin-

755 3947 951 4003 quum
987 3928 1198 4011 potius
1236 3940 1300 3994 et
1335 3929 1610 3993 amicum
1647 3951 1840 4012 quam
1877 3931 2159 3996 vicinum
2195 3931 2573 3996 defenderis.
2645 3930 2820 3996 haec

753 4019 947 4099 igitur
1003 4030 1062 4083 et
1114 4022 1266 4086 talia
1312 4022 1881 4109 circumspicienda
1927 4037 2078 4091 sunt
2120 4027 2188 4091 in
2232 4026 2407 4091 omni
2451 4025 2662 4090 officio
2713 4019 2822 4109 [et
