3292 4559
972 359 978 364 .
1032 269 1138 328 DE
1172 267 1273 326 m:
1307 270 1645 330 PUBLmA
1683 271 1759 326 11.
1797 272 2018 328 12-19,
2427 257 2558 330 183

476 401 709 467 iuncta
761 396 1124 463 auctoritas.
1210 395 1429 480 itaque
1482 395 1605 460 hoc
1657 395 1950 460 consilio‘
1975 407 2041 462 et
2095 408 2322 464 senatu
2365 402 2553 484 quasi

478 495 692 560 fultus
730 491 745 576 Ι
772 503 835 558 et
870 491 1155 557 munitus
1190 501 1256 576 et
1290 491 1461 557 bella
1496 511 1643 555 cum
1679 489 1964 556 finitimis
1997 489 2232 558 felicis-
2267 492 2363 582 [p.
2399 495 2548 561 238.

481 589 650 654 sime
694 587 901 652 multa
942 586 1143 672 gessit
1178 595 1273 664 et,
1320 607 1469 650 cum
1511 584 1650 670 ipse
1693 584 1851 649 nihil
1897 603 1994 650 ex·
2011 587 2254 671 praeda
2287 587 2550 654 domum

480 705 673 748 suam
706 691 1082 766 reportaret,
1117 680 1509 766 locupletare
1544 679 1702 744 civis
1737 701 1867 744 non
1903 679 2162 745 destitit.
2254 693 2437 761 tunc,
2481 684 2550 748 id
2592 694 2646 735 16

480 775 664 861 quod
714 773 1063 841 retinemus
1116 773 1307 840 hodie
1356 795 1595 860 magna
1648 795 1796 838 cum
1849 775 2053 840 salute
2096 775 2190 842 rei
2232 776 2548 861 publicae,

480 868 791 955 auspiciis
827 867 1176 954 plurimum
1210 869 1556 934 obsecutus
1592 879 1690 934 est
1707 868 2041 934 Romulus.
2101 891 2252 934 nam
2287 883 2354 936 et
2385 871 2545 957 ipse,

478 963 663 1048 quod
696 961 1085 1050 principium
1119 962 1212 1028 rei
1246 962 1545 1048 publicae
1579 962 1724 1038 fuit,
1759 962 1989 1028 urbem
2025 962 2307 1028 condidit
2335 966 2550 1050 auspi-

479 1067 630 1122 cato
676 1067 740 1122 et
777 1056 1071 1122 omnibus
1116 1055 1393 1141 publicis
1434 1056 1629 1121 rebus
1665 1055 2068 1122 instituendis
2081 1104 2099 1133 ,
2144 1055 2255 1141 qui
2289 1057 2414 1122 sibi
2449 1081 2549 1123 es-

479 1161 629 1216 sent
662 1149 733 1215 in
778 1149 1107 1235 auspiciis,
1164 1173 1245 1216 ex
1280 1151 1550 1236 singulis
1586 1151 1885 1216 tribubus
1921 1150 2226 1238 singullos
2265 1149 2357 1238 [p.
2393 1152 2542 1218 239.

478 1243 809 1331 cooptavit
846 1263 1155 1329 augures3
1202 1255 1267 1310 et
1299 1244 1525 1309 habuit
1555 1245 1814 1330 plebem
1845 1245 1917 1310 in
1952 1245 2276 1312 clientelas
2311 1245 2546 1334 princi-

476 1361 644 1426 pum
696 1337 1097 1424 discriptam,
1149 1339 1323 1422 quod
1366 1351 1643 1423 quantae
1689 1339 1884 1405 fuerit
1927 1340 2210 1418 utilitati,
2255 1353 2403 1427 post
2447 1341 2546 1407 vi-

476 1433 667 1512 dero,
720 1433 1086 1517 multaeque
1140 1434 1417 1500 dictione
1464 1435 1682 1500 ovium
1728 1446 1792 1500 et
1834 1435 2032 1500 boum
2065 1471 2154 1482 —-
2187 1436 2360 1520 quod
2403 1447 2542 1502 tum

476 1539 620 1594 erat
652 1549 755 1593 res
790 1527 857 1592 in
891 1549 1121 1613 pecore
1157 1539 1229 1595 et·
1253 1528 1540 1594 locorum
1576 1527 2115 1615 possessionibus,
2151 1552 2233 1596 ex·
2267 1553 2394 1616 quo
2430 1555 2543 1616 pe-

476 1621 729 1689 cuniosi
774 1632 837 1688 et
870 1623 1222 1708 locupletes
1254 1624 1676 1690 vocabantur·
1693 1655 1806 1702 ——,
1851 1645 1981 1688 non
2017 1625 2083 1688 vi
2117 1633 2181 1690 et
2214 1626 2541 1711 suppliciis

478 1717 843 1784 coercebat.

609 1812 714 1876 Ac
750 1811 1067 1877 Romulus
1114 1832 1261 1876 cum
1308 1821 1554 1897 septem
1598 1822 1664 1877 et
1698 1811 1961 1896 triginta
1992 1813 2392 1898 regnavisset
2427 1837 2540 1880 an·-
2577 1782 2647 1893 ἒξ)

474 1927 596 1972 nos
635 1917 699 1972 et
732 1905 892 1972 haec
926 1907 1189 1992 egregia
1224 1905 1353 1970 duo
1392 1905 1792 1970 firmamenta
1817 1906 1909 1972 rei
1927 1906 2222 1991 publicae
2256 1909 2540 1994 peperis-

475 2013 595 2078 set,
636 2003 645 2081 Ι
680 2000 964 2085 auspicia
991 2010 1053 2065 et
1080 2011 1397 2077 senatum,
1434 2009 1688 2064 tantum
1712 2009 1811 2065 est
1838 2011 2237 2078 consecutus,
2277 1999 2368 2088 [p.
2390 2003 2536 2068 240.

472 2111 570 2172 ut,
611 2117 758 2160 cum
794 2094 1005 2159 subito
1043 2095 1175 2160 sole
1212 2094 1553 2160 obscurato
1596 2116 1727 2159 non
1761 2095 2227 2180 conparuisset,
2273 2097 2538 2163 deorum

471 2191 541 2255 in
587 2211 853 2255 numero
900 2189 1268 2254 conlocatus
1306 2199 1666 2275 putaretur:
1713 2210 1909 2274 quam
1947 2189 2311 2275 opinionem
2348 2215 2536 2258 nemo

472 2305 784 2369 umquam
819 2282 1101 2348 mortalis
1138 2282 1406 2367 adsequi
1442 2283 1651 2369 potuit
1685 2282 1822 2348 sine
1859 2283 2093 2349 eximia
2121 2285 2372 2351 virtutis
2397 2286 2538 2372 glo·-

471 2378 591 2443 ria.
680 2388 873 2462 atque
928 2377 1050 2443 hoc
1103 2399 1179 2444 eo
1231 2377 1437 2463 magis
1491 2389 1587 2443 est
1630 2378 1700 2442 in
1744 2379 2024 2444 Romulo
2069 2379 2533 2459 admirandum,
2581 2402 2631 2442 18

471 2471 649 2558 quod
685 2472 896 2549 ceteri,
934 2472 1046 2556 qui
1081 2472 1148 2536 di
1183 2495 1264 2538 ex
1302 2472 1666 2538 hominibus
1701 2473 1855 2538 facti
1891 2495 2030 2539 esse
2067 2472 2380 2553 dicuntur,
2415 2477 2536 2542 mi·-

469 2589 597 2632 nus
616 2565 880 2632 eruditis
898 2567 1229 2631 hominum
1248 2567 1520 2632 saeculis
1538 2565 1819 2644 fuerunt,
1851 2578 1924 2632 ut
1939 2567 2242 2654 finlgendi
2269 2567 2364 2655 [p.
2384 2569 2532 2635 241.

469 2661 773 2747 proclivis
826 2671 995 2726 esset
1044 2662 1237 2739 ratic,
1292 2681 1441 2727 cum
1484 2661 1738 2746 inperiti
1783 2660 1971 2727 facile
2017 2663 2100 2728 ad
2145 2663 2536 2730 credendum

468 2755 950 2842 inpellerentur3
984 2755 1248 2821 Romuli
1284 2768 1498 2822 autem
1536 2767 1811 2821 aetatem
1847 2757 2056 2821 minus
2092 2759 2191 2822 his
2228 2760 2531 2823 sescentis

471 2851 677 2930 annis,
712 2851 842 2916 iam
876 2850 1241 2921 inveteratis
1275 2851 1501 2917 litteris
1537 2861 1731 2933 atque
1768 2851 2069 2916 doctrinis
2097 2852 2396 2934 omnique
2423 2852 2532 2916 illo

470 2945 735 3030 antiquo
783 2967 866 3010 ex
906 2945 1147 3010 inculta
1189 2945 1521 3009 hominum
1568 2943 1704 3008 vita
1748 2963 1958 3009 errore
2006 2944 2287 3021 sublat0,
2334 2944 2532 3011 fuisse

471 3038 811 3104 cernimus.
900 3061 1049 3103 nam
1086 3039 1171 3116 si,
1213 3037 1283 3103 id
1318 3038 1492 3122 quod
1526 3034 1930 3104 Graecorum
1964 3037 2388 3124 investigatur
2421 3062 2535 3104 an-

468 3134 745 3210 nalibus,
780 3133 992 3199 Roma
1026 3133 1342 3199 conditast
1378 3132 1660 3214 secundo
1689 3153 1856 3196 anno
1885 3129 2291 3217 Olympiadis
2317 3145 2534 3220 septu-

469 3251 636 3306 mae,
655 3227 723 3292 in
739 3227 806 3292 id
826 3227 1152 3292 saeculum
1168 3227 1430 3292 Romuli
1450 3226 1678 3293 cecidit
1693 3235 1889 3303 aetas,
1911 3248 2056 3291 cum
2079 3227 2088 3311 Ι
2109 3227 2240 3292 iam
2273 3225 2364 3314 [p.
2383 3229 2530 3293 242.

467 3323 663 3409 plena
708 3320 987 3388 Graecia
1036 3328 1371 3408 poetarum
1425 3333 1488 3388 et
1539 3322 1932 3388 musicorum
1987 3331 2154 3387 esset
2198 3322 2532 3406 minorque

467 3415 707 3481 fabulis
758 3415 881 3480 nisi
936 3415 1016 3482 de
1071 3416 1391 3481 veteribus
1442 3415 1635 3481 rebus
1692 3414 2036 3480 haberetur
2074 3415 2277 3488 fides.
2381 3437 2533 3478 nam

468 3521 731 3575 centum
776 3520 841 3575 et
876 3521 1023 3574 octo
1057 3509 1242 3574 annis
1277 3520 1621 3595 postquam
1659 3507 2006 3595 Lycurgus
2041 3509 2219 3594 leges
2257 3507 2532 3573 scribere

466 3602 770 3682 instituit,
815 3603 1025 3690 prima
1064 3603 1273 3690 posita
1319 3614 1415 3669 est
1450 3601 1824 3688 Olympias,
1871 3625 2067 3687 quam
2112 3600 2372 3686 quidam
2418 3623 2534 3666 no-

466 3697 660 3765 minis
722 3721 935 3766 errore
996 3699 1084 3764 ab
1147 3700 1373 3765 eodem
1425 3698 1737 3784 Lycurgo
1800 3697 2209 3763 constitutam
2271 3707 2530 3783 putant3

468 3796 833 3860 Homerum
878 3805 1120 3872 autem,
1167 3793 1277 3878 qui
1318 3792 1655 3858 minimum
1699 3791 1950 3868 dicunt,
1998 3790 2289 3878 Lycurgi
2339 3791 2532 3856 aetati

468 3887 734 3974 triginta
788 3887 971 3954 annis
1026 3899 1423 3974 anteponunt
1464 3887 1629 3953 feret
1687 3909 1770 3953 ex
1814 3905 1944 3970 quo
1989 3885 2276 3972 intellegi
2320 3893 2531 3970 potest
2575 3896 2626 3938 1⁹

469 3981 804 4066 permultis
857 3981 1041 4048 annis
1096 3983 1259 4066 anlte
1310 3983 1669 4047 Homerum
1721 3981 1920 4046 fuisse
1973 4002 2171 4065 quam
2235 3977 2328 4064 [p.
2382 3977 2530 4043 301.

470 4075 853 4144 Romulum,
900 4087 971 4142 ut
1014 4076 1145 4142 iam
1190 4075 1391 4144 doctis
1428 4075 1794 4143 hominibus
1831 4098 1906 4142 ac
1942 4073 2338 4161 temporibus
2373 4072 2530 4160 ipsis
