3292 4559
976 294 1083 349 DE
1116 292 1446 363 DEORUM
1480 293 1806 350 NATURA
1839 294 1887 348 1.
1924 295 2163 356 66-72,
2513 284 2600 349 23

528 420 611 485 de
670 438 805 503 quo
862 418 1337 503 ambigebatur,
1392 415 1741 481 concedere
1795 439 1989 500 quam
2038 427 2172 481 tam
2221 417 2602 503 inpudenter

527 514 868 581 resistere:
904 514 1082 577 velut
1115 510 1455 597 Epicurus,
1494 533 1641 575 011111
1667 510 1930 587 videret,
1945 580 1952 589 ‚
1967 510 2021 575 si
2057 511 2250 576 atomi
2284 514 2600 579 ferrentur

530 609 599 673 in
632 608 859 673 locum
893 606 1261 673 inferiorem
1306 616 1533 690 suopte
1566 604 1880 689 pondere,
1915 604 2072 670 nihil
2107 606 2246 675 fore
2279 607 2348 671 in
2379 616 2598 672 nostra

529 711 885 787 potestate,
926 700 1102 784 quod
1136 710 1303 767 esset
1338 716 1559 763 earum
1591 707 1804 763 motus
1840 708 2048 763 certus
2085 710 2149 765 et
2181 701 2598 776 necessariae,

528 796 813 872 invenit,
858 816 989 877 quo
1022 794 1215 858 modo
1248 793 1694 858 necessitatem
1729 792 2058 879 effugeret,
2095 794 2268 877 quod
2301 794 2598 861 videlicet

532 888 990 955 Democritum
1024 886 1306 973 fugerat:
1360 886 1451 951 ait
1486 897 1800 964 atomum,
1845 908 1992 953 cum
2037 888 2318 973 pondere
2355 898 2424 961 et.
2451 912 2600 975 gra-

540 984 743 1049 vitate
786 983 1028 1049 directo
1076 982 1340 1047 deorsus
1375 981 1643 1058 feratur,
1682 980 2000 1047 declinare
2035 982 2388 1067 paululum.
2475 982 2598 1047 hoc
2640 998 2692 1040 ⁷0

547 1078 757 1145 dicere
794 1077 1043 1163 turpius
1088 1087 1187 1141 est
1228 1098 1422 1160 quam
1456 1076 1644 1154 illud,
1685 1076 1859 1159 quod
1893 1076 2056 1153 volt,
2099 1098 2230 1142 non
2264 1098 2453 1162 posse
2489 1076 2600 1143 de-

534 1172 824 1238 fendere.
920 1172 1095 1237 idem
1146 1172 1301 1236 facit
1352 1182 1573 1235 contra
1626 1171 2020 1235 dialecticos:
2076 1194 2114 1235 a
2166 1172 2398 1255 quibus
2453 1194 2600 1236 cum

534 1266 851 1331 traditum
902 1265 987 1331 sit
1032 1266 1101 1331 in
1153 1263 1448 1329 omnibus
1494 1263 2010 1342 diiunctionibus,
2063 1264 2132 1329 in
2174 1266 2406 1348 quibus
2460 1271 2602 1333 ‘aut

534 1360 739 1425 etiam
784 1370 895 1425 aut
944 1360 1106 1424 non’
1158 1369 1518 1444 poneretur,
1572 1359 1845 1425 alterum
1895 1368 2110 1423 utrum
2162 1381 2301 1424 esse
2354 1382 2598 1437 verum,

532 1454 875 1541 pertimuit
906 1477 1009 1531 ne,
1046 1454 1101 1518 si
1128 1474 1497 1519 concessum
1526 1462 1692 1519 esset
1727 1451 1916 1517 huius
1951 1454 2126 1520 modi
2162 1454 2422 1537 aliquid,
2459 1458 2602 1519 ‘aut

532 1549 717 1613 vivet
754 1570 895 1613 cras
934 1559 1045 1613 aut
1084 1570 1214 1613 non
1248 1548 1423 1613 vivet
1456 1544 1816 1632 Epicurus‚’
1865 1546 2236 1613 alterutrum
2271 1548 2454 1615 fieret
2486 1570 2600 1612 ne-

534 1642 921 1719 cessarium,
972 1651 1179 1707 totum
1222 1639 1343 1706 hoc
1396 1648 1537 1705 ‘aut
1562 1641 1761 1707 etiam
1798 1652 1908 1706 aut
1951 1642 2110 1707 non'
2165 1641 2428 1727 negavit
2461 1663 2600 1707 esse

532 1736 975 1802 necessarium
986 1761 1005 1813 3
1059 1757 1187 1818 quo
1240 1736 1396 1819 quid
1448 1735 1571 1801 dici
1622 1736 1830 1819 potuit
1883 1734 2212 1801 obtusius?
2281 1735 2600 1821 urguebat
2634 1792 2642 1801 .

536 1829 869 1895 Arcesilas
906 1828 1262 1906 Zenonem,
1308 1852 1454 1893 cum
1488 1829 1625 1914 ipse
1671 1828 1834 1893 falsa
1871 1830 2084 1893 omnia
2119 1828 2385 1905 diceret,
2431 1850 2597 1912 quae

542 1924 838 1989 sensibus
890 1924 1283 2002 viderentur,
1328 1921 1553 1988 Zenon
1604 1931 1820 1987 autem
1871 1945 2002 1986 non
2053 1922 2232 1985 nulla
2275 1922 2412 1986 visa
2457 1944 2598 1987 0880

537 2018 734 2095 falsa,
789 2040 922 2082 non
968 2018 1204 2083 omnia:
1258 2018 1469 2082 timuit
1512 2014 1836 2101 Epicurus
1881 2037 1962 2079 ne
1975 2062 1994 2091 ,
2045 2014 2102 2079 si
2143 2037 2346 2082 unum
2387 2014 2598 2078 visum

538 2123 709 2176 esset
759 2112 1025 2189 falsum,
1085 2112 1332 2176 nullum
1386 2121 1553 2177 esset
1604 2132 1858 2173 verum:
1927 2106 2130 2173 omnis
2183 2130 2408 2173 80118118
2461 2107 2598 2171 veri

539 2206 798 2271 nuntios
838 2206 995 2271 dixit
1032 2228 1188 2273 0880.
1260 2204 1419 2269 1111111
1454 2204 1685 2269 horum
1719 2202 1908 2267 nimis
1944 2202 2170 2267 callide
2181 2226 2198 2279 3
2235 2200 2596 2288 graviorem

541 2299 713 2364 0111111
764 2299 1025 2385 plagam
1078 2299 1463 2384 accipiebat,
1515 2309 1589 2362 ut
1637 2296 1972 2373 leviorem,
1987 2295 2337 2381 repelleret.
2425 2293 2598 2359 idem
2640 2310 2692 2349 ’τι

536 2392 699 2461 facit
747 2393 819 2457 in
876 2403 1107 2462 natura
1158 2394 1451 2459 deorum:
1516 2392 1672 2455 dum
1731 2389 2206 2455 individuorum
2259 2410 2600 2474 corporum

538 2486 1013 2553 concretionem
1049 2486 1235 2573 fugit,
1270 2508 1355 2551 ne
1388 2486 1678 2550 interitus
1707 2496 1770 2549 et
1799 2482 2126 2569 dissipatio
2154 2491 2599 2564 consequatur,

534 2590 741 2667 negat
794 2598 934 2645 esse
985 2596 1215 2665 corpus
1268 2580 1561 2657 deorum,
1626 2579 1741 2649 sed
1789 2588 2117 2662 tamquam
2169 2598 2399 2661 corpus
2409 2621 2429 2651 ,
2481 2593 2602 2639 1100

536 2674 949 2759 sanguinem,
997 2674 1111 2739 sed
1154 2684 1481 2756 tamquam
1516 2672 1915 2759 sanguinem.
1965 2742 1970 2747 ,
2003 2670 2292 2735 mirabile
2327 2668 2600 2743 videtur,
2635 2680 2706 2733 26

537 2768 719 2851 quod
754 2788 883 2832 11011
918 2767 1123 2833 rideat
1156 2768 1501 2853 haruspex,
1539 2788 1688 2832 cum
1723 2764 2132 2850 haruspicem
2166 2761 2426 2827 videritz
2480 2759 2603 2825 hoc

538 2860 916 2937 mirabiliUS,
951 2861 1125 2943 quod
1152 2882 1265 2925 vos
1300 2861 1465 2925 inter
1490 2882 1605 2924 vos
1638 2860 1839 2925 risum
1874 2869 2088 2924 tenere
2113 2855 2386 2942 possitis.
2441 2859 2461 2889 ‘
2473 2876 2604 2919 non

540 2966 645 3019 est
696 2976 952 3039 corpus,
1008 2955 1121 3019 sed
1165 2956 1350 3038 quasi
1394 2954 1664 3039 corpus?
1752 2954 1875 3017 hoc
1925 2951 2360 3037 intellegerem
2414 2948 2604 3033 quale
2654 2990 2659 2997 -

548 3060 745 3126 esset,
798 3049 850 3113 si
886 3050 953 3113 in
988 3048 1147 3113 ceris
1182 3049 1533 3135 fingeretur
1576 3058 1688 3113 aut
1729 3046 2030 3111 fictilibus
2073 3045 2326 3131 figuris:
2379 3044 2447 3108 in
2482 3044 2602 3108 deo

544 3142 705 3227 quid
742 3142 823 3207 sit
857 3143 1041 3227 quasi
1076 3166 1304 3229 corpus
1340 3154 1453 3209 aut
1486 3142 1672 3226 quasi
1719 3140 2010 3225 sanguis,
2061 3139 2430 3225 intellegere
2474 3158 2604 3204 non

538 3258 829 3322 possum.
918 3258 1001 3301 ne
1036 3248 1107 3301 tu
1144 3238 1431 3321 quidem,
1465 3236 1708 3312 Vellei,
1744 3234 1858 3299 sed
1891 3254 2022 3298 non
2054 3233 2152 3297 vis
2187 3232 2394 3297 fateri.
2479 3232 2602 3294 ista
2645 3248 2696 3289 ⁷2

543 3330 721 3397 enim
772 3353 813 3395 a
862 3332 1043 3397 vobis
1096 3332 1280 3415 quasi
1333 3331 1570 3395 dictata
1618 3328 2001 3404 redduntur,
2065 3348 2230 3409 quae
2281 3326 2600 3409 Epicurus

544 3426 827 3491 oscitans
861 3424 1259 3492 halucinatus
1297 3436 1419 3501 est,
1466 3446 1611 3488 cum
1657 3423 1916 3506 quidem
1950 3420 2356 3505 gloriaretur,
2400 3426 2474 3481 ut
2506 3415 2602 3478 vi·
2680 3460 2682 3465 ν

544 3520 777 3585 demus
812 3519 879 3583 111
916 3520 1195 3605 scriptis,
1249 3542 1318 3583 se
1334 3520 1732 3604 'magistrum
1765 3516 2066 3581 habuisse
2099 3514 2374 3587 nullum3
2427 3508 2602 3591 quod

544 3614 607 3679 ei
641 3636 774 3678 non
806 3613 1197 3698 praedicanti
1230 3624 1446 3677 tamen
1480 3611 1670 3677 facile
1705 3610 2002 3694 equidem
2037 3607 2390 3679 crederem,
2438 3601 2603 3665 sicut

545 3707 702 3772 mali
754 3706 1024 3771 aedificii
1078 3707 1333 3771 domino
1386 3705 1684 3792 glorianti
1735 3728 1805 3769 se
1850 3702 2263 3767 architectum
2305 3718 2436 3760 non
2486 3693 2601 3760 ha-

547 3799 793 3865 buisse:
828 3800 987 3865 nihil
1022 3801 1191 3865 0111111
1217 3801 1345 3865 olet
1374 3823 1455 3865 ex
1472 3798 1850 3875 Academia,
1889 3794 2045 3860 nihil
2081 3816 2160 3858 ex
2177 3790 2408 3875 Lyci0‚
2441 3788 2602 3854 nihil

546 3916 630 3971 110
675 3916 711 3959 0
755 3894 1107 3979 puerilibus
1150 3895 1410 3978 quidem
1456 3892 1827 3979 disciplinis.
1923 3888 2338 3953 Xenocraten
2380 3884 2600 3949 audire

547 3989 784 4075 potuit,
839 4009 1032 4071 quem
1077 3988 1314 4067 virum,
1369 3988 1435 4051 di
1474 3982 1869 4051 inmortalesl
1935 3992 2001 4045 et
2043 3990 2190 4044 sunt
2225 3980 2334 4063 qui
2375 3988 2602 4063 putent

550 4081 805 4149 audisse
815 4106 833 4159 3
869 4081 1008 4169 ipse
1043 4103 1173 4147 non
1206 4082 1359 4147 volt.
1450 4080 1637 4145 credo
1673 4078 1818 4164 plus
1853 4072 2110 4140 nemini.
2190 4072 2600 4159 Pamphilum
