3292 4559
671 582 699 623 5

658 3452 693 3505 6

665 3524 692 3562 8

746 236 881 305 232
1280 209 1285 218 ’
1369 241 1449 295 M.
1485 238 1760 298 TULLII
1795 200 2208 295 cromerus

750 373 833 439 tri
866 368 1139 436 familias
1168 364 1437 443 colendi,
1474 362 1874 438 aedificandi,
1911 361 2331 428 ratiocinandi
2357 361 2626 446 quidam
2651 386 2818 429 usus

752 488 912 551 opus
946 474 1065 530 est.
1152 459 1431 543 (Nonius
1468 480 1607 544 cap.
1642 456 1875 534 VIIII,
1911 480 1978 544 p.
2013 456 2196 543 497.)

750 583 814 645 p.
852 554 1034 643 253.]
1079 555 1117 592 ³*
1152 556 1187 592 ⁵
1224 554 1259 590 ⁵
1294 553 1605 638 raldicum
1648 552 2094 636 seminumque
2129 572 2516 637 cognoscere
2551 574 2714 617 num
2751 563 2818 617 te

752 648 1106 719 offendetP'
1178 648 1387 726 ‘nihil,
1422 647 1478 712 si
1510 646 1704 712 modo
1741 668 1905 776 opus
1941 644 2258 713 exstabit?
2346 652 2536 712 ‘num
2567 646 2641 710 id
2673 656 2817 711 stu-

752 746 927 812 dium
993 766 1213 811 censes
1275 764 1415 810 esse
1470 741 1708 807 vilici?
1779 740 2100 807 ‘minime.
2171 740 2412 872 quippe
2463 764 2614 807 cum
2667 742 2814 829 agri

753 841 1069 907 culturam
1130 837 1502 947 saepissime
1554 858 1752 922 opera
1803 835 2098 901 deficiat!
2185 842 2400 921 ‘ergo,
2451 847 2529 901 ut
2579 834 2811 901 vilicus

750 946 1047 1001 naturam
1100 932 1239 1019 agri
1308 930 1513 1009 novit,
1576 930 1978 1016 dispensator
2027 928 2272 995 litteras
2326 929 2474 1008 scit,
2535 942 2812 1013 uterque

754 1040 972 1094 autem
1008 1050 1077 1094 se
1114 1051 1153 1091 a
1190 1025 1488 1091 scientiae
1538 1024 1958 1091 delectatione
1993 1024 2080 1088 ad
2111 1022 2432 1089 efficiendi
2465 1023 2812 1089 utilitatem

750 1123 970 1199 refert,
1007 1122 1099 1186 sic
1131 1131 1348 1186 noster
1380 1118 1485 1184 hic
1518 1129 1730 1184 rector
1763 1116 2080 1183 studuerit
2113 1138 2268 1183 sane
2303 1117 2425 1183 iuri
2461 1130 2524 1183 et
2549 1116 2808 1205 legibus

752 1240 816 1303 p.
835 1213 1013 1301 254]
1046 1214 1525 1301 cognoscendis,
1550 1212 1750 1279 fontis
1769 1212 2031 1297 quidem
2046 1234 2270 1277 earum
2287 1212 2510 1296 utique
2527 1214 2810 1299 perlspe-

752 1310 917 1375 xerit
928 1356 947 1387 ,
994 1308 1109 1373 sed
1154 1330 1223 1374 se
1269 1307 1756 1393 responsitando
1801 1316 1865 1372 et
1908 1306 2257 1372 lectitando
2291 1316 2358 1372 et
2391 1306 2808 1393 scriptitando

751 1411 835 1470 ne‘
852 1446 855 1449 -
872 1402 1189 1488 inpediat,
1234 1413 1309 1467 ut
1352 1401 1537 1487 quasi
1582 1400 1954 1487 dispensare
1996 1422 2132 1466 rem
2165 1400 2490 1487 publicam
2528 1412 2594 1468 et
2626 1403 2698 1468 in
2733 1426 2811 1469 ea

752 1496 1034 1583 quodam
1078 1496 1269 1561 modo
1317 1495 1575 1561 vilicare
1618 1494 1850 1581 possit,
1897 1495 2132 1560 summi
2173 1495 2328 1561 iuris
2362 1497 2810 1583 peritissimus,

751 1593 888 1658 sine
932 1612 1063 1675 quo
1109 1591 1316 1656 iustus
1364 1612 1503 1655 esse
1546 1610 1742 1655 nemo
1783 1600 2026 1675 potest,
2073 1589 2278 1655 civilis
2311 1610 2442 1655 non
2475 1593 2809 1679 inperitus,

750 1686 867 1752 sed
908 1686 1027 1763 ita,
1072 1696 1147 1750 ut
1190 1696 1503 1750 astrorum
1546 1684 1967 1771 gubernator,
2019 1683 2434 1770 physicorum
2485 1688 2808 1765 medicus;

749 1793 1020 1864 uterque
1064 1778 1235 1844 enim
1279 1777 1402 1843 illis
1448 1778 1532 1842 ad
1576 1773 1781 1843 artem
1822 1800 2010 1842 suam
2052 1778 2281 1857 utitur,
2327 1780 2440 1844 sed
2483 1802 2555 1846 se
2606 1804 2648 1847 a
2692 1806 2807 1848 suo

752 1896 1015 1941 munere
1050 1895 1180 1939 non
1214 1871 1479 1958 inpedit.
1566 1872 1728 1937 illud
1762 1882 1979 1938 autem
2014 1872 2256 1939 videbit
2290 1874 2396 1939 hic
2429 1874 2532 1941 vir
2564 1878 2602 1911 ³*
2640 1880 2678 1913 ³*
2712 1878 2750 1913 ¹*

750 1993 815 2057 p.
855 1965 1028 2054 199.]
1086 1969 1124 2002 ³*
1161 1968 1194 2003 ¹⁸⁵
1231 1970 1267 2003 ¹*
1321 1971 1436 2032 civi
1440 1966 1722 2055 ltatibus,
1775 1966 1843 2031 in
1897 1968 2132 2052 quibus
2187 1980 2494 2055 expetunt
2545 1972 2808 2038 laudem

750 2063 996 2151 optumi
1048 2074 1113 2129 et
1156 2062 1381 2138 decus,
1433 2061 1852 2147 ignominiam
1896 2061 2158 2148 fugiunt
2201 2084 2278 2128 ac
2324 2063 2604 2131 dedecus
2615 2090 2634 2145 3
2687 2090 2808 2133 nec

750 2180 904 2224 vero
946 2170 1079 2222 tam
1126 2167 1301 2221 metu
1346 2176 1682 2241 poenaque
1728 2166 2068 2242 terrentur,
2115 2177 2281 2240 quae
2326 2168 2423 2225 est
2459 2162 2807 2227 constituta

748 2252 1022 2339 legibus,
1050 2271 1245 2337 quam
1263 2249 1670 2328 verecundia,
1699 2271 1898 2333 quam
1913 2260 2144 2315 natura
2162 2250 2406 2316 homini
2425 2253 2605 2319 dedit
2623 2257 2806 2339 quasi

750 2346 1073 2431 quendam
1107 2342 1591 2430 vituperationis
1626 2365 1757 2407 non
1799 2342 2074 2409 iniustae
2129 2344 2454 2412 timorem:
2497 2348 2670 2414 hanc
2701 2349 2806 2415 ille

747 2448 957 2503 rector
1006 2459 1220 2501 rerum
1270 2435 1678 2520 publicarum
1729 2437 1906 2502 auxit
1953 2438 2358 2523 opinionibus
2405 2442 2804 2527 perfecitque

746 2529 1053 2597 institutis
1083 2540 1147 2594 et
1174 2528 1542 2615 disciplinis,
1571 2542 1644 2595 ut
1670 2531 1883 2615 pudor
1903 2531 2060 2596 civis
2088 2552 2218 2597 non
2247 2533 2461 2599 minus
2490 2558 2530 2600 a
2559 2536 2804 2601 delictis

750 2649 815 2711 p.
851 2622 1030 2711 200.]
1086 2632 1333 2689 arceret
1382 2644 1577 2707 quam
1628 2636 1857 2690 metus.
1953 2637 2148 2709 atque
2189 2626 2351 2693 haec
2372 2626 2382 2713 Ι
2402 2629 2670 2713 quidem
2723 2630 2804 2695 ad

746 2720 1004 2785 laudem
1038 2717 1385 2805 pertinent,
1422 2739 1589 2803 quae
1624 2718 1754 2784 dici
1778 2719 1970 2785 latius
2001 2720 2390 2805 uberiusque
2435 2734 2800 2808 potuerunt.

876 2814 991 2881 Ad
1039 2813 1237 2878 vitam
1290 2823 1505 2879 autem
1549 2820 1870 2897 usumque
1910 2813 2172 2880 vivendi
2215 2837 2294 2880 ea
2339 2814 2664 2906 descripta
2705 2844 2804 2885 ra-

746 2910 899 2973 tiost
949 2907 1133 2973 iustis
1183 2907 1453 2994 nuptiis,
1504 2907 1808 2994 legitimis
1860 2907 2106 2985 liberis,
2162 2909 2400 2976 sanctis
2458 2910 2804 2979 Penatium

748 3002 1011 3067 deorum
1063 3002 1439 3085 Larumque
1500 3000 1912 3067 familiarium
1977 2955 2264 3079 sedibus,
2337 3016 2407 3069 ut
2461 3027 2689 3073 omnes
2743 3021 2803 3074 et

747 3094 1190 3159 communibus
1236 3094 1585 3161 commodis
1631 3106 1696 3161 et
1743 3096 1876 3161 suis
1912 3108 2269 3175 uterentur,
2314 3120 2436 3163 nec
2469 3099 2638 3166 bene
2675 3101 2802 3167 vivi

746 3188 883 3253 sine
928 3188 1099 3252 bona
1140 3212 1210 3255 re
1254 3189 1514 3275 publica
1557 3201 1778 3274 posset
1809 3212 1930 3256 nec
1965 3202 2131 3257 esset
2164 3191 2509 3277 quicquam
2544 3194 2798 3263 civitate

744 3284 909 3348 bene
945 3282 1289 3348 constituta
1321 3283 1592 3349 beatius.
1681 3284 1982 3367 quocirca
2017 3286 2365 3372 permirum
2399 3288 2558 3354 mihi
2597 3290 2799 3357 videri

746 3379 927 3455 solet,
963 3398 1130 3461 quae
1166 3377 1222 3443 si
1254 3388 1432 3443 tanta
1466 3378 1587 3443 doc
1620 3378 1660 3413 ³¹*
1694 3378 1732 3413 ³*
1767 3380 1803 3415 ³⁸*

879 3472 1179 3537 Consumo
1224 3475 1415 3558 ἱρέων
1460 3494 1633 3538 omne
1681 3485 1913 3559 tempus
1957 3478 2378 3553 considerans,
2426 3491 2665 3563 quanta
2709 3482 2794 3544 vis

741 3568 822 3631 sit
864 3568 1034 3631 illius
1074 3568 1223 3642 viri,
1263 3589 1439 3653 quem
1483 3570 1710 3632 nostri-3
1756 3568 1929 3633 libris
1973 3572 2124 3635 satis
2169 3572 2516 3659 dilabenter,
2573 3587 2644 3639 ut
2688 3574 2794 3639 tibi

742 3664 984 3745 quidem
1018 3663 1309 3737 videmur,
1356 3664 1778 3748 expressimus.
1869 3675 2104 3729 tenesne
2134 3666 2327 3752 ἱρέων
2356 3670 2792 3734 moderatorem

738 3756 915 3817 illum
977 3757 1069 3820 rei
1106 3756 1394 3841 publicae
1446 3778 1565 3842 quo
1616 3756 1846 3843 rqfe'we
1895 3758 2146 3824 velimus
2198 3758 2443 3826 omnia?
2511 3786 2663 3827 nam
2710 3766 2792 3828 sio

737 3851 979 3932 quinto,
1041 3860 1111 3913 ut
1172 3853 1419 3936 opinor,
1482 3852 1551 3915 in
1614 3851 1773 3916 libro
1838 3853 2106 3938 loquitur
2155 3852 2399 3940 Scipio:
2463 3853 2569 3921 Ut
2625 3857 2792 3923 enim

736 3941 1149 4023 gubernatori
1195 3965 1417 4009 cursus
1464 3945 1818 4025 secundus,
1873 3946 2120 4012 medico
2165 3947 2367 4027 salus,
2417 3948 2787 4037 imperatori

733 4031 1025 4111 victoria,
1072 4037 1163 4101 sic
1205 4037 1357 4103 huic
1399 4038 1788 4106 moderatori
1831 4040 1925 4106 rei
1967 4041 2266 4127 publicae
2309 4042 2501 4109 beata
2547 4046 2786 4113 civium
