3292 4559
635 247 795 296 XXX
1395 243 1749 289 Amro'ra'uo
1786 240 2060 287 cmTIGA..

638 364 923 421 Halmius:
961 362 1110 433 plaet
1125 359 1207 430 A,
1235 362 1414 429 plaeet
1439 356 1566 426 BH,
1595 365 1718 411 sunt
1751 333 1944 409 binus:
1972 370 2065 410 ars
2082 355 2235 412 etiam
2253 352 2318 409 C.
2339 384 2404 395 -
2424 354 2481 406 id
2494 354 2553 410 in
2570 354 2837 423 infinitam

631 446 822 515 plenae
845 438 959 495 alii.
978 469 1051 481 ·-—
1067 438 1321 507 attinqam
1336 435 1525 490 Bake:
1562 436 1715 488 attin·
1753 431 2039 486 Halmius:
2074 432 2130 484 id
2154 433 2362 502 infinita
2379 428 2444 498 C,
2474 432 2531 484 id
2554 433 2613 485 in
2630 433 2839 503 infinita

634 528 765 590 yant
780 516 854 586 C,
883 516 1211 585 attingantur
1240 513 1355 571 alii.
1371 529 1549 565 —vos
1565 511 1717 564 Ran-
1754 508 1826 562 T.
1843 539 1913 551 —-
1938 517 1989 562 et
2008 510 2165 579 fidem
2189 509 2323 561 iuris
2350 506 2411 562 C.
2431 509 2836 578 —peritissimi

532 626 539 632 ·
635 599 940 652 eonnetus:
963 609 1050 647 eos
1069 590 1131 647 C.
1149 620 1220 633 —-
1233 608 1398 661 yrave
1411 589 1716 644 hominibus.
1752 588 1937 654 Saepe,
1965 586 2132 655 inquit
2148 584 2474 640 Turnebus:
2503 586 2841 654 peritissimis

642 674 773 731 Oeam
789 668 1049 742 Madvig:
1083 686 1251 739 yraue
1278 669 1454 721 omnia
1472 676 1580 720 tum
1600 662 1663 720 C.
1691 665 1709 733 ΙΙ
1753 679 1816 715 ae
1832 662 1998 733 inquit
2014 661 2142 729 BH,
2162 661 2473 730 peritissimi
2494 664 2661 733 &aquit
2675 663 2759 717 Aa
2775 662 2841 718 in

638 758 724 807 42.
751 766 974 822 qaorum
991 746 1120 801 Car.
1140 743 1488 815 Stephanus:
1521 759 1623 813 quo
1641 740 1714 808 A,
1750 755 1948 794 rasura
1963 738 2191 807 maiore,
2203 739 2520 808 peritissimi.
2565 748 2635 805 at,
2662 739 2842 811 inquit

637 846 770 899 quos
811 824 938 880 BH.
972 854 1044 865 -—-
1087 822 1329 877 distracti
1366 839 1434 875 ae
1478 818 1722 887 dissipati
1754 816 1869 870 alii.
1890 845 1953 857 ——
1969 817 2077 870 nin·
2088 835 2149 870 eo
2167 815 2428 886 Madvig:
2446 816 2496 869 si
2510 832 2598 884 eqo
2617 814 2680 884 C,
2701 835 2840 887 erqo

639 903 990 975 Stephanus:
1025 902 1307 954 distractae
1341 916 1408 952 ae
1434 897 1719 965 dissipatae
1754 892 1867 947 alii.
1904 923 1973 936 -—
2008 911 2150 949 cons.
2183 903 2340 950 semet
2382 894 2615 961 deinceps
2654 891 2719 949 O,
2755 925 2841 937 .-

640 980 702 1038 C.
722 998 917 1035 -mon
941 981 1111 1033 solum
1135 978 1248 1030 uita
1265 975 1487 1029 crucaati
1501 971 1573 1029 C:
1607 990 1718 1027 non
1751 988 1913 1025 saera
1938 970 2048 1025 del.
2068 970 2317 1042 Madvig.
2344 969 2365 1041 ΙΙ
2387 975 2473 1025 48.
2530 968 2719 1025 Verba
2741 987 2839 1025 se-

638 1062 810 1114 solum
833 1059 982 1111 nullo
1009 1056 1065 1108 in
1090 1056 1198 1108 vita
1223 1054 1461 1107 cruciatu
1488 1049 1558 1105 de
1576 1047 1717 1103 Hal·
1754 1047 1913 1102 elusa
1939 1048 2359 1103 adnotationem
2384 1062 2527 1114 esse,
2559 1062 2647 1115 ea,
2684 1063 2836 1117 quae

639 1135 737 1189 mii
763 1133 1086 1190 coniectura
1104 1131 1182 1199 T,
1211 1149 1318 1184 non
1343 1132 1512 1184 solum
1539 1128 1595 1179 in
1613 1127 1719 1179 vita
1754 1124 2021 1194 deinceps
2074 1124 2442 1195 explicantur,
2495 1124 2559 1180 in
2609 1122 2837 1180 brevius

584 1238 588 1245 ¹
640 1222 763 1267 sunt
778 1210 1061 1280 ignominia
1079 1209 1304 1261 cruciati
1318 1205 1560 1262 Vahlen.
1584 1204 1604 1275 fl
1631 1208 1717 1256 43.
1754 1202 2194 1271 contrahentem,
2222 1201 2364 1256 vidit
2387 1200 2635 1273 Madvig.
2657 1230 2726 1242 —
2743 1219 2836 1256 es:-

639 1291 731 1343 sed
745 1285 1054 1344 Victorius:
1081 1302 1178 1338 nec
1193 1282 1256 1352 C,
1283 1293 1333 1337 et
1349 1283 1466 1337 alii.
1484 1312 1552 1323 -
1569 1282 1718 1352 qaid·
1745 1278 1915 1347 posite
1938 1295 2069 1333 nos:
2102 1281 2229 1333 haee
2254 1280 2426 1349 posite
2450 1277 2584 1345 ΑΗ,
2620 1294 2730 1334 om.
2756 1278 2835 1348 B,

639 1368 765 1436 quid
781 1361 1116 1417 Lambinus:
1151 1362 1277 1431 quid
1299 1359 1360 1416 C.
1384 1391 1445 1402 -
1466 1366 1719 1428 corrupta
1752 1357 1848 1409 hoc
1866 1358 2041 1425 posito
2071 1355 2187 1425 alii,
2207 1358 2246 1426 †
2261 1358 2387 1412 haec
2409 1356 2572 1426 posite
2588 1354 2657 1409 Τ.
2674 1383 2747 1396 -
2764 1357 2840 1410 iis

641 1442 750 1496 del.
797 1437 1075 1493 Halmius.
1128 1438 1149 1507 ΙΙ
1195 1443 1281 1491 44.
1318 1439 1425 1490 iam
1459 1453 1564 1502 me,
1608 1452 1719 1486 non
1753 1442 1919 1486 essent
1952 1450 2019 1487 ea
2045 1432 2393 1503 Stephanus:
2430 1434 2495 1487 iis
2528 1442 2655 1487 esset
2681 1450 2749 1491 ea
2774 1434 2838 1489 A

639 1517 899 1587 Madvig:
933 1516 1041 1576 iam
1075 1523 1125 1567 et
1150 1532 1259 1567 non
1285 1512 1356 1582 C,
1385 1514 1492 1567 iam
1527 1528 1634 1579 me,
1670 1520 1718 1563 et
1753 1508 1835 1579 (in
1852 1510 2069 1581 rasura)
2098 1509 2190 1580 B2,
2226 1510 2293 1565 iis
2318 1519 2395 1572 est
2417 1528 2482 1565 ea
2507 1509 2659 1579 BlH,
2682 1510 2836 1580 iis,†

639 1614 747 1649 non
775 1610 900 1660 eum
927 1590 1193 1645 Tui-nebo
1213 1590 1282 1644 T.
1303 1621 1370 1631 --
1399 1598 1600 1644 tantum
1619 1604 1718 1657 po-
1753 1596 1828 1640 est
1854 1604 1917 1640 ea
1946 1586 2017 1640 T.
2034 1589 2389 1657 —quaeritur
2414 1586 2671 1659 Madvig:
2709 1606 2835 1659 que·

639 1692 764 1728 nam
801 1670 941 1725 brevi
970 1667 1306 1723 Lambinus:
1350 1674 1551 1721 tantum
1591 1682 1717 1735 poe-
1752 1674 1934 1718 rentur
1956 1664 2028 1733 A,
2058 1676 2383 1735 quaeruntur
2408 1663 2537 1732 BH,
2574 1675 2836 1735 quaerunt

639 1766 763 1805 nam
789 1748 930 1803 erebi
949 1744 1032 1813 A,
1057 1753 1257 1799 tantam
1273 1760 1503 1814 poenam
1529 1743 1725 1796 merebi
1754 1739 2082 1796 Cratander.
2109 1770 2180 1782 —-
2204 1743 2385 1805 deinde
2416 1760 2518 1811 qao
2554 1751 2721 1796 morte
2753 1742 2832 1811 H,

638 1827 715 1896 B,
754 1835 954 1881 tantum
979 1839 1158 1893 poena
1189 1822 1362 1876 merui
1389 1820 1473 1890 H,
1519 1829 1719 1875 tantum
1753 1820 1803 1872 d.
1832 1836 1935 1889 quo
1961 1819 2144 1873 merite
2160 1819 2232 1885 A,
2263 1822 2311 1874 d.
2330 1838 2433 1889 qao
2459 1821 2600 1873 mori
2611 1830 2661 1873 et
2676 1819 2745 1875 B.
2762 1848 2835 1860 —-

632 1904 831 1976 'ponam
882 1902 1000 1956 erui
1039 1898 1355 1954 Turnebus.
1389 1928 1461 1939 -
1503 1914 1718 1966 eamque
1746 1898 1975 1965 positum
2002 1895 2295 1951 Davisius:
2322 1897 2585 1965 prositum
2608 1897 2679 1965 A,
2704 1914 2833 1966 pro-

641 1992 882 2035 constare
906 1987 955 2032 et
972 1996 1036 2032 ex
1049 1976 1311 2047 Madvig:
1342 1977 1484 2047 quod
1509 1984 1716 2029 consta·
1744 1973 1975 2043 positum
2017 1972 2144 2028 ΒΗ.
2181 2004 2247 2013 -
2282 1991 2399 2027 eum
2441 1976 2687 2043 moritur,
2733 1991 2833 2027 usu

637 2068 716 2113 ret
733 2076 797 2111 ex
816 2055 879 2125 C,
910 2057 1051 2127 quod
1075 2062 1278 2108 constat
1300 2063 1351 2106 et
1367 2071 1432 2107 ex
1450 2052 1566 2107 alii.
1583 2080 1655 2093 -·
1669 2059 1718 2104 et
1753 2050 2076 2105 Turnebus:
2096 2053 2471 2121 quommoritur
2488 2054 2535 2105 is
2549 2061 2607 2105 ut
2622 2050 2695 2119 A,
2713 2069 2829 2105 eum

639 2154 702 2190 ex
718 2135 868 2202 fama
884 2131 1222 2187 Lambinus:
1257 2140 1382 2184 etea
1397 2128 1548 2197 fama
1567 2126 1628 2184 C.
1651 2158 1717 2168 —-
1752 2129 2035 2182 moriturus
2052 2136 2108 2181 ut
2124 2126 2251 2182 BH.
2266 2158 2337 2169 —-
2352 2128 2459 2197 qui,
2478 2130 2530 2181 si
2545 2126 2829 2183 Goerenz:

639 2213 943 2266 iudiciorum
979 2210 1206 2263 vivorum
1242 2204 1308 2261 C.
1350 2208 1370 2275 ΙΙ
1411 2212 1497 2260 45.
1536 2223 1718 2260 eonse-
1750 2206 1802 2259 si
1822 2206 1916 2275 qui
1934 2204 1999 2260 C.
2030 2207 2057 2273 ΙΙ
2083 2210 2171 2258 49.
2196 2205 2393 2259 ηεηιίηἰ
2414 2204 2704 2259 Halmius:
2741 2223 2828 2259 ne·

637 2298 858 2343 orantur
882 2284 1042 2351 3111,
1081 2284 1299 2339 litteras
1335 2300 1516 2337 seer-en
1541 2282 1602 2336 in
1625 2299 1715 2337 ra-
1750 2284 1880 2335 mini
1909 2285 2003 2353 qui
2034 2280 2104 2349 C,
2140 2282 2430 2352 nminique
2465 2282 2582 2336 alii.
2608 2313 2681 2323 -
2703 2284 2829 2337 haee

639 2382 770 2419 sura
794 2363 968 2418 habet
991 2360 1071 2427 A,
1109 2360 1260 2415 unde
1285 2359 1548 2414 Halmius
1583 2375 1714 2413 eon·
1749 2378 1847 2414 nos
1866 2358 1937 2415 C:
1963 2360 2089 2413 haee
2104 2376 2241 2431 quae
2256 2376 2353 2413 nos
2373 2359 2444 2413 de
2463 2358 2683 2416 Halmii
2699 2376 2827 2416 eon-

636 2440 796 2496 ieeit:
839 2438 980 2506 Aqri
1008 2446 1182 2491 autem
1214 2454 1281 2491 ne
1314 2445 1713 2491 comem-antor.-
1749 2436 1965 2491 iectura
2002 2435 2072 2489 T.
2096 2466 2168 2477 --
2200 2437 2463 2506 descripta
2493 2434 2826 2493 Ascensius:

637 2516 856 2573 Platoni
886 2514 1022 2567 enim
1050 2530 1277 2583 prorsus
1313 2514 1578 2567 adsentior
1605 2517 1713 2568 eet.
1749 2514 2037 2583 descriptas
2054 2512 2129 2583 H,
2150 2513 2423 2581 descriptas
2438 2511 2533 2581 131,
2564 2514 2826 2583 descripta

638 2612 708 2638 ’·—-
729 2609 890 2647 saera
915 2589 1230 2644 Manutius:
1265 2607 1420 2644 sacro
1438 2589 1595 2655 Alfi,
1621 2608 1711 2644 sa·
1748 2600 1869 2644 sant
1884 2591 1940 2644 A
1964 2590 2108 2661 (sunt
2124 2606 2228 2660 per
2245 2589 2663 2661 compendium)
2678 2590 2826 2645 132‘1'.

637 2690 733 2726 cru
756 2670 850 2737 131,
887 2686 1098 2723 sacrum
1120 2666 1296 2722 A2B2.
1321 2697 1392 2709 —
1415 2684 1481 2721 ea:
1513 2668 1719 2722 inmani
1749 2698 1818 2709 —
1850 2669 2110 2736 adstrinyi
2137 2667 2244 2721 132:
2279 2668 2540 2737 adstrmyi
2570 2692 2597 2722 ιιι
2623 2668 2696 2735 A,
2735 2670 2829 2723 ad·

637 2765 858 2818 corpore
881 2744 1111 2816 Lipsius
1134 2744 1332 2814 Antiq.
1358 2744 1544 2800 Leett.
1561 2744 1642 2813 H,
1664 2751 1712 2798 2.
1747 2746 1954 2814 strinyit
1972 2744 2122 2812 B1H,
2152 2745 2495 2813 adstrinqitur
2522 2743 2594 2801 de
2612 2744 2830 2800 Halmii

635 2854 705 2867 -
722 2827 920 2895 lignum
945 2822 1008 2878 C.
1034 2852 1103 2863 -·
1128 2824 1481 2893 quodcumque
1516 2823 1632 2892 quis
1665 2841 1710 2875 v.
1748 2821 2071 2877 coniectura
2088 2820 2159 2875 Τ.
2176 2852 2245 2861 --
2262 2823 2315 2874 si
2323 2822 2494 2875 maior
2503 2838 2563 2891 p.
2574 2839 2635 2890 p.
2653 2824 2829 2893 leqata

635 2901 824 2957 Bake:
868 2900 1105 2970 quodque
1138 2917 1184 2951 v.
1221 2897 1297 2967 C,
1336 2900 1476 2969 quod
1508 2900 1626 2970 quis
1664 2917 1709 2951 v.
1747 2908 1823 2953 est
1857 2898 1967 2953 del.
2008 2897 2211 2954 Christ.
2234 2900 2253 2967 ΙΙ
2291 2905 2377 2953 50.
2394 2900 2676 2971 pontifices
2709 2916 2827 2954 oum

635 2978 973 3045 Lambinus,
1004 2977 1357 3046 quodcumque
1390 2995 1436 3029 v.
1474 2974 1544 3029 T.
1581 2971 1640 3046 (ὅ
1658 2997 1712 3029 τι
1738 2978 1966 3045 pecunia
2008 2992 2169 3051 sacsa
2213 2974 2472 3047 Madvig:
2515 2977 2825 3045 pontificum

635 3050 707 3107 ἂν
741 3052 909 3125 ἐθέλῃ
935 3073 1015 3107 τις
1040 3051 1250 3123 Plato.)
1276 3082 1345 3097 -·-
1372 3054 1542 3107 dicato
1569 3052 1710 3107 Hal·
1739 3054 1966 3122 peeum‘a
1982 3053 2281 3123 (pecuniam
2298 3052 2425 3123 AB)
2449 3070 2609 3107 sacro
2628 3051 2676 3108 C
2702 3052 2828 3126 (sed

633 3129 804 3184 mins:
841 3137 958 3182 cato
979 3127 1042 3195 C,
1071 3130 1304 3182 dedicato
1330 3129 1446 3183 alii.
1466 3159 1532 3169 —
1551 3130 1606 3183 in
1625 3148 1708 3184 ce·
1744 3130 1825 3183 A1
1840 3129 2042 3201 sacra),
2063 3130 2341 3201 pontifices
2359 3132 2639 3200 pecuniam
2656 3131 2828 3185 sacris

632 3218 797 3261 terum
824 3204 987 3274 A1H,
1026 3207 1082 3257 in
1118 3214 1284 3258 cetero
1319 3205 1468 3259 A2B.
1496 3235 1562 3245 —
1591 3224 1709 3260 aves
1746 3205 1861 3261 alii.
1895 3236 1966 3246 —-
1996 3208 2301 3261 hereditates
2344 3206 2451 3261 Th.
2488 3206 2827 3264 Mommsen:

631 3283 945 3340 Victorius:
994 3282 1186 3337 habens
1221 3281 1282 3336 C.
1318 3312 1389 3322 -
1421 3292 1543 3336 sunt
1584 3285 1710 3338 haec
1744 3284 1910 3351 ferias
1948 3281 2066 3339 CT.
2086 3314 2154 3323 --
2180 3286 2320 3355 quod
2351 3293 2427 3337 est
2453 3287 2675 3355 partitio
2712 3284 2825 3341 del.

631 3364 728 3416 illa
763 3359 825 3415 C.
851 3390 923 3401 —-
944 3360 1145 3414 insidiis
1179 3357 1436 3430 Madvig:
1469 3360 1709 3415 subsidiis
1744 3360 1922 3415 Bake.
1942 3391 2008 3401 —
2026 3362 2261 3415 deductio
2287 3359 2473 3416 Bach:
2510 3363 2732 3417 deducta
2760 3361 2824 3417 C.

632 3438 829 3494 CT.-
847 3440 1048 3491 adeam
1066 3438 1306 3491 tuendam
1317 3435 1707 3505 C.-—subi9en-
1742 3467 1813 3478 -
1846 3440 1985 3507 qaod
2018 3448 2177 3507 pater
2209 3437 2545 3494 Lambinus:
2598 3448 2649 3492 et
2682 3440 2829 3508 quod

630 3518 754 3570 dam
770 3514 916 3570 liber
929 3513 1193 3568 Manutii:
1227 3514 1575 3567 subiciendam
1593 3511 1658 3567 C.
1684 3515 1703 3582 ἢ
1734 3522 1889 3582 pater
1908 3513 2027 3568 CT.
2043 3524 2379 3584 —potestate
2394 3525 2468 3569 est
2487 3513 2695 3570 Christ:
2714 3530 2829 3583 po·

631 3598 714 3647 46.
736 3602 782 3646 et
799 3601 971 3661 specto
990 3589 1052 3647 C.
1070 3621 1142 3631 --
1158 3608 1193 3644 a
1202 3590 1530 3659 Jwritsssimts
1546 3588 1708 3643 Mad·
1742 3600 1896 3644 testas
1917 3600 2052 3645 esset
2078 3590 2149 3659 C,
2179 3601 2434 3661 potestate
2460 3599 2584 3646 esset
2610 3587 2727 3644 alii.
2752 3620 2831 3633 ——

629 3668 751 3741 vig:
779 3668 1094 3738 apertissimi
1106 3666 1345 3735 A1B1H,
1376 3667 1705 3736 apertissima
1740 3669 2068 3737 adpropiavit
2113 3667 2174 3723 C.
2225 3668 2246 3739 fl
2300 3674 2385 3723 51.
2429 3670 2523 3740 qui
2557 3668 2834 3737 intelleqat

629 3744 1272 3814 A2B2.-le9imas9enus
1287 3741 1426 3797 C.·-—
1447 3744 1541 3813 qui
1552 3745 1703 3796 modo
1740 3744 1868 3799 edd.
1902 3748 2067 3799 vett.:
2110 3746 2205 3815 qui
2233 3754 2525 3799 nascuntur
2557 3746 2836 3815 inteileyat

631 3820 957 3875 Turnebus:
993 3822 1087 3891 qui
1119 3822 1270 3873 domo
1305 3817 1368 3875 C.
1395 3850 1465 3861 —
1499 3821 1702 3890 inqenio
1740 3818 1810 3889 C,
1838 3824 1933 3890 qui
1955 3824 2180 3891 paulum
2210 3824 2476 3891 intelleqat
2509 3822 2581 3876 de
2608 3820 2838 3877 Halmii

629 3900 696 3951 sit
721 3898 971 3951 mediocri
989 3896 1278 3951 Davisius:
1313 3897 1519 3966 ingenio
1537 3898 1705 3966 possit
1739 3897 2061 3953 coniectura
2087 3897 2166 3967 T,
2195 3902 2289 3969 qui
2304 3900 2525 3969 paulam
2556 3901 2717 3951 morlo
2746 3901 2834 3953 in·

629 3976 830 4026 moueri
853 3973 914 4028 O.
935 4004 1005 4016 -
1029 3989 1351 4044 quacumque
1374 3971 1438 4027 C.
1459 3974 1478 4041 ΙΙ
1507 3980 1592 4025 47.
1622 3975 1702 4026 iu·
1739 3976 1943 4043 telleqat
1970 3974 2214 4031 Vahlen.
2231 4006 2302 4016 --
2324 3977 2376 4030 si
2394 3993 2585 4029 munus
2612 3978 2736 4045 quis
2764 3976 2834 4032 C.

628 4047 967 4104 risconsultus
985 4048 1046 4105 C.
1067 4080 1138 4091 -
1154 4067 1249 4105 ars
1272 4059 1347 4105 est
1363 4050 1516 4106 etiam
1535 4048 1703 4105 Lam·
1739 4081 1807 4092 —
1833 4060 1881 4104 et
1906 4050 2193 4107 Halmius:
2230 4062 2285 4108 ut
2314 4051 2385 4123 0,
2414 4070 2479 4107 ae
2507 4051 2575 4115 T.
2597 4082 2672 4093 —
2698 4054 2840 4125 quoi
