3292 4559
1231 252 1576 309 TIMAEUS
1605 254 1777 309 7-8.
2407 240 2531 307 137

463 378 672 463 partis
710 376 1002 463 duplam,
1039 374 1271 447 ,deinde
1308 376 1590 455 tertiam,
1637 398 1807 462 quae
1842 386 2011 443 esset
2044 376 2364 447 secundae
2399 401 2533 443 ses-

468 471 809 553 quialtera,
844 470 1088 555 primae
1125 469 1343 555 tripla,
1382 470 1614 537 deinde
1648 482 1973 555 quartam,
2010 491 2177 554 quae
2212 471 2532 537 secundae

468 565 673 649 dupla
707 574 900 638 esset,
945 563 1235 646 quintam
1267 563 1418 629 inde
1432 611 1452 641 ,
1489 586 1655 648 quae
1692 564 1917 638 tertiae
1952 563 2169 650 tripla,
2216 574 2371 629 tum·
2390 588 2534 631 sex-

464 669 604 723 tam
641 659 962 743 octuplam
996 658 1271 743 primae,
1307 670 1630 744 postremo
1664 660 2002 749 septimam
2015 707 2034 737 ,
2082 681 2248 745 quae
2285 672 2534 746 septem

465 765 535 819 et
570 753 798 839 viginti
841 753 1130 838 partibus
1177 756 1582 821 antecederet
1623 755 1888 842 primae.
1978 755 2209 820 deinde
2261 756 2535 821 instituit

464 848 670 934 dupla
711 860 777 913 et
821 848 1012 932 tripla
1052 847 1390 913 intervalla
1434 850 1723 934 explere,
1767 849 1967 936 partis
2010 871 2233 914 rursus
2281 872 2361 914 ex
2397 860 2531 915 toto

464 942 809 1017 desecans,
855 963 1016 1025 quas
1062 945 1132 1005 in
1175 941 1524 1007 intervallis
1565 943 1660 1007 ita
1703 943 1989 1019 locabat,
2034 954 2110 1007 ut
2151 943 2220 1007 in
2266 943 2533 1029 singulis

465 1047 686 1101 essent
736 1036 889 1099 bina
940 1034 1182 1099 media:
1237 1034 1348 1101 vix
1399 1036 1570 1099 enim
1627 1036 1835 1101 audeo
1880 1036 2091 1101 dicere
2134 1036 2531 1114 medietates,

465 1151 633 1212 quas
671 1126 910 1194 Graeci
943 1128 1314 1214 μεσότητας
1349 1130 1703 1215 appellant,
1749 1130 1865 1196 sed
1896 1130 2083 1215 quasi
2116 1129 2207 1195 ita
2242 1130 2533 1211 dixerim,

468 1222 914 1309 intellegatur3
979 1223 1098 1289 erit
1149 1222 1322 1289 enim
1372 1224 1655 1310 planiust
1718 1248 1939 1291 earum
1989 1226 2257 1291 alteram
2308 1225 2533 1291 eadem

467 1328 654 1401 parte
682 1328 1114 1403 praestantem
1142 1319 1442 1384 extremis
1469 1319 1825 1403 eademque
1852 1330 2239 1405 superatam,
2266 1320 2533 1385 alteram

467 1410 612 1495 pari
663 1434 932 1477 numero
982 1422 1416 1497 praestantem
1470 1414 1773 1478 extremis
1822 1414 2091 1498 parique
2144 1426 2529 1499 superatam.

467 1504 900 1589 sesquialteris
945 1516 1162 1572 autem
1208 1507 1557 1572 intervallis
1605 1518 1673 1573 et
1720 1507 2135 1591 sesquitertiis
2180 1519 2245 1573 et
2289 1508 2534 1591 sesqui-

467 1599 714 1663 octavis
747 1600 1018 1685 sumptis
1054 1623 1137 1665 ex
1171 1600 1272 1665 his
1308 1601 1898 1687 conligationibus
1878 1623 1949 1664 ιιι
1980 1600 2201 1709 primis
2234 1602 2535 1668 interval-

465 1691 548 1754 lis
599 1688 1042 1775 sesquioctavo
1093 1694 1432 1760 intervallo
1487 1693 1896 1795 sesquitertia
1947 1694 2163 1760 omnia
2198 1694 2533 1781 explebat,

469 1806 620 1849 cum
681 1786 1065 1869 particulam
1131 1788 1531 1873 singulorum
1591 1780 1997 1873 relinqueret.
2117 1789 2254 1855 eius
2316 1799 2533 1853 autem

467 1878 819 1961 particulae
873 1879 1210 1946 intervallo
1255 1882 1477 1949 relicto
1523 1882 1809 1948 habebat
1851 1904 2135 1947 nmnerue
2182 1886 2269 1948 ad
2308 1904 2535 1947 nume-

468 1994 616 2037 rum
650 1974 921 2039 eandem
953 1976 1431 2061 proportionem
1467 1974 2241 2065 [comparationemque]
2223 2000 2291 2042 m
2325 1988 2535 2043 extre-

467 2067 620 2143 mis,
673 2088 870 2151 quam
919 2067 1162 2135 habent
1212 2070 1490 2137 ducenta
1540 2072 2010 2158 quinquaginta
2063 2094 2169 2136 sex
2222 2093 2369 2137 cum
2415 2071 2533 2137 du·-

468 2160 672 2226 centis
708 2162 1135 2249 quadraginta
1171 2163 1376 2229 tribus
1386 2212 1406 2243 ,
1443 2176 1638 2249 atque
1673 2166 1764 2230 ita
1796 2165 2187 2251 permixtum
2220 2165 2412 2242 illud,
2450 2188 2533 2230 ex

469 2276 600 2338 quo
636 2253 796 2321 haec
841 2257 1075 2335 secuit,
1122 2258 1253 2323 iam
1300 2280 1491 2325 omne
1537 2270 2041 2345 consumpserat.
2126 2258 2295 2325 hanc
2334 2259 2533 2346 igitur

469 2370 724 2413 omnem
773 2350 1290 2417 coniunctionem
1335 2353 1659 2439 duplicem
1693 2354 1762 2418 in
1795 2353 2264 2439 longitudinem
2300 2353 2533 2418 diffidit

469 2442 844 2527 mediaeque
889 2447 1379 2513 accommodans
1425 2449 1707 2514 mediam
1751 2447 1939 2532 quasi
1984 2447 2345 2513 decussavit
2356 2494 2376 2525 ,
2422 2448 2533 2513 de-

467 2537 615 2602 inde
659 2538 728 2602 in
771 2539 994 2605 orbem
1035 2541 1321 2619 intorsit,
1368 2553 1441 2607 ut
1476 2553 1540 2608 et
1573 2543 1755 2629 ipsae
1792 2563 2013 2608 secum
2047 2553 2112 2609 et
2143 2542 2309 2609 inter
2344 2565 2413 2609 se
2450 2564 2532 2609 ex

468 2632 914 2710 commissura,
965 2654 1133 2717 quae
1177 2659 1214 2701 e
1260 2636 1526 2721 regione
1577 2647 1776 2714 esset,
1824 2637 2271 2722 iungerentur,
2326 2657 2531 2720 eoque

467 2736 666 2803 motu,
702 2726 885 2791 cuius
921 2728 1095 2792 orbis
1133 2751 1386 2814 semper
1418 2730 1486 2795 in
1523 2730 1749 2794 eodem
1784 2740 1920 2795 erat
1956 2730 2309 2814 eodemque
2338 2730 2529 2793 modo

471 2818 784 2893 ciebatur,
829 2820 1116 2903 undique
1161 2833 1260 2886 est
1303 2845 1412 2887 eas
1449 2823 1939 2907 circumplexus.
1970 2874 1973 2879 .
2028 2832 2221 2905 atque
2254 2822 2348 2886 ita
2381 2843 2530 2885 cum

471 2912 737 2976 alterum
791 2922 962 2975 esset
1013 2915 1392 2979 exteriorem
1405 2962 1424 2992 ,
1486 2918 1745 2979 alterum
1797 2918 2144 2981 interiorem
2196 2916 2529 3001 amplexus

471 3003 719 3081 orbem,
779 3004 960 3068 illum
1026 3005 1312 3072 eiusdem
1366 3018 1662 3085 naturae,
1727 3007 1898 3073 hunc
1949 3008 2209 3073 alterius
2264 3009 2528 3086 notavit,

471 3118 772 3181 eamque,
817 3119 984 3182 quae
1029 3110 1166 3165 erat
1209 3101 1526 3178 eiusdem,
1573 3101 1836 3167 detorsit
1870 3124 1911 3167 a
1940 3101 2150 3180 ,latere
2194 3102 2264 3167 in
2311 3104 2528 3169 dexte-

367 3216 374 3225 ·
471 3214 606 3258 ram
658 3203 937 3278 partem,
991 3192 1157 3258 hanc
1201 3207 1417 3261 autem
1465 3195 1749 3261 citimam
1798 3220 1837 3261 a
1880 3197 2178 3263 mediana
2217 3198 2387 3264 linea
2431 3198 2527 3262 di-

471 3286 634 3352 rexit
670 3286 754 3351 ad
788 3286 1070 3365 laevam,
1119 3289 1234 3353 sed
1268 3289 1699 3376 principatum
1734 3291 1911 3357 dedit
1946 3292 2286 3377 superiori,
2330 3313 2527 3375 quam

471 3380 671 3445 solam
731 3379 1128 3445 individuam
1193 3384 1468 3467 reliquit.
1575 3386 1942 3450 interiorem
1995 3395 2210 3449 autem
2260 3406 2409 3449 cum
2459 3385 2527 3448 in

473 3498 584 3541 sex
616 3474 816 3560 partis
852 3474 1191 3553 divisisset,
1229 3487 1476 3562 septem
1510 3478 1682 3543 orbis
1720 3478 1989 3563 disparis
2018 3478 2215 3563 duplo
2245 3490 2309 3543 et
2336 3478 2525 3563 triplo

471 3568 802 3634 intervallo
848 3570 1095 3635 moveri
1137 3570 1325 3635 iussit
1358 3572 1689 3637 contrariis
1722 3574 1888 3639 inter
1924 3596 1992 3639 se
2027 3572 2337 3637 cursibus.
2417 3594 2525 3637 eo-

473 3686 614 3729 rum
658 3672 874 3729 autem
917 3664 1111 3729 trium
1154 3663 1308 3731 fecit
1340 3666 1512 3751 paris
1548 3666 1931 3744 celeritates,
1977 3666 2094 3731 sed
2126 3675 2427 3749 quattuor
2460 3676 2525 3731 et

473 3758 633 3819 inter
665 3778 736 3821 se
770 3756 1043 3843 disparis
1083 3769 1147 3825 et
1178 3759 1504 3824 dissimilis
1540 3759 1734 3824 trium
1767 3760 2179 3844 reliquorum.

601 3849 911 3915 Animum
963 3852 1160 3939 igitur
1209 3875 1358 3919 cum
1408 3854 1515 3919 ille
1558 3863 1925 3939 procreator
1966 3853 2192 3918 mundi
2237 3854 2397 3919 deus
2443 3876 2523 3919 ex
2574 3855 2609 3910 8

475 3966 591 4008 sua
640 3955 850 4037 mente
903 3957 968 4011 et
1017 3948 1346 4014 voluntate
1398 3949 1753 4035 genuisset,
1809 3960 1947 4014 tum
1993 3949 2267 4034 denique
2312 3971 2521 4027 omne,

477 4038 645 4123 quod
714 4052 847 4105 erat
909 4054 1276 4110 concretum
1338 4055 1528 4130 atque
1583 4066 1973 4131 ,corporeum
1988 4092 2005 4122 ,
2076 4045 2519 4111 substernebat
