3292 4559
1267 252 1620 299 mxo'rano
1658 252 1921 299 omncs.
2271 244 2279 252 ’
2500 250 2705 301 XXXI

497 374 608 445 ipse
641 370 768 429 Car.
805 370 873 425 F.
909 368 1004 427 W.
1041 366 1275 429 Mulier:
1327 384 1428 437 quo
1465 368 1574 439 ipse
1607 384 1754 421 mens
1780 384 1823 420 s.
1844 384 1889 421 c.
1908 382 2064 437 posse
2090 365 2207 421 alii.
2225 382 2504 437 -porcus
2529 365 2693 421 Mad·

497 448 728 518 A1B1H,
759 450 904 503 cuius
927 450 1037 520 ipse
1053 445 1226 517 A2132,
1255 451 1441 521 quoius
1465 450 1575 519 ipse
1608 444 1707 516 vig
1731 448 1791 499 et
1814 444 2133 499 Luebbert:
2168 460 2361 515 corpus
2387 441 2450 500 G.
2476 472 2546 485 ·-
2572 460 2691 499 cae·

499 524 659 580 T.--
683 528 796 580 sine
827 524 1154 579 Turnebus:
1187 526 1296 579 nisi
1313 526 1376 582 C.
1397 555 1467 569 -
1491 526 1573 579 he-
1609 538 1701 575 sus
1732 530 1810 575 est
1837 520 1907 576 C:
1944 538 2128 575 caesus
2152 520 2221 575 sit
2248 537 2376 576 eum
2401 519 2693 591 Madvigio

497 605 646 657 redes
659 602 787 659 Car.
808 600 1155 671 Stephanus:
1181 603 1382 658 herede}
1400 601 1464 670 0,
1491 602 1574 655 he-
1611 597 1682 652 T.
1740 598 1829 655 cf.
1858 613 2003 669 quae
2029 615 2155 653 mox
2186 602 2493 669 sequuntur
2510 614 2525 650 :
2536 598 2693 668 prius

495 681 668 734 redem
697 678 810 734 alii.
838 680 860 750 ΙΙ
884 684 966 734 52.
994 680 1078 733 ius
1096 681 1405 752 pontificum
1422 678 1485 735 O.
1507 708 1569 719 -—
1609 693 1769 749 quam
1792 677 1848 730 in
1874 693 1935 729 os
1960 677 2149 731 iniecta
2172 678 2325 746 gleba
2348 685 2440 731 est.
2460 704 2529 715 ——-
2556 676 2695 729 venit

493 759 546 810 si
565 774 659 811 vos
683 756 1010 811 Turnebus:
1045 756 1226 810 usibus
1250 755 1312 811 C.
1333 788 1402 797 —
1418 766 1470 810 ct
1493 756 1572 809 Ίῖ.
1609 772 1726 821 usu,
1754 762 1811 807 ut
1826 754 2029 807 humati
2041 752 2255 808 Moser:
2270 754 2481 823 penitus
2496 754 2695 807 humati

495 834 832 889 Coruncanio
868 828 1138 887 Orellius:
1190 840 1241 885 et
1281 835 1356 888 hii
1386 850 1574 887 corun·
1611 829 1675 899 O,
1696 831 1917 900 ponitur
1942 839 2000 884 ut
2025 831 2223 884 humati
2248 830 2563 901 Turnebus,
2592 846 2691 883 usu

493 911 643 964 cario
671 910 740 978 B,
777 918 826 964 et
851 911 1156 964 toruncario
1181 908 1268 979 H,
1305 919 1354 963 et
1385 926 1574 963 corun-
1613 908 1769 975 venit,
1824 915 1881 960 ut
1927 906 2129 960 humati
2174 905 2245 960 Τ.
2279 926 2352 949 -·-
2394 915 2693 961 contexerat

497 988 646 1041 cario
672 986 727 1039 A
753 986 879 1058 (sed
905 996 954 1040 et
979 1004 1146 1041 corun
1175 984 1234 1038 in
1260 983 1498 1056 rasura),
1529 994 1578 1037 et
1611 982 1967 1054 Feldhuegel
2018 988 2077 1038 et
2126 981 2385 1055 Madvig:
2454 992 2697 1038 conterat

499 1063 836 1117 Coruncanio
871 1062 986 1117 alii.
1020 1091 1095 1103 —-
1126 1064 1344 1133 itemque
1377 1060 1574 1115 Manu·
1611 1059 1878 1128 A1B1H2‚
1943 1069 2171 1115 conteret
2220 1058 2331 1129 H1‚
2395 1069 2691 1129 conteyerat

495 1139 638 1193 tius:
671 1140 906 1209 idemque
931 1139 993 1195 C.
1013 1170 1082 1180 —
1111 1157 1288 1194 omnes
1313 1138 1576 1193 heredibus
1611 1136 1780 1206 A2B2,
1810 1146 2098 1207 conteyeret
2125 1138 2253 1193 edd.
2282 1168 2351 1177 —
2374 1138 2431 1191 in
2460 1154 2522 1191 os
2539 1136 2689 1191 *Tur-

495 1215 559 1272 C.
587 1216 610 1287 {l
632 1221 717 1271 53.
735 1216 928 1287 quidsi
939 1216 1078 1285 AH,
1107 1216 1264 1289 quisi
1274 1217 1340 1271 B.
1358 1216 1577 1269 -iuris
1609 1215 1819 1270 nebus:
1853 1215 1909 1268 in
1946 1232 2035 1268 eos
2060 1212 2123 1270 C.
2144 1244 2201 1255 --
2238 1217 2467 1269 tumulus
2500 1218 2576 1281 [et
2600 1216 2692 1268 ku-

497 1296 731 1347 consulto
758 1292 822 1349 O.
840 1322 911 1337 —
928 1294 1038 1363 ipse
1063 1296 1272 1349 munius
1298 1293 1429 1363 AB,
1467 1294 1576 1363 ipse
1610 1302 1783 1347 matus
1810 1302 1887 1346 est
1910 1310 1975 1345 ea:
1987 1292 2165 1363 yleba]
2196 1302 2413 1346 vocatur
2439 1290 2690 1348 Vahlen:

495 1384 682 1424 munus
716 1368 790 1425 H.
817 1400 889 1413 —
914 1372 1212 1441 superiores
1247 1368 1574 1425 Turnebus:
1611 1369 1821 1425 mulis
1847 1378 1895 1423 et
1918 1370 2157 1424 humatus
2182 1379 2257 1424 eat
2280 1378 2333 1423 et
2351 1369 2509 1439 yleba
2532 1387 2691 1424 uoca-

494 1464 652 1519 super
687 1446 804 1502 OT.
845 1478 911 1489 —
943 1451 1190 1521 quicquid
1219 1449 1293 1505 0:
1328 1465 1418 1518 qut
1452 1447 1578 1517 quid
1609 1446 1817 1503 tur-AB
1844 1447 1970 1520 (sed
1996 1447 2201 1517 partim
2230 1446 2287 1499 in
2304 1444 2553 1517 rasura),
2584 1454 2692 1500 tum

495 1540 622 1579 eum
658 1522 912 1580 Manutio
949 1525 1018 1580 Τ.
1037 1554 1108 1570 ·-
1123 1527 1273 1583 sacri
1306 1524 1368 1582 C.
1387 1555 1458 1567 --
1474 1526 1572 1592 ius,
1608 1535 1659 1579 et
1690 1526 1797 1579 illis
1830 1527 2070 1579 humatus
2102 1532 2179 1579 est
2211 1532 2260 1577 et
2290 1524 2445 1594 yleba
2470 1533 2693 1579 uocatur

492 1610 569 1655 set
602 1600 887 1655 Halmius:
924 1603 1006 1657 ius
1025 1613 1073 1658 et
1097 1604 1160 1661 O.
1188 1636 1261 1647 —
1283 1622 1392 1657 non
1425 1610 1571 1669 esset,
1608 1602 1685 1672 H,
1715 1604 1957 1669 tumulus,
1984 1603 2077 1656 ubi
2089 1603 2329 1655 humatus
2347 1611 2438 1670 est,
2464 1620 2529 1657 ea:
2540 1604 2693 1672 yleba

493 1680 594 1731 etsi
605 1678 652 1731 is
674 1678 780 1732 Ed.
799 1677 1091 1736 Huschke.
1110 1710 1180 1722 —
1195 1684 1363 1753 quod]
1384 1698 1490 1752 quo
1508 1676 1569 1733 O.
1608 1689 1827 1734 vocatur
1852 1695 1981 1733 eum
1996 1676 2285 1749 Madvigio
2300 1676 2372 1732 T.
2389 1708 2463 1719 -
2477 1689 2692 1733 necatus

495 1782 562 1795 --
597 1754 917 1824 Lacunam,
973 1772 1120 1825 quae
1171 1757 1322 1812 inter
1361 1774 1471 1810 non
1515 1759 1576 1809 et
1610 1755 1748 1810 dett.
1776 1753 2016 1824 aliquot:
2042 1763 2263 1808 uocatus
2286 1752 2352 1809 O.
2378 1784 2451 1797 -
2474 1756 2531 1810 in
2555 1760 2695 1812 mari

494 1832 700 1883 doctum
743 1830 804 1884 in
849 1831 1106 1886 omnibus
1149 1833 1316 1887 codd.
1355 1838 1468 1900 est,
1506 1848 1575 1886 ex
1601 1833 1871 1903 proiectus
1900 1848 2015 1885 esse
2047 1830 2110 1886 C.
2130 1860 2197 1873 —-·
2222 1833 2365 1902 quod
2386 1837 2487 1899 os}
2508 1843 2693 1904 quotos

494 1906 784 1961 Plutarchi
811 1913 1052 1977 quaestt.
1079 1909 1241 1963 Rom.
1269 1928 1324 1980 p.
1348 1914 1465 1962 114.
1484 1908 1573 1963 ed.
1611 1907 1673 1964 O.
1692 1938 1763 1949 --
1778 1917 1959 1963 extare
1984 1906 2047 1963 O.
2068 1938 2136 1949 —-·
2154 1917 2287 1962 esset
2314 1926 2359 1963 c.
2388 1906 2449 1964 O.
2470 1940 2543 1953 -
2566 1928 2690 1964 con-

494 1984 680 2055 wytt.
733 1983 980 2055 explevit
1027 1984 1356 2041 Lambinus.
1411 1988 1432 2055 ΙΙ
1487 1990 1572 2039 54.
1609 1995 1835 2040 tractam
1868 1994 1917 2040 et
1950 1984 2263 2040 Mereerus:
2309 1996 2575 2041 contracet
2613 1987 2688 2055 H,

493 2063 690 2117 Accius
706 2060 791 2115 H:
818 2063 988 2117 actius
1001 2062 1124 2130 AB,
1154 2064 1332 2118 Attius
1348 2062 1418 2117 Τ.
1439 2092 1510 2104 --
1526 2063 1578 2115 si
1608 2073 1893 2118 contr-acen
1910 2063 2041 2132 AB,
2071 2071 2397 2116 contractam
2418 2062 2533 2117 alii.
2553 2094 2623 2105 -—
2640 2074 2688 2119 et

489 2139 574 2192 hic
615 2138 880 2193 december
913 2137 976 2193 C.
1013 2170 1081 2181 -
1117 2143 1416 2195 adiunctum
1459 2139 1569 2194 del.
1599 2158 1769 2211 porco
1784 2140 1983 2207 femina
1992 2141 2265 2211 piaculum
2274 2139 2397 2209 pati
2412 2138 2486 2195 0:
2510 2149 2625 2211 etp.
2644 2142 2687 2211 f.

490 2214 671 2270 Bake.
707 2216 728 2287 fl
768 2220 853 2269 55.
889 2224 1040 2270 entra
1073 2235 1232 2273 sacra
1266 2234 1572 2289 quemquam
1599 2219 1875 2288 piaculum
1900 2218 2207 2287 faciundum
2235 2216 2307 2270 de
2323 2214 2538 2272 Halmii
2557 2235 2688 2273 con·

489 2292 686 2359 inferri
707 2290 886 2347 Bake.
903 2322 974 2333 —
992 2296 1200 2364 papilia
1225 2293 1438 2349 A2BH:
1470 2310 1570 2363 po-
1605 2295 1823 2350 iectura
1849 2294 1930 2364 '1¹3
1968 2293 2158 2365 spuria
2192 2310 2315 2349 esse
2340 2293 2481 2349 haee
2514 2297 2689 2352 verba

485 2372 640 2440 pulia
655 2371 752 2439 A1‚
773 2372 1004 2440 Popillia
1022 2371 1174 2425 T.-
1187 2381 1295 2425 tam
1311 2372 1572 2426 denicales
1605 2372 1993 2428 indicaverunt
2027 2371 2267 2427 Rathius
2314 2376 2373 2425 et
2405 2370 2688 2429 Feldhue-

490 2446 916 2503 Raneonnetus:
938 2450 1200 2503 tandeiica
1218 2448 1440 2517 lea-AH,
1463 2458 1570 2502 tam
1605 2450 1718 2521 gel.
1746 2450 1767 2521 ΙΙ
1790 2456 1874 2505 58.
1886 2451 2159 2521 pontificio
2186 2450 2317 2503 iuris
2344 2457 2393 2501 et
2408 2466 2605 2519 quaero
2623 2450 2687 2506 C.

487 2526 678 2579 delicta
705 2527 791 2579 lea:
806 2525 872 2579 B.
893 2555 962 2566 —
979 2528 1205 2582 resident
1219 2525 1486 2580 Davisius
1514 2530 1572 2581 et
1603 2556 1677 2567 —
1700 2529 2006 2597 ecquidnam
2042 2525 2225 2579 Aldus
2260 2524 2577 2581 Manutius:
2614 2538 2686 2583 ct-

489 2600 849 2671 Marquardt:
885 2602 1176 2657 recidentur
1194 2601 1258 2672 C,
1285 2605 1325 2673 †
1343 2604 1568 2657 residen-
1603 2604 1855 2675 quidnam
1872 2601 2077 2671 A2BH,
2104 2604 2353 2673 quidnam
2371 2603 2525 2658 AlT.
2546 2634 2613 2646 -
2631 2606 2686 2659 in

491 2687 578 2731 tur
593 2678 664 2732 Τ.
684 2708 748 2717 --·
769 2681 851 2733 ius
867 2690 944 2733 est
959 2689 1016 2733 ut
1033 2679 1372 2735 Lambinus:
1407 2682 1488 2733 ius
1513 2690 1570 2733 ut
1605 2678 1873 2734 duodecim
1898 2679 2033 2733 BH:
2072 2681 2129 2733 in
2156 2681 2424 2735 duodecim
2446 2682 2595 2736 milia
2611 2683 2683 2751 A,

487 2753 608 2808 GT.
647 2784 716 2795 --
749 2755 915 2823 ipsius
957 2754 1068 2810 Th.
1112 2756 1448 2812 Mommsen:
1503 2775 1569 2810 ne
1603 2759 1661 2811 in
1686 2759 1954 2811 duodecim
1983 2757 2175 2810 tabulis
2203 2756 2270 2813 T.
2290 2788 2360 2799 —
2380 2760 2687 2828 Popucolae

488 2831 654 2898 ipsius
686 2828 749 2896 O,
784 2848 949 2900 neque
982 2833 1146 2900 ipsius
1181 2833 1297 2887 alii.
1332 2863 1403 2873 -—
1437 2836 1574 2887 Lari
1604 2833 1943 2888 Lambinus:
1972 2834 2309 2904 populicolae
2334 2834 2469 2905 BH,
2506 2837 2685 2891 Publi-

491 2904 830 2959 Lambinus:
848 2908 962 2960 lare
980 2905 1042 2963 C.
1061 2938 1128 2949 -—
1147 2910 1440 2963 verbecibus
1458 2909 1568 2964 del.
1604 2912 1755 2965 colae
1777 2908 1887 2964 AT
1926 2909 2049 2981 (sed
2069 2910 2123 2964 A
2148 2910 2366 2966 litteras
2385 2912 2495 2983 pub
2511 2912 2687 2969 habet

489 2980 860 3053 Feldhuegel.
877 3013 948 3024 --
964 2993 1212 3039 resectum
1233 2996 1377 3040 terra
1386 2985 1568 3041 Patri·
1603 2987 1665 3041 in
1680 2986 1916 3059 rasura).
1939 3016 2007 3027 ·--
2022 2988 2219 3056 legibus
2234 3006 2343 3042 non
2356 2991 2522 3043 secuti
2534 2989 2597 3045 G.
2615 3020 2687 3031 -—

489 3058 637 3113 eius:
682 3060 926 3113 reiectum
967 3068 1140 3114 terrac
1186 3059 1258 3131 C,
1304 3073 1568 3134 exceptum
1604 3067 1697 3119 sed
1710 3073 1768 3117 ut
1784 3066 1841 3117 in
1857 3061 2117 3135 Madvig:
2143 3062 2305 3119 sedin
2323 3063 2385 3120 O.
2408 3096 2473 3107 -·-
2491 3068 2686 3121 nostris

486 3145 636 3189 terra
661 3150 788 3190 cum
815 3134 1082 3191 Turnebo
1109 3136 1180 3193 T.
1207 3140 1226 3208 ΙΙ
1253 3145 1336 3193 56.
1365 3157 1431 3193 ac
1448 3137 1568 3194 Ma·
1603 3139 2681 3199 extraG.-scr.iaminaTurnebus:scr-.

486 3211 704 3267 nutius:
739 3215 812 3267 ad
845 3213 984 3283 ΑΗ,
1013 3224 1070 3269 at
1097 3213 1166 3268 B.
1185 3246 1255 3257 -·-
1283 3217 1567 3285 operimen-
1603 3217 2408 3288 minaB1H,scr.dominaAl32,
2427 3223 2681 3291 acrei-do-

482 3299 594 3343 tum
613 3288 675 3345 G.
694 3321 763 3332 ·—
779 3292 836 3345 in
853 3308 913 3344 eo
931 3292 1170 3361 sepulcro
1191 3290 1264 3347 0:
1301 3294 1462 3365 tofino
1490 3311 1567 3347 se·
1602 3296 1748 3349 mina
1760 3294 1840 3364 T:
1868 3295 2069 3349 lamina
2077 3294 2187 3350 del.
2200 3295 2522 3351 Vahlen.-—
2540 3300 2685 3351 aedis

480 3369 672 3437 pulcro
689 3366 964 3439 Madvigii
992 3368 1222 3438 amicus,
1253 3370 1292 3437 †
1317 3370 1374 3423 in
1401 3387 1462 3423 eo
1488 3386 1566 3424 se·
1601 3369 2080 3439 haecdedicarcC.ss
2106 3374 2687 3445 59.lamentationicque

481 3444 672 3514 pulcro
699 3443 767 3499 T.
785 3474 855 3486 —
883 3448 1024 3515 quod
1046 3447 1189 3500 haud
1216 3448 1410 3516 procul
1443 3464 1478 3501 a
1504 3448 1564 3501 F.
1599 3448 1839 3517 funebris
1864 3446 2156 3503 Davisius:
2191 3449 2683 3521 lamentationesque

481 3538 589 3575 ara
615 3530 691 3575 est
707 3520 777 3575 A.
799 3518 870 3577 G.
893 3521 1126 3593 Zumpt:
1159 3525 1303 3595 quod
1319 3526 1514 3593 procul
1531 3542 1566 3579 a
1599 3523 1809 3593 fimet-is
1825 3522 1887 3579 C.
1908 3524 2159 3578 —tribue
2176 3554 2200 3565 -
2218 3554 2242 3567 ·
2262 3526 2552 3581 tibicinibus
2570 3528 2679 3584 del.

485 3597 649 3665 fontis
673 3615 802 3653 aras
819 3596 891 3666 0,
921 3601 1062 3671 quod
1075 3603 1271 3671 procul
1297 3602 1368 3654 ad
1383 3600 1566 3655 Fontis
1600 3601 1877 3655 Halmius.
1899 3630 1967 3643 -
1984 3610 2033 3655 ct
2046 3602 2227 3656 uincla
2244 3602 2380 3655 AH:
2416 3613 2465 3657 et
2489 3606 2685 3659 uimcla

482 3692 616 3728 aras
633 3674 748 3731 alii.
765 3704 836 3716 ·—-·
851 3692 960 3730 esse
977 3694 1140 3731 unam
1155 3677 1308 3747 B1H,
1339 3679 1566 3732 esse-leu-
1596 3678 1667 3747 Β,
1696 3688 1747 3732 et
1762 3678 1948 3732 uinclis
1966 3676 2081 3747 alii,
2112 3687 2161 3732 et
2179 3680 2343 3733 clavis
2361 3679 2677 3749 Turnebus,

485 3760 683 3804 matam
698 3751 848 3822 AB',
869 3752 1034 3807 sedA
1050 3754 1256 3824 partim
1274 3756 1333 3809 in
1350 3770 1562 3811 rasura.
1599 3772 1719 3809 cum
1743 3756 1905 3810 clavis
1930 3754 2237 3811 Rubenius.
2256 3787 2327 3798 —-
2340 3774 2507 3826 qenus
2527 3757 2681 3824 fune-

485 3844 730 3897 —quam
755 3830 964 3899 sapiens
983 3828 1058 3885 C:
1093 3848 1252 3901 quam
1277 3834 1330 3885 si
1351 3842 1458 3886 tam
1474 3850 1563 3887 aa·
1598 3834 1692 3887 ris.
1745 3834 1933 3887 laelius
1976 3831 2038 3887 G.
2079 3864 2145 3875 —·-
2180 3844 2346 3889 morte
2387 3832 2677 3888 Halmius:

479 3903 632 3973 piens
650 3902 775 3959 edd.
821 3904 1090 3963 Lacunae
1107 3907 1328 3979 signum
1349 3907 1566 3964 addidit
1596 3919 1815 3963 mortem
1840 3909 1971 3979 AB,
1999 3912 2055 3963 in
2081 3920 2297 3965 mortem
2324 3910 2408 3979 H,
2439 3910 2495 3965 in
2512 3921 2680 3966 morte

483 3978 760 4036 Halmius.
785 3983 805 4051 ΙΙ
831 3988 915 4037 57.
945 3985 1129 4039 timens
1152 4002 1220 4040 ne
1244 4004 1286 4039 s.
1317 4004 1360 4040 c.
1385 3995 1565 4056 posset
1598 3986 1727 4042 edd.
1752 3989 1771 4057 ΙΙ
1798 3992 1881 4042 60.
1900 3988 2021 4041 item
2037 3986 2276 4055 funebri:
2294 3989 2513 4060 aquibus
2530 3986 2678 4043 0.—

485 4054 822 4113 Lambinus:
859 4060 1042 4115 timens
1065 4078 1108 4117 s.
1137 4078 1183 4117 c.
1203 4072 1384 4134 posset
1410 4062 1472 4133 C,
1500 4064 1562 4118 ti·
1597 4065 1655 4118 in
1680 4064 1899 4135 leyibuc:
1936 4064 2139 4121 servilis
2162 4074 2391 4121 unctura
2418 4063 2677 4125 Goerena
