3292 4559
928 283 1034 339 DE
1068 282 1395 341 DEORUM
1429 240 1837 347 NATURA-1.
1872 282 2113 340 22—27.
2470 271 2549 335 11

489 431 639 473 mas·
671 406 964 493 regiones
1006 405 1454 471 inhabitabilis.
1473 416 1667 489 atque
1708 404 1980 470 incultas
2016 404 2305 470 videmus
2316 453 2335 482 ,
2380 407 2555 489 quod

490 521 648 589 pars
681 524 898 567 earum
944 500 1217 584 adpulsu
1252 500 1401 563 solis
1439 499 1775 576 exarserit,
1827 520 1975 583 pars
2014 498 2364 585 obriguerit
2406 499 2557 563 nive

490 597 854 682 pruinaque
889 594 1239 679 longinquo
1277 594 1426 658 solis
1464 595 1795 670 abscessu3
1833 614 2019 676 quae,
2058 592 2113 657 si
2144 592 2421 657 mundus
2459 601 2557 657 est

493 692 686 767 deus,
741 689 1044 771 quoniam
1086 688 1310 752 mundi
1353 700 1564 773 partes
1611 698 1788 763 sunt,
1844 687 1950 752 dei
1992 687 2280 751 membra
2323 687 2556 772 partim

494 785 815 861 ardentia,
852 785 1084 870 partim
1119 784 1496 869 refrigerata
1531 784 1803 848 dicenda
1838 793 2005 847 sunt.

627 880 848 961 Atque
895 879 1054 942 haec
1099 877 1359 961 quidem
1407 887 1648 953 vestra,
1694 876 1939 953 Lucili3
1986 876 2200 961 qualia
2243 896 2395 943 vero
2433 878 2559 942 alia
2598 897 2651 938 25

497 974 649 1047 sint,
687 974 770 1036 ab
805 972 1028 1037 ultimo
1063 982 1348 1055 repetam
1385 970 1801 1056 superiorum.
1886 970 2123 1035 Thales
2158 970 2328 1035 enim
2362 971 2557 1037 Mile-

495 1065 662 1142 sius,
699 1065 809 1147 qu‘i
843 1065 1086 1149 primus
1123 1066 1202 1129 de
1237 1064 1472 1129 talibus
1507 1064 1699 1130 rebus
1736 1063 2078 1147 quaesivit,
2124 1086 2361 1147 aquam
2394 1064 2557 1129 dixit

497 1183 641 1226 esse
677 1160 927 1225 initium
962 1182 1203 1236 rerum,
1251 1161 1442 1225 deum
1488 1170 1703 1224 autem
1740 1182 1883 1225 eam
1919 1168 2228 1237 mentem,
2274 1181 2439 1244 quae
2474 1179 2559 1224 ex

498 1276 671 1338 aqua
715 1265 948 1319 cuncta
991 1254 1277 1340 fingeret.
1312 1267 1326 1278 ’“
1367 1254 1424 1317 31
1473 1253 1538 1317 (11
1580 1264 1851 1339 possunt
1892 1276 2033 1318 esse
2076 1253 2213 1318 sine
2256 1274 2449 1318 sensu
2493 1263 2559 1317 et

495 1359 744 1426 mente,
795 1362 1052 1416 mentem
1115 1370 1228 1413 cur
1289 1370 1494 1433 aquae
1531 1348 1888 1413 0adiunxit?
1940 1352 2144 1413 'menti
2202 1360 2401 1413 autem
2454 1372 2560 1411 οων

499 1466 728 1529 aquam
763 1444 1062 1517 adiunoeit,
1099 1442 1154 1507 31
1187 1444 1329 1527 ipsa
1362 1466 1544 1507 mens
1580 1454 1869 1508 constare
1904 1453 2113 1528 potest
2147 1461 2383 1509 vacans
2420 1464 2559 1507 cor-

495 1538 692 1623 pore?
745 1538 1214 1602 Anaximandri
1259 1550 1474 1604 autem
1509 1538 1723 1625 opinio
1772 1550 1867 1604 est
1912 1538 2161 1604 nativos
2200 1561 2339 1604 esse
2384 1538 2558 1615 deos,

495 1632 708 1716 longis
743 1632 1088 1697 intervallis
1135 1632 1393 1697 orientis
1430 1634 1933 1718 occidentisque,
1988 1654 2223 1717 eosque
2267 1633 2561 1718 innume-

496 1725 718 1791 rabilis
771 1749 910 1791 esse
965 1727 1254 1790 mundos.
1345 1727 1459 1791 sed
1510 1748 1626 1791 nos
1682 1728 1877 1791 deum
1926 1726 2051 1791 nisi
2103 1728 2561 1812 sempiternum

498 1820 868 1905 intellegere
915 1821 1025 1902 qui
1067 1822 1448 1903 possumus?
1501 1832 1645 1905 post
1689 1821 2127 1886 Anaximenes
2172 1828 2323 1885 aera
2366 1820 2559 1885 deum
2601 1842 2654 1880 26

501 1916 722 1978 statuit
769 1934 1046 1993 eumque
1087 1913 1272 1997 gigni
1317 1934 1584 1995 esseque
1631 1914 1991 1978 inmensum
2039 1924 2104 1978 et
2142 1913 2461 1977 infinitum
2496 1924 2559 1977 et

501 1992 754 2090 semper
787 2006 859 2069 in,
888 2016 1097 2068 motu:
1134 2006 1318 2087 quasi
1354 2018 1466 2069 aut
1501 2010 1610 2070 aer
1645 2006 1781 2069 sine
1817 2006 1951 2069 ulla
1984 2006 2190 2069 forma
2224 2004 2383 2069 deus
2418 2028 2559 2070 esse

501 2100 733 2185 possit,
787 2120 934 2163 cum
967 2098 1342 2184 praesertim
1379 2099 1570 2163 deum
1603 2121 1735 2166 non
1768 2099 1959 2163 modo
1997 2098 2229 2183 aliqua,
2266 2098 2381 2163 sed
2415 2097 2559 2183 pul-

503 2192 816 2258 cherrima
849 2191 1061 2277 specie
1098 2192 1324 2258 deceat
1358 2215 1528 2270 esse,
1565 2203 1679 2259 aut
1711 2214 1843 2257 non
1878 2215 2094 2270 omne,
2140 2192 2316 2277 quod
2350 2205 2559 2264 ortum

504 2288 606 2365 sit,
641 2286 991 2351 mortalitas
1025 2298 1472 2371 consequatur.
1559 2287 1711 2353 inde
1747 2288 2195 2373 Anaxagorae,
2230 2287 2344 2371 qui
2380 2309 2559 2352 acce-
2594 2306 2660 2359 11

501 2382 598 2467 pit
649 2381 730 2445 ab
774 2380 1178 2447 Anaximene
1231 2381 1660 2465 disciplinam,
1713 2382 1957 2465 primus
2010 2381 2296 2445 omnium
2347 2403 2561 2446 rerum

503 2474 976 2561 discriptionem
1010 2486 1075 2539 et
1105 2487 1352 2540 motum
1386 2476 1615 2540 mentis
1652 2476 1933 2539 infinitae
1970 2474 2035 2539 v'i
2070 2494 2144 2539 ac
2179 2474 2423 2539 ratione
2451 2474 2562 2538 de-

505 2570 758 2655 signari·
777 2580 842 2633 et
877 2570 1104 2635 confici
1148 2570 1377 2646 voluit3
1431 2569 1499 2633 in
1533 2590 1661 2651 quo
1709 2591 1839 2632 non
1874 2567 2041 2632 vidit·
2070 2589 2279 2651 neque
2314 2577 2562 2633 motum

507 2663 720 2728 sensui
778 2663 1070 2727 iunctum
1123 2674 1188 2727 et
1247 2663 1675 2728 continentem
1735 2662 1804 2729 in
1864 2660 2111 2727 infinito
2164 2662 2369 2725 ullum
2421 2682 2561 2725 esse

505 2779 720 2842 posse,
754 2778 962 2841 neque
997 2778 1254 2821 sensum
1290 2757 1576 2833 omnino,
1613 2778 1743 2840 quo
1777 2778 1907 2820 non
1930 2755 2082 2840 -1933
2114 2764 2343 2818 natura
2376 2753 2567 2838 911133·

509 2852 786 2917 sentiret.
875 2851 1133 2927 deinde,
1179 2851 1232 2914 si
1266 2861 1548 2915 mentem
1583 2850 1773 2914 istam
1810 2850 1995 2933 quasi
2031 2849 2266 2913 animal
2304 2847 2561 2931 aliquod

508 2946 710 3009 voluit
745 2967 913 3021 esse,
951 2943 1068 3007 erit
1103 2944 1345 3026 aliquid
1378 2944 1665 3019 interius,
1702 2964 1783 3008 ex
1818 2965 1947 3026 quo
1981 2943 2141 3007 illud
2174 2937 2412 3005 animal
2444 2962 2561 3005 no-

509 3038 810 3103 minetur:
849 3037 1003 3120 quid
1039 3048 1253 3102 autem
1287 3038 1550 3103 interius
1586 3038 1837 3115 mente?
1874 3038 2169 3122 cingatur
2200 3036 2397 3121 igitur
2424 3057 2564 3100 cor·-

510 3154 660 3221 pore
697 3143 984 3198 externo:
1031 3132 1205 3216 quod
1240 3133 1541 3216 quoniam
1576 3155 1707 3197 non
1740 3131 1969 3217 placet,
2008 3145 2228 3217 aperta
2264 3132 2564 3218 simplex-
2606 3154 2657 3195 31

513 3250 636 3313 (1116
679 3250 860 3293 1116113
903 3226 1080 3291 1111113
1121 3247 1191 3291 re
1227 3226 1554 3302 adiuncta,
1607 3248 1738 3309 qua
1782 3226 2016 3291 sentire
2052 3227 2283 3311 possit,
2338 3226 2565 3311 fugere

511 3322 975 3408 intellegentiae
1008 3334 1260 3387 nostrae
1287 3323 1418 3387 vim
1454 3334 1519 3387 et
1553 3323 1877 3388 notionem
1902 3322 2173 3387 videtur.
2230 3320 2565 3387 Crotonia-

511 3426 604 3480 tes
639 3428 856 3482 autem
887 3418 1230 3494 Alcmaeo,
1278 3417 1404 3501 qui
1435 3415 1552 3481 soli
1588 3428 1652 3482 et
1694 3417 1885 3484 lunae
1920 3416 2307 3500 reliquisque
2343 3414 2566 3479 sideri-

513 3514 630 3577 bus
683 3511 1022 3594 animoque
1072 3522 1404 3595 praeterea
1455 3509 1852 3575 divinitatem
1915 3511 2119 3586 dedit,
2184 3530 2315 3573 non
2368 3508 2565 3573 sensit

515 3625 650 3672 sese
683 3604 1054 3670 mortalibus
1091 3606 1282 3670 rebus
1317 3605 1843 3671 inmortalitatem·
1874 3604 2046 3669 dare.
2076 3624 2081 3632 ·
2134 3624 2285 3667 nam
2317 3600 2565 3687 Pytha-

517 3720 728 3785 goras,
776 3698 889 3782 qui
923 3700 1168 3765 censuit
1203 3700 1486 3765 animum
1519 3722 1660 3765 esse
1704 3722 1820 3785 per
1853 3709 2145 3763 naturam
2178 3716 2393 3761 rerum
2428 3716 2567 3761 om-

515 3816 660 3858 nem
691 3793 1008 3869 intentum
1023 3804 1103 3881 ‘et
1139 3806 1627 3870 commeantem,
1684 3817 1765 3859 ex
1800 3814 1928 3877 quo
1961 3790 2162 3855 nostri
2196 3788 2390 3853 animi
2426 3810 2567 3853 car·-

515 3896 840 3971 perentur,
890 3908 1020 3960 non
1073 3886 1233 3954 vidit
1289 3888 1677 3954 detractione
1729 3886 2157 3950 humanorum
2201 3882 2564 3947 animorum

520 3980 785 4065 discerpi
826 3991 891 4045 et
941 3979 1208 4046 lacerari
1252 3982 1444 4047 deum
1489 3994 1581 4060 et,
1637 4002 1784 4045 cum
1831 3978 2045 4043 miseri
2090 3972 2287 4041 animi
2328 3986 2559 4053 essent,

524 4076 691 4155 quod
711 4074 1028 4161 plerisque
1055 4075 1466 4161 contingeret,
1503 4087 1641 4140 tum
1671 4073 1774 4139 dei
1799 4083 2045 4158 partem
2074 4093 2212 4137 esse
2234 4070 2562 4137 miseram=
