3292 4559
865 275 972 331 DE
1005 273 1333 334 DEORUM
1367 275 1695 334 NATURA
1725 275 1802 332 H.
1838 277 2081 334 87—91.
2416 265 2502 332 67

441 399 960 470 conversionibus
1002 420 1199 485 quam
1241 410 1536 468 naturam
1581 399 1653 465 in
1694 399 2047 468 efficiendis
2060 447 2079 479 ,
2125 401 2535 488 praesertim·

441 520 590 564 cum
624 496 840 562 multis
884 494 1174 581 partibus
1219 494 1348 560 sint
1389 495 1503 560 illa
1543 495 1833 581 perfecta
1866 517 2063 580 quam
2104 495 2267 564 haec
2301 495 2502 562 simu-

438 591 572 656 lata
615 590 952 655 sollertius.
1044 588 1223 673 atqui
1263 589 1373 656 ille
1415 590 1592 675 apud
1623 589 1903 656 Accium
1936 601 2185 676 pastor,
2229 591 2343 677 qui
2384 613 2515 672 naa¹
2542 613 2594 655 ss

437 707 586 750 vem
618 705 973 769 numquam
1001 694 1151 751 ante
1179 683 1463 762 vidisset,
1500 694 1573 749 ut
1597 685 1823 771 procul
1851 684 2138 750 divinum
2166 694 2232 751 et
2257 706 2500 752 novum

437 777 804 843 vehiculum
838 777 1370 864 Argonautarum
1405 799 1442 844 e
1474 789 1693 844 monte
1739 778 2097 865 conspexit,
2142 778 2352 866 primo
2387 778 2502 846 ad-

434 872 676 938 mirans
713 884 779 939 et
812 872 1183 959 perterritus
1217 872 1342 938 hoc
1375 873 1568 939 modo
1602 873 1916 958 loquiturz

1351 1017 1442 1030 -—
1472 995 1653 1050 tanta
1685 985 1887 1051 moles
1920 983 2160 1050 labitur

613 1077 1025 1144 fremibunda
1059 1099 1140 1143 ex
1174 1077 1305 1143 alto
1339 1078 1588 1164 ingenti
1623 1080 1838 1144 sonitu
1873 1089 1939 1146 et
1972 1078 2229 1164 spiritus

617 1193 771 1258 prae
807 1193 877 1237 se
911 1171 1120 1236 undas
1155 1171 1379 1248 volvit,
1411 1172 1683 1239 vertices
1718 1172 1785 1240 vi
1819 1172 2111 1250 suscitat3

613 1266 744 1331 ruit
776 1267 1077 1352 prolapsa
1084 1291 1105 1345 3
1139 1267 1412 1354 pelagus
1446 1267 1781 1354 respergit,
1816 1267 2019 1335 reflat.

608 1360 701 1427 ita
734 1360 892 1426 dum
922 1360 1352 1448 interruptum
1383 1359 1608 1428 credas
1642 1363 1939 1429 nimbum
1973 1361 2242 1440 volvier,

609 1453 767 1520 dum
802 1455 977 1540 quod
1011 1456 1285 1523 sublime
1321 1457 1526 1522 ventis
1563 1457 1907 1542 expulsum
1940 1457 2080 1544 rapi

607 1572 837 1616 saxum
870 1561 983 1615 aut
1017 1551 1312 1636 procellis
1348 1551 1452 1617 vel
1485 1550 1791 1637 globosos
1826 1551 2115 1618 turbines

607 1644 912 1712 exsistere
946 1645 1107 1710 ictos
1141 1645 1332 1710 undis
1368 1645 1929 1712 concursantibus:

607 1737 730 1803 nisi
765 1759 928 1822 quas
961 1737 1276 1804 terrestris
1310 1748 1546 1824 pontus
1581 1750 1830 1824 strages
1866 1740 2145 1818 conciet,

609 1842 720 1896 aut
753 1830 918 1896 forte
953 1831 1182 1896 Triton
1214 1831 1466 1896 fuscina
1501 1843 1795 1897 evertens
1830 1853 2059 1916 specus

611 1923 831 1990 subter
862 1921 1111 1988 radices
1144 1924 1400 2009 penitus
1433 1923 1703 1988 undanti
1736 1925 1807 1989 in
1838 1924 2003 1988 freto

610 2019 848 2083 molem
882 2039 964 2082 ex
997 2016 1318 2103 profundo
1351 2040 1614 2083 saxeam
1648 2018 1735 2083 ad
1768 2018 2017 2084 caelum
2054 2017 2261 2104 erigit.

433 2129 689 2197 dubitat
723 2128 951 2215 primo,
987 2150 1155 2212 quae
1189 2128 1272 2194 sit
1305 2151 1383 2195 ea
1416 2139 1677 2208 natura,
1723 2151 1919 2215 quam
1956 2128 2158 2196 cernit
2190 2128 2498 2214 ignotam,

435 2225 737 2309 idemque
770 2223 1109 2289 iuvenibus
1146 2223 1300 2288 visis
1335 2223 1683 2308 auditoque
1717 2224 1973 2290 nautico
2010 2234 2231 2290 cantu:

609 2335 701 2400 sic
735 2344 848 2400 aut
879 2333 1058 2400 inciti
1092 2345 1284 2419 atque
1321 2334 1563 2402 alacres
1596 2334 1819 2401 rostris
1852 2334 2249 2421 perfremunt

616 2428 920 2515 delphini.

434 2544 591 2609 item
627 2541 752 2608 alia
784 2541 1016 2607 multa:
1099 2608 1107 2614 ⁸

1926 2667 2017 2680 -—
2049 2632 2299 2701 Silvani
2331 2633 2499 2699 melo

609 2729 1002 2797 consimilem
1037 2729 1122 2794 ad
1155 2729 1328 2794 auris
1363 2738 1623 2794 cantum
1660 2737 1722 2794 et
1760 2727 2049 2792 auditum
2084 2725 2297 2793 refert.

439 2873 597 2936 ergo
632 2861 703 2914 ut
739 2849 845 2915 hic
889 2850 1098 2934 primo
1136 2860 1400 2936 aspectu
1445 2847 1801 2914 inanimum
1836 2847 2144 2934 quiddam
2178 2867 2499 2932 sensuque
2542 2870 2595 2911 90

440 2965 718 3011 vacuum
755 2965 825 3009 se
861 2953 1046 3028 putat
1082 2964 1370 3020 cernere,
1415 2953 1562 3028 post
1606 2952 1825 3008 autem
1859 2941 2069 3028 signis
2104 2941 2498 3018 certioribuS,

436 3037 631 3122 quale
667 3036 748 3100 sit
773 3035 862 3111 id,
899 3035 980 3100 de
1009 3057 1138 3121 quo
1165 3036 1587 3113 dubitaverat,
1623 3034 1847 3122 incipit
1872 3035 2201 3121 suspicari,
2238 3035 2331 3102 sic
2359 3035 2503 3122 phi-

438 3127 692 3216 losophi
735 3129 1124 3205 debuerunt,
1177 3129 1228 3194 si
1274 3130 1439 3194 forte
1486 3151 1598 3195 eos
1648 3130 1895 3216 primus
1938 3141 2235 3216 aspectus
2277 3129 2503 3197 mundi

441 3223 952 3302 conturbaverat,
988 3233 1232 3310 postea,
1268 3246 1414 3288 cum
1451 3223 1759 3290 vidissent
1790 3234 2002 3289 motus
2029 3223 2165 3289 eius
2198 3222 2413 3290 finitos
2438 3234 2503 3290 et
2575 3261 2581 3268 ·

437 3317 793 3404 aequabilis
829 3317 1170 3402 omniaque
1203 3317 1356 3382 ratis
1391 3317 1719 3383 ordinibus
1752 3318 2082 3385 moderata
2114 3318 2507 3384 inmutabili-

441 3435 568 3500 que
603 3413 989 3490 constantia,
1022 3413 1393 3498 intellegere
1427 3413 1636 3480 inesse
1671 3412 1951 3498 aliquem
1984 3435 2112 3478 non
2148 3413 2356 3478 solum
2390 3411 2505 3477 ha-

440 3509 779 3574 bitatorem
813 3507 880 3573 in
922 3506 1046 3572 hac
1091 3507 1349 3574 caelesti
1383 3529 1462 3572 ac
1495 3507 1715 3572 divina
1749 3507 1970 3586 domo,
2016 3507 2131 3573 sed
2176 3505 2369 3572 etiam
2402 3527 2507 3574 re-

439 3613 680 3668 ctorem
733 3612 798 3668 et
847 3602 1313 3670 moderatorem
1365 3612 1430 3668 et
1492 3613 1822 3686 tamquam
1873 3601 2291 3668 architectum
2342 3599 2505 3665 tanti

439 3696 652 3782 operis
697 3695 983 3778 tantique
1026 3695 1328 3764 muneris.
1414 3717 1588 3761 nunc
1631 3707 1847 3762 autem
1892 3694 2051 3760 mihi
2083 3693 2381 3760 videntur
2418 3714 2504 3759 ne
2538 3710 2607 3765 36

441 3789 756 3874 suspicari
790 3788 1078 3873 quidem,
1114 3801 1354 3874 quanta
1387 3789 1470 3855 sit
1504 3789 1964 3856 admirabilitas
2000 3787 2370 3855 caelestium
2402 3809 2505 3854 re-

442 3903 590 3948 rum
622 3893 816 3967 atque
851 3883 1262 3950 terrestrium.
1351 3885 1666 3971 principio
1701 3885 1872 3951 enim
1906 3893 2076 3949 terra
2111 3882 2233 3947 sita
2265 3882 2335 3946 in
2368 3904 2504 3948 me-
2544 3901 2599 3942 ει

445 3976 555 4044 dia
601 3990 784 4063 parte
843 3977 1067 4044 mundi
1127 3979 1515 4046 circumfusa
1574 3978 1861 4064 undique
1914 3989 2011 4044 est
2069 3977 2193 4044 hac
2243 3975 2505 4043 animali

441 4069 860 4158 spirabilique
903 4083 1160 4153 natura,
1215 4074 1318 4140 cui
1361 4095 1598 4141 nomen
1642 4085 1741 4142 est
1784 4077 1925 4151 ae'r,
1979 4070 2307 4140 Graecum
2340 4071 2505 4143 illud

2059 4172 2097 4228 ⁵
2116 4176 2141 4204 0
