3292 4559
809 0 846 73 s

694 85 812 320 s
970 328 982 332 -
1160 283 1365 341 CATO
1402 283 1654 340 MAIOR
1687 283 1896 340 8—13.
2181 289 2185 292 “
2427 273 2556 337 239

756 430 924 473 unus
958 407 1151 472 homo
1186 407 1369 472 nobis
1406 407 1765 472 cunctando
1799 405 2072 471 restituit
2105 429 2271 485 rem3

756 523 1035 568 noenum
1072 523 1358 566 rumores
1394 501 1676 588 ponebat
1710 511 1858 566 ante
1893 501 2192 565 salutem:

738 617 913 683 -ergo
947 605 1218 682 postque
1252 597 1590 682 magisque
1626 595 1748 660 viri
1782 617 1957 661 nunc
1991 595 2202 682 gloria
2223 596 2452 663 claret.

500 693 855 758 Tarentum
887 713 1043 757 vero
1078 712 1209 775 qua
1243 691 1594 777 vigilantia,
1631 712 1762 775 quo
1799 689 2063 756 consilio
2097 691 2366 777 recepit!
2407 713 2557 758 cum
2584 713 2634 752 11
2672 696 2678 704 '

500 787 760 871 quidem
793 809 898 854 me
933 784 1234 851 audiente
1272 783 1637 862 Salinatori,
1675 784 1787 868 qui
1822 785 2059 851 amisso
2095 785 2332 871 oppido
2367 785 2557 873 fuge-

500 894 597 946 rat
647 882 715 946 in
770 903 1013 959 arcem,
1072 879 1374 966 glorianti
1426 891 1620 964 atque
1674 881 1765 944 ita
1815 878 2052 944 dicenti
2116 887 2292 945 ‘mea
2342 903 2557 968 opera,

316 989 327 1334 D
500 974 744 1056 Quinte
786 975 983 1050 Fabi,
1029 973 1382 1040 Tarentum
1414 972 1762 1058 recepisti,'
1808 972 2049 1050 ‘certe,'
2093 973 2303 1056 inquit
2345 974 2559 1038 ridens

500 1084 700 1145 mam,
736 1069 860 1134 nisi
892 1079 967 1133 tu
1001 1067 1341 1144 amisisseS,
1375 1088 1732 1151 numquam
1768 1067 2197 1152 recepissem.'
2249 1089 2370 1134 nec
2405 1089 2558 1132 vero

499 1165 566 1228 in
603 1162 795 1228 armis
845 1163 1267 1249 praestantior
1311 1183 1507 1248 quam
1539 1161 1609 1226 in
1653 1172 1836 1246 toga3
1884 1161 2000 1245 qui
2040 1162 2262 1226 consul
2306 1161 2559 1238 iterum,

502 1257 617 1343 Sp.
658 1254 941 1323 Carvilio
978 1259 1227 1369 collega
1260 1258 1659 1342 quiescente,
1697 1254 1777 1322 O.
1813 1255 2134 1321 Flaminio
2177 1255 2435 1322 tribuno
2468 1257 2558 1365 pl.

500 1352 715 1436 quoad
747 1352 956 1438 potuit
988 1353 1221 1419 restitit
1255 1375 1483 1438 agrum
1508 1351 1844 1422 Picentem
1879 1361 1943 1418 et
1965 1349 2289 1418 Gallicum
2323 1349 2560 1416 viritim

504 1459 724 1512 contra
784 1459 1040 1514 senatus
1106 1449 1545 1514 auctoritatem
1610 1446 1969 1559 dividentia
2019 1468 2356 1533 augurque
2410 1466 2558 1512 cum

500 1552 698 1619 esset,
752 1542 963 1609 dicere
1015 1565 1211 1609 ausus
1264 1555 1361 1609 est
1405 1543 1659 1629 optimis
1705 1542 2005 1629 auspiciis
2051 1565 2130 1608 ea
2169 1543 2337 1628 geri,
2391 1562 2560 1625 quae

501 1659 616 1722 pro
652 1637 747 1703 rei
779 1637 1077 1723 publicae
1112 1639 1318 1704 salute
1350 1649 1755 1724 gererentur3
1801 1659 1969 1721 quae
2005 1648 2226 1703 contra
2259 1658 2396 1700 rem
2438 1658 2560 1720 pu-

500 1733 736 1796 blicam
788 1732 1134 1808 ferrentur,
1198 1743 1421 1808 contra
1480 1732 1768 1816 auspicia
1829 1731 2000 1795 ferri.
2107 1730 2309 1796 multa
2359 1729 2430 1793 in
2481 1748 2558 1794 eo
2586 1755 2636 1792 12

502 1827 639 1890 viro
675 1825 1005 1908 praeclara
1039 1825 1339 1910 cognovi,
1378 1825 1493 1890 sed
1526 1824 1684 1888 nihil
1723 1823 2162 1888 admirabilius
2197 1844 2394 1906 quam
2429 1845 2557 1907 quo

500 1918 693 1984 modo
726 1917 835 1982 ille
868 1929 1141 1982 mortem
1183 1917 1299 1980 filii
1333 1919 1509 1994 tulit,
1556 1917 1712 1982 clari
1747 1916 1866 1981 viri
1902 1926 1967 1981 et
2002 1916 2372 1981 consularis.
2463 1926 2562 1981 est

500 2015 569 2076 in
604 2010 901 2076 manibus
934 2011 1248 2086 laudatio,
1285 2032 1480 2094 quam
1516 2032 1666 2076 cum
1698 2010 2005 2096 legimus,
2051 2031 2245 2094 quem
2278 2009 2561 2095 philoso-

502 2104 704 2190 phum
756 2126 885 2169 non
938 2104 1445 2172 contemnimus?
1506 2127 1625 2170 nec
1679 2126 1831 2170 vero
1881 2103 1989 2170 ille
2049 2105 2120 2168 in
2169 2105 2314 2169 luce
2367 2103 2557 2168 modo

504 2210 695 2282 atque
730 2199 799 2263 in
834 2199 1036 2264 oculis
1072 2199 1309 2266 civium
1344 2222 1638 2286 magnus,
1677 2199 1792 2264 sed
1831 2199 2003 2264 intus
2040 2199 2338 2283 domique
2372 2221 2563 2284 prae·

503 2292 787 2357 stantior.
877 2293 991 2378 qui
1024 2315 1263 2370 serm0,
1300 2315 1467 2378 quae
1500 2292 1871 2380 praecepta!
1909 2305 2152 2377 quanta
2185 2293 2410 2358 notitia
2444 2316 2560 2358 an-

502 2388 832 2470 tiquitatis,
886 2388 1152 2454 scientia
1212 2389 1366 2454 iuris
1430 2388 1713 2474 augurii!
1785 2389 2025 2454 multae
2080 2389 2304 2468 etiam,
2368 2398 2440 2452 ut
2490 2389 2560 2453 in

500 2482 757 2548 homine
791 2483 1119 2562 Romano,
1172 2484 1446 2550 litterae:
1502 2484 1717 2549 omnia
1749 2483 2058 2549 memoria
2091 2483 2382 2562 tenebat,
2427 2505 2565 2548 non·

502 2577 849 2644 domestica
876 2581 1103 2656 solum,
1140 2579 1254 2645 sed
1290 2579 1482 2646 etiam
1506 2589 1770 2644 externa
1805 2579 1991 2645 bella.
2047 2577 2229 2643 cuius
2265 2600 2558 2644 sermone

498 2673 589 2737 ita
634 2686 770 2737 tum
806 2672 1037 2759 cupide
1082 2673 1371 2752 fruebar,
1425 2674 1611 2756 quasi
1655 2674 1787 2737 iam
1831 2673 2185 2738 divinarem
2227 2672 2329 2750 id,
2382 2672 2558 2756 quod

502 2767 735 2840 evenit,
770 2767 880 2829 illo
908 2767 1222 2832 exstincto
1253 2767 1391 2833 fore
1424 2768 1597 2832 unde
1632 2767 1942 2833 discerem
1969 2767 2307 2832 neminem.
2362 2788 2556 2850 quor-
2582 2763 2633 2876 153

502 2880 612 2922 sus
664 2857 860 2942 igitur
911 2859 1070 2924 haec
1116 2872 1248 2924 tam
1300 2861 1503 2924 multa
1556 2861 1635 2925 de
1679 2859 2012 2925 Maximo?
2064 2861 2217 2946 quia
2267 2860 2554 2947 profecto

502 2949 734 3014 videtis
779 2949 961 3014 nefas
1010 2973 1147 3016 esse
1190 2952 1394 3029 dictu,
1448 2953 1747 3018 miseram
1790 2952 1989 3019 fuisse
2036 2957 2230 3022 talem
2266 2965 2558 3021 senectu-

317 3057 320 3100 i
504 3055 653 3108 tem.
741 3065 861 3108 nec
896 3051 1110 3109 tamen
1146 3067 1365 3112 omnes
1408 3058 1678 3132 possunt
1713 3069 1852 3113 esse
1890 3047 2224 3134 Scipiones
2261 3061 2373 3115 aut
2408 3049 2570 3114 Ma-

502 3137 689 3214 ximi,
744 3148 817 3202 ut
858 3137 1114 3201 urbium
1160 3140 1700 3226 expugnationes,
1753 3153 1828 3206 ut
1872 3142 2185 3229 pedestris
2226 3144 2555 3209 navalisve

317 3271 320 3322 Ι
502 3255 783 3320 pugnas,
836 3243 910 3297 ut
954 3231 1123 3298 bella
1157 3257 1197 3298 a
1230 3255 1300 3298 se
1334 3246 1544 3320 gesta,
1596 3246 1672 3300 ut
1713 3237 2069 3323 triumphos
2114 3239 2553 3302 recordentur:

317 3329 320 3354 ³
506 3339 602 3392 est
648 3327 841 3392 etiam
886 3329 1096 3410 quiete
1142 3339 1207 3393 et
1260 3350 1421 3414 pure
1474 3341 1665 3415 atque
1716 3331 2043 3417 eleganter
2095 3342 2276 3396 actae
2331 3331 2557 3395 aetatis

505 3421 759 3506 placida
810 3441 887 3486 ac
937 3420 1098 3487 lenis
1152 3434 1473 3501 senectus,
1526 3425 1784 3508 qualem
1835 3425 2200 3510 accepimus
2243 3423 2556 3499 Platonis,

506 3516 615 3599 qui
650 3538 781 3581 uno
818 3527 883 3581 et
906 3517 1293 3603 octogesimo
1320 3540 1486 3583 anno
1516 3517 1800 3584 scribens
1829 3528 1927 3584 est
1952 3529 2262 3595 mortuus,
2300 3516 2558 3602 qualem

506 3611 827 3690 Isocratis,
861 3611 976 3696 qui
1010 3635 1160 3678 eum
1190 3613 1446 3690 librum,
1482 3613 1593 3697 qui
1618 3612 2136 3678 Panathenaicus
2169 3610 2557 3688 inscribitur,

510 3715 734 3787 quarto
778 3716 842 3771 et
892 3707 1307 3792 nonagesimo
1362 3729 1528 3772 anno
1572 3706 1900 3792 scripsisse
1945 3729 2013 3773 se
2066 3705 2220 3772 dicit
2271 3705 2558 3788 vixitque

511 3798 1017 3882 quinquennium
1051 3813 1304 3887 postea3
1342 3801 1522 3868 cuius
1558 3801 1863 3887 magister
1889 3801 2246 3866 Leontinus
2275 3798 2557 3884 Gorgias

317 3957 320 3970 ,
514 3905 766 3957 centum
794 3905 856 3960 et
891 3907 1133 3983 septem
1160 3897 1481 3985 conplevit
1516 3919 1717 3962 annos
1751 3917 1962 3980 neque
1996 3916 2304 3980 umquam
2338 3893 2406 3958 in
2441 3914 2559 3958 suo

317 3977 320 4006 ³
514 3986 721 4051 studio
756 3999 949 4074 atque
984 4010 1175 4077 opere
1211 3991 1481 4060 cessavit
1492 4017 1512 4069 3
1549 3991 1682 4077 qui,
1719 4014 1866 4057 cum
1901 4014 1981 4056 ex
2017 4011 2093 4056 eo
2130 4001 2560 4074 quaereretur,

316 4009 327 4220 ι
515 4103 628 4148 cur
677 4093 809 4146 tam
862 4083 973 4150 diu
1035 4087 1229 4153 vellet
1280 4109 1419 4154 esse
1478 4087 1549 4153 in
1609 4087 1770 4164 vita,
1825 4085 2009 4151 ‘nihil
2061 4084 2296 4151 habeo’
2352 4084 2562 4168 inquit
