3292 4559
777 215 862 302 5‘2
1391 244 1487 298 M.
1505 243 1780 300 TULLn
1817 195 2232 301 CICERONIS*

780 371 1002 455 quinta
1054 369 1137 435 ad
1192 364 1472 454 eligendi
1522 366 1827 436 iudicium
1840 413 1859 442 ,
1914 366 1966 449 si
2003 366 2258 449 quando
2305 391 2411 446 ea,
2465 389 2636 452 quae
2681 367 2842 446 dixi,

777 486 1067 550 pugnare
1102 464 1269 528 inter
1304 485 1373 526 se
1408 462 1800 536 viderentur,
1834 459 2182 525 honestatis
2217 483 2364 546 pars
2395 462 2694 528 confecta
2719 476 2840 540 est,

778 581 972 640 quam
1016 557 1274 641 quidem
1319 556 1435 620 tibi
1482 554 1672 639 cupio
1727 575 1866 621 esse
1919 554 2333 620 notissimam.
2421 555 2545 622 hoc
2601 567 2842 634 autem,

775 652 861 716 de
906 673 1034 735 quo
1079 673 1250 716 nunc
1294 650 1574 735 agimuS,
1616 648 1686 712 id
1727 649 1941 734 ipsum
1977 659 2101 726 est,
2149 650 2322 733 quod
2355 651 2512 716 utile
2549 651 2841 736 appella-

777 759 908 822 tur3
952 745 1049 829 in„
1102 766 1230 828 quo
1285 740 1547 830 [verbo]
1599 743 1783 828 lapsa
1835 744 2228 808 consuetudo
2275 745 2542 810 deflexit
2597 745 2678 809 de
2731 745 2841 808 via

778 839 1143 922 sensimque
1191 860 1267 903 eo
1323 837 1596 903 deducta
1650 847 1775 913 est,
1835 847 1910 902 ut
1973 836 2369 904 honestatem
2421 838 2506 902 ab
2559 839 2842 903 utilitate

689 999 693 1008 ,
778 954 1117 999 secernens
1154 931 1566 997 constitueret
1602 953 1742 996 esse
1777 931 2115 996 honestum
2151 931 2418 1016 aliquid,
2463 931 2644 1016 quod
2678 926 2842 996 utile

772 1048 906 1091 non
952 1037 1148 1100 esset,
1194 1038 1257 1092 et
1303 1025 1458 1090 utile
1472 1071 1489 1102 ,
1535 1025 1708 1108 quod
1743 1048 1874 1090 non
1909 1025 2277 1122 honestum,
2313 1044 2440 1110 ‘qua
2473 1026 2657 1090 nulla
2686 1049 2838 1112 per-

692 1143 743 1183 10
776 1120 973 1185 uicies
1010 1121 1213 1184 maior
1248 1118 1578 1184 hominum
1612 1119 1784 1184 vitae
1819 1119 2027 1204 potuit
2063 1119 2316 1184 adferri.
2405 1142 2660 1186 summa
2694 1120 2840 1203 qui-

778 1216 926 1280 dem
988 1213 1366 1278 auctoritate
1426 1213 1791 1299 philosophi
1845 1235 2064 1279 severe
2115 1236 2268 1278 sane
2321 1225 2512 1298 atque
2564 1213 2838 1278 honeste

774 1309 937 1372 haec
968 1306 1092 1370 tria
1126 1328 1367 1391 genera
1402 1307 1674 1372 confusa
1707 1306 2090 1392 cogitatione
2126 1308 2542 1394 distinguunt.
2619 1304 2834 1391 [quic-

774 1401 950 1484 quid¹
977 1400 1149 1464 enim
1182 1399 1421 1464 iustum
1458 1401 1569 1478 sit,
1614 1400 1685 1464 id
1721 1401 1911 1466 etiam
1948 1401 2102 1466 utile
2138 1423 2276 1467 esse
2313 1412 2600 1479 censent,
2642 1400 2836 1465 item-

775 1515 901 1578 que
948 1494 1121 1576 quod
1166 1493 1536 1571 honestum,
1580 1495 1752 1558 idem
1794 1494 2062 1560 iustum:
2117 1519 2198 1560 ex
2238 1517 2370 1579 quo
2417 1495 2694 1561 efficitur
2736 1507 2833 1570 ut,

774 1587 1081 1672 quicquid
1117 1587 1456 1653 honestum
1476 1588 1590 1664 -sit,
1624 1589 1798 1653 idem
1833 1589 1915 1652 sit
1955 1587 2164 1678 utile.]
2246 1591 2420 1672 quod
2453 1589 2567 1672 qui
2601 1611 2833 1674 parum

774 1681 1194 1766 perspiciunt,
1228 1681 1275 1746 ii
1309 1704 1533 1767 saepe,
1580 1691 1870 1747 versutos
1904 1682 2194 1750 homines
2229 1695 2294 1750 et
2329 1683 2590 1750 callidos
2625 1683 2836 1747 admi—

774 1785 987 1840 rantes
1002 1821 1020 1852 ,
1065 1775 1377 1841 malitiam
1414 1777 1790 1862 sapientiam
1823 1777 2134 1842 iudicant:
2190 1799 2462 1862 quorum
2497 1799 2672 1843 error
2707 1777 2836 1842 eri-

773 1869 1045 1955 piendus
1092 1881 1187 1935 est
1233 1871 1575 1956 opinioque
1621 1871 1826 1936 omnis
1871 1872 1954 1936 ad
1999 1895 2140 1938 eam
2189 1895 2368 1958 spem
2412 1873 2832 1949 traducenda,

776 1972 847 2027 ut
881 1963 1163 2028 honestis
1200 1965 1479 2031 consiliis
1514 1965 1824 2048 iustisque
1857 1965 2075 2043 factis,
2121 1988 2249 2030 non
2283 1967 2511 2042 fraude
2546 1977 2611 2033 et
2643 1967 2833 2031 mali-

694 2075 745 2114 11
777 2056 868 2120 tia
902 2079 971 2122 se
1006 2057 1383 2143 intellegant
1418 2081 1523 2135 ea,
1570 2078 1734 2142 quae
1771 2059 1989 2138 velint,
2027 2062 2330 2145 consequi
2363 2083 2571 2148 posse.
2657 2083 2830 2146 quae

770 2167 929 2236 ergo
966 2150 1049 2215 ad
1081 2152 1282 2218 >vitam
1317 2152 1656 2217 hominum
1691 2154 1995 2219 tuendam
2027 2156 2372 2239 pertinent,
2407 2156 2642 2241 partim
2675 2167 2830 2221 sunt

772 2243 1081 2321 inanima,
1119 2256 1192 2309 ut
1226 2266 1484 2322 aurum,
1530 2256 1898 2331 argentum,
1942 2258 2015 2311 ut
2051 2270 2154 2326 ea,
2199 2267 2366 2332 quae
2395 2249 2756 2335 gignuntur
2787 2274 2830 2316 e

772 2351 969 2416 terra,
1024 2351 1096 2403 ut
1149 2339 1274 2404 alia
1322 2340 1577 2426 generis
1623 2340 1940 2420 eiusdem,
1993 2343 2224 2428 partim
2279 2344 2607 2430 animalia,
2659 2365 2828 2429 quae

772 2432 1011 2496 habent
1056 2453 1205 2496 suos
1249 2432 1525 2518 impetus
1570 2444 1634 2498 et
1667 2457 1882 2499 rerum
1916 2437 2255 2522 adpetitus.
2345 2459 2566 2503 eorum
2611 2450 2826 2506 autem

772 2524 896 2589 alia
929 2524 1189 2589 rationis
1226 2526 1511 2611 expertia
1545 2537 1720 2604 sunt,
1769 2528 1894 2593 alia
1927 2531 2171 2596 ratione
2205 2531 2478 2598 utentia:
2533 2546 2828 2620 expertes

768 2617 1028 2682 rationis
1074 2619 1255 2701 equi,
1302 2620 1529 2697 boves,
1575 2621 1860 2706 reliquae
1907 2625 2217 2709 pecudes,
2264 2623 2502 2712 [apes,]
2551 2649 2829 2712 quarum

769 2732 964 2796 opera
1008 2710 1283 2778 efficitur
1328 2714 1570 2798 aliquid
1618 2715 1699 2781 ad
1746 2739 1936 2782 usum
1981 2717 2312 2784 hominum
2357 2732 2549 2804 atque
2593 2721 2830 2801 vitam,

768 2807 1013 2872 ratione
1074 2818 1289 2872 autem
1350 2811 1666 2875 utentium
1731 2811 1859 2878 duo
1921 2834 2160 2897 genera
2217 2827 2491 2900 ponunt,
2557 2817 2824 2882 deorum

770 2923 998 2976 unum,
1054 2901 1323 2966 alterum
1375 2903 1726 2970 hominum.
1815 2907 1970 2971 deos
2009 2907 2294 2994 placatos
2337 2909 2542 2995 pietas
2589 2911 2824 2977 efficiet

770 3011 833 3058 et
877 2995 1177 3060 sanctitas
1190 3019 1216 3072 ς.
1255 2997 1549 3080 proxime
1592 3009 1809 3066 autem
1855 3011 1919 3066 et
1953 3003 2306 3067 secundum
2341 3004 2494 3068 deos
2529 3005 2824 3071 homines

681 3103 731 3144 ιε
768 3085 1131 3152 hominibus
1165 3108 1465 3155 maxume
1501 3092 1690 3158 utiles
1727 3116 1867 3159 esse
1903 3108 2193 3180 possunt.
2247 3103 2634 3182 'earumque
2668 3101 2821 3165 item

766 3199 1011 3256 rerum,
1056 3201 1221 3264 quae
1266 3195 1539 3249 noceant
1584 3197 1650 3251 et
1695 3187 1934 3264 obsint,
1974 3188 2208 3254 eadem
2253 3190 2479 3256 divisio
2525 3203 2651 3270 est3
2706 3195 2822 3259 sed

768 3272 919 3356 quia
953 3273 1107 3338 deos
1140 3295 1371 3342 nocere
1406 3299 1537 3342 non
1570 3292 1822 3365 putant,
1857 3282 1933 3346 iis
1969 3283 2252 3369 exceptis
2288 3284 2578 3352 homines
2614 3287 2825 3352 homi-

764 3368 953 3432 nibus
988 3367 1213 3434 obesse
1247 3371 1594 3455 plurimum
1630 3374 2037 3441 arbitrantur.
2125 3399 2204 3443 ea
2239 3379 2410 3444 enim
2441 3379 2613 3466 ipsa,
2651 3403 2828 3465 quae

764 3461 1047 3528 inanima
1082 3463 1358 3530 diximus
1371 3514 1390 3544 ,
1426 3467 1739 3552 pleraque
1769 3480 1920 3536 sunt
1952 3471 2286 3538 hominum
2319 3467 2528 3560 operis
2563 3475 2820 3554 effecta,

764 3573 931 3639 quae
972 3579 1095 3622 nec
1128 3557 1538 3638 haberemus,
1582 3563 1708 3627 nisi
1742 3586 1974 3630 manus
2009 3576 2074 3632 et
2107 3589 2211 3632 ars
2248 3569 2643 3646 accessisset,
2689 3592 2824 3636 nec

762 3650 841 3714 iis
878 3651 1013 3716 sine
1048 3650 1387 3718 hominum·
1414 3656 1958 3726 administratione
1991 3671 2346 3739 uteremur3
2389 3683 2601 3748 neque
2645 3664 2827 3730 enim

764 3743 1145 3811 valetudinis
1197 3748 1441 3812 curatio
1485 3771 1696 3834 neque
1747 3753 2073 3840 navigatio
2125 3777 2335 3840 neque
2380 3757 2522 3843 agri
2563 3758 2828 3824 cultura

760 3859 973 3922 neque
1005 3839 1270 3926 frugum
1302 3841 1772 3930 fructuumque·
1789 3848 2179 3932 reliquorum
2213 3851 2536 3937 perceptio
2573 3863 2640 3917 et
2666 3874 2821 3918 con-

674 3948 728 3988 18
764 3934 1039 3999 servatio
1092 3937 1227 4004 sine
1280 3938 1607 4006 hominum
1663 3963 1856 4027 opera
1907 3946 2040 4011 ulla
2083 3967 2223 4011 esse
2266 3946 2598 4033 potuisset.
2685 3947 2820 4012 iam

761 4047 915 4091 vero
957 4039 1022 4094 et
1064 4053 1284 4098 earum
1325 4057 1571 4115 rerum,
1614 4038 1849 4122 quibus
1897 4038 2399 4118 abundaremus,
2455 4040 2820 4127 exportatio
