3292 4559
974 220 1083 277 DE
1115 188 1217 277 nn
1252 220 1595 277 PussmoA
1630 220 1703 277 v.
1747 218 1916 275 1--4.
2163 228 2172 240 x
2339 204 2464 273 231

418 348 553 413 viri.
643 356 861 411 nostra
904 365 1057 409 vero
1091 354 1297 420 aetas,
1346 364 1491 409 cum
1528 366 1667 409 rem
1700 340 2026 427 publicam
2061 339 2226 406 sicut
2259 342 2467 429 pictu-

418 466 552 506 ram
608 439 959 525 accepisset
1010 438 1369 524 egregiam,
1422 438 1539 503 sed
1586 438 1720 503 iam
1762 446 2245 501 evanescentem
2288 445 2471 502 vetu-

418 547 611 611 state,
656 556 786 599 non
828 531 1019 598 modo
1065 554 1209 597 eam
1256 532 1574 597 coloribus
1618 531 1823 596 isdem
1859 530 2092 613 quibus
2127 530 2340 596 fuerat
2371 552 2472 595 re-

418 651 655 699 novare
698 626 1013 713 neglexit,
1058 626 1173 691 sed
1216 648 1299 691 ne
1342 625 1411 691 id
1456 626 1716 710 quidem
1761 624 2036 701 curavit,
2081 634 2155 688 ut
2197 624 2472 689 formam

418 724 646 789 saltem
710 720 845 786 eius
912 729 975 784 et
1027 730 1313 785 extrema
1364 730 1694 803 tamquam
1746 717 2118 782 liniamenta
2171 727 2468 783 servaret.

418 816 573 901 quid
618 814 790 879 enim
834 824 1051 877 manet
1093 834 1174 879 ex
1222 812 1500 896 antiquis
1534 812 1820 877 moribus
1835 858 1853 887 ,
1901 810 2135 893 quibus
2169 810 2278 875 ille
2313 810 2472 875 dixit

418 933 553 975 rem
591 918 759 973 stare
793 906 1193 971 Romanam?
1262 926 1425 989 quos
1460 906 1551 969 ita
1586 906 1908 971 oblivione
1943 904 2262 969 obsoletos
2297 902 2475 967 vide-

418 1024 592 1077 mus,
646 1011 719 1065 ut
768 1021 901 1064 non
950 999 1140 1065 modo
1192 1020 1324 1063 non
1375 998 1664 1063 colantur
1677 1046 1694 1075 ,
1751 997 1863 1063 sed
1907 998 2036 1061 iam
2071 997 2471 1083 ignorentur.

418 1119 569 1161 nam
616 1094 697 1159 dc
741 1093 893 1158 viris
937 1094 1094 1175 quid
1140 1092 1387 1157 dicam?
1456 1113 1668 1157 mores
1713 1092 1882 1157 enim
1925 1091 2050 1178 ipsi
2101 1090 2475 1156 interierunt

418 1189 704 1252 virorum
756 1186 1054 1271 penuria,
1110 1186 1291 1251 cuius
1336 1186 1499 1249 tanti
1541 1186 1692 1249 mali
1740 1207 1872 1251 non
1913 1185 2106 1251 modo
2148 1184 2476 1250 reddenda

418 1282 581 1346 ratio
643 1280 828 1347 nobis
842 1328 861 1357 ‚
923 1280 1037 1345 sed
1101 1280 1293 1344 etiam
1351 1290 1682 1364 tamquam
1743 1280 1866 1346 reis
1919 1279 2142 1365 capitis
2195 1279 2476 1362 quodam

418 1375 612 1439 modo
658 1373 928 1440 dicenda
972 1396 1167 1438 causa
1209 1384 1323 1437 est.
1412 1373 1643 1437 nostris
1691 1374 1860 1438 enim
1903 1372 2104 1451 vitiis,
2147 1394 2277 1438 non
2321 1395 2476 1438 casu

418 1470 661 1553 aliqu0,
696 1490 831 1533 rem
868 1468 1197 1554 publicam
1229 1468 1427 1535 verbo
1470 1468 1836 1545 retinemuS,
1879 1492 1950 1533 re
1983 1469 2124 1556 ipsa
2157 1490 2312 1535 vero
2344 1469 2476 1534 iam

418 1564 668 1652 pridem
730 1563 1081 1627 amisimus.
1168 1562 1313 1629 haec
1371 1562 1573 1629 Cicero
1622 1564 1946 1650 fatebatur
2011 1566 2184 1648 lonye
2234 1566 2476 1649 quidem

418 1669 559 1743 post
600 1669 854 1721 mortem
888 1658 1207 1742 Africani,
1256 1679 1433 1741 quem
1477 1660 1546 1723 in
1590 1660 1718 1721 suis
1765 1658 1938 1723 libris
1967 1657 2124 1742 feeit
2158 1660 2230 1723 de
2263 1678 2330 1721 re
2352 1679 2476 1743 pu-

420 1752 582 1813 blica
619 1752 948 1834 disputare.
1028 1747 1468 1835 (Augustinus
1506 1754 1579 1815 de
1616 1754 1776 1817 civit.
1813 1753 1912 1816 dei
1945 1750 2037 1827 Π,
2073 1750 2179 1827 21,
2215 1750 2276 1815 3.
2315 1750 2474 1837 conf.

422 1844 511 1918 ΙΙ,
549 1841 657 1919 25,
692 1842 787 1926 2.)

550 1938 662 2000 Ius
710 1938 879 2001 civile
902 1958 1023 2021 per
1056 1938 1253 2001 multa
1288 1940 1528 2003 saecula
1560 1940 1722 2005 inter
1755 1962 1932 2004 sacra
1968 1940 2478 2023 caerimonia-sque

419 2034 669 2095 deorum
713 2032 1151 2095 immortalium
1196 2032 1473 2096 abditam
1528 2034 1792 2119 solisque
1828 2033 2226 2119 ponteficibus
2269 2044 2480 2098 notum

426 2124 868 2199 Cn..Flaviu8,
917 2126 1196 2189 libertino
1222 2138 1407 2210 patre
1438 2129 1680 2212 yenitus
1717 2138 1772 2191 et
1803 2128 2031 2203 scriba,
2079 2150 2214 2191 cum
2247 2128 2480 2211 inqenti

418 2220 761 2283 nobilitatis
814 2221 1237 2304 indiqnatione
1276 2220 1491 2305 factus
1545 2223 1762 2285 aedilis
1815 2224 2040 2286 curulis
2093 2222 2364 2306 vulgavit
2407 2242 2479 2284 ac

418 2314 615 2393 fastos
654 2334 853 2397 paene
901 2324 1023 2376 toto
1056 2314 1207 2399 soro
1252 2317 1547 2399 eaposait.
1639 2312 1968 2397 (Valerius
2009 2314 2341 2380 Maximus
2383 2313 2476 2391 H,

418 2406 485 2483 5,
524 2407 574 2488 ξ.
612 2405 683 2481 2;
738 2406 819 2487 cf.
866 2405 987 2471 Cio.
1027 2410 1113 2471 ad
1144 2410 1274 2471 Att.
1314 2408 1435 2483 VI,
1474 2409 1533 2485 1,
1572 2410 1656 2492 ξς.
1696 2408 1735 2473 8
1772 2419 1836 2475 et
1873 2408 2006 2495 18.)

551 2501 586 2534 '¹‘
623 2499 658 2533 *
696 2501 731 2535 *
768 2498 959 2564 Nihil
992 2522 1115 2565 esse
1152 2513 1279 2565 tam
1316 2498 1327 2586 Ι
1364 2502 1583 2587 regale
1620 2523 1815 2585 quam
1853 2504 2152 2588 explana·
2191 2500 2286 2588 [p.
2325 2498 2472 2566 247.

419 2595 661 2658 tionem
704 2594 1040 2677 aequitatis
1053 2642 1071 2671 ,
1116 2594 1185 2659 in
1232 2615 1361 2678 qua
1405 2595 1561 2661 iuris
1607 2607 1744 2663 erat
1788 2596 2224 2682 interpretatio
2237 2644 2256 2673 ,
2304 2597 2478 2679 quod

419 2689 521 2750 ius
566 2687 797 2770 privati
838 2699 1055 2771 petere
1100 2687 1393 2753 solebant
1427 2712 1467 2753 a
1500 2690 1793 2774 regibus,
1838 2691 1921 2754 ob
1970 2711 2205 2772 easque
2251 2710 2477 2753 causas

424 2779 565 2862 agri
610 2780 745 2841 arvi
787 2792 851 2843 et
897 2780 1145 2843 arbusti
1188 2790 1255 2845 et
1298 2782 1521 2865 pascui
1564 2782 1678 2847 lati
1725 2794 1916 2866 atque
1949 2782 2182 2847 uberes
2219 2780 2478 2847 definie-

423 2875 686 2947 bantur,
733 2873 846 2955 qui
893 2884 1107 2938 essent
1148 2874 1311 2958 regii
1348 2873 1517 2960 [qui]
1560 2877 2046 2959 colerenturque
2082 2876 2216 2939 sine
2251 2898 2479 2961 regum

427 2989 620 3051 opera
664 2976 726 3030 et
768 2966 1021 3043 labore,
1067 2977 1141 3031 ut
1186 2989 1293 3031 eos
1336 2969 1513 3033 nulla
1556 2970 1790 3053 privati
1823 2968 2064 3053 negotii
2099 2990 2256 3033 cura
2289 2992 2330 3033 a
2361 2990 2478 3054 po·-

426 3061 722 3146 pulorum
762 3060 957 3124 rebus
1005 3060 1352 3126 abduceret
1361 3085 1381 3137 ;
1434 3084 1555 3127 nec
1600 3085 1754 3128 vero
1807 3062 2146 3146 quisquam
2187 3062 2475 3147 privatus

429 3166 565 3219 erat
591 3154 972 3239 disceptator
1002 3164 1114 3217 aut
1140 3155 1375 3221 arbiter
1400 3156 1549 3233 litis,
1586 3157 1702 3222 sed
1730 3156 1944 3221 omnia
1972 3155 2185 3239 conffi-
2216 3153 2306 3243 [p.
2327 3156 2474 3221 248.

430 3248 757 3312 ciebantur
799 3246 1051 3311 iudiciis
1086 3248 1303 3334 regiis.
1394 3260 1457 3314 et
1490 3249 1647 3313 mihi
1684 3250 1942 3333 quidem
1977 3248 2229 3314 videtur
2261 3248 2478 3313 Numa

428 3354 641 3406 noster
682 3340 958 3405 maxime
1003 3342 1283 3406 tenuisse
1328 3342 1499 3408 hunc
1542 3365 1786 3409 morem
1832 3352 2115 3407 veterem
2162 3339 2478 3407 Graeciae

428 3452 678 3519 regum.
759 3456 911 3497 nam
949 3435 1170 3511 ceteri,
1217 3435 1335 3499 etsi
1370 3435 1495 3501 hoc
1532 3458 1785 3520 quoque
1820 3456 2084 3501 munere
2117 3433 2480 3519 fungeban-

429 3542 562 3604 tur,
613 3551 914 3614 magnam
968 3538 1184 3593 tamen
1239 3540 1489 3614 partem
1542 3530 1714 3595 bella
1758 3538 2096 3616 gesserunt
2149 3538 2212 3593 et
2257 3548 2478 3593 eorum

432 3626 571 3688 iura
622 3624 977 3687 coluerunt:
1030 3623 1141 3687 illa
1194 3635 1407 3689 autem
1462 3624 1764 3689 diuturna
1804 3646 1934 3710 pax
1977 3622 2231 3687 Numae
2275 3631 2479 3685 mater

434 3718 581 3780 huic
625 3717 769 3781 urbi
810 3718 967 3781 iuris
1014 3728 1079 3781 et
1121 3718 1449 3805 religionis
1493 3718 1647 3795 fuit,
1696 3717 1804 3801 qui
1838 3719 2060 3803 legum
2096 3716 2284 3780 etiam
2323 3715 2476 3779 scri-

436 3823 578 3897 ptor
610 3811 850 3889 fuisset,
887 3833 1047 3895 quas
1084 3814 1255 3878 scitis
1293 3825 1564 3890 exstare,
1598 3812 1774 3895 quod
1808 3810 2068 3895 quidem
2103 3809 2292 3874 huius
2323 3808 2476 3873 civis

435 3906 778 3991 proprium,
816 3907 895 3972 de
929 3930 1059 3992 quo
1094 3910 1345 3995 agimus
1381 3909 1417 3943 ³*
1454 3908 1490 3944 ⁴*
1526 3908 1562 3943 ¹⁸*

2529 362 2556 401 2
2586 365 2592 376 ,

2527 2444 2561 2600 2910.

2529 3952 2562 4007 3

564 4002 653 4064 Μ.
700 4005 932 4067 Tullius
969 4008 1041 4069 de
1074 4028 1141 4068 re
1168 4006 1343 4091 publ.
1385 4005 1488 4069 lib.
1539 4004 1621 4067 V.-
1657 4002 1770 4069 sed
1807 4013 2019 4069 tamen
2051 4010 2124 4065 ut
2159 3998 2327 4064 bono
2358 4018 2476 4081 pa·-
2525 4027 2555 4065 4
