3292 4559
943 274 1049 330 DE
1083 272 1414 331 DEORUM
1445 270 1773 331 NATURA
1808 272 1855 326 1.
1890 273 2083 329 8—14
2512 256 2549 321 7

500 398 719 463 omnia
735 397 1082 463 disserendi
1101 398 1468 481 nullamque
1495 418 1632 461 rem
1650 405 1868 481 aperte
1892 392 2237 470 iudicandi,
2267 392 2556 478 profecta

501 516 544 555 a
583 489 870 570 Socrate,
913 492 1184 578 repetita
1225 492 1308 555 ab
1342 490 1669 565 Arcesila,
1717 488 2089 553 confirmata
2124 510 2163 551 a
2200 484 2554 563 Carneade,

499 606 706 668 usque
743 583 826 647 ad
859 597 1136 652 nostram
1167 583 1372 669 viguit
1410 593 1713 660 aetatem3
1750 603 1951 666 quam
1978 602 2152 645 nunc
2184 602 2385 666 prope
2418 600 2559 644 mo·
2590 610 2595 613 ·

503 678 660 743 dum
702 677 924 741 orbam
970 701 1108 743 esse
1129 732 1144 743 ,
1160 678 1228 741 in
1272 678 1414 763 ipsa
1463 676 1741 743 Graecia
1793 676 2115 760 intellego·
2204 674 2377 757 quod
2425 695 2557 739 non

500 772 898 837 Academiae
941 770 1094 835 vitio
1107 818 1125 849 ,
1174 772 1288 836 sed
1331 770 1628 835 tarditate
1677 770 2009 835 hominum
2054 769 2323 833 arbitror
2358 766 2558 833 conti-

500 866 702 951 gisse3
737 888 888 929 nam
923 864 977 929 si
1011 864 1296 949 singulas
1331 864 1697 949 disciplinas
1732 864 2061 949 percipere
2094 885 2403 948 magnum
2438 872 2554 939 est,

503 969 745 1042 quanto
781 958 988 1022 maius
1023 957 1266 1022 omnis?
1301 958 1476 1041 quod
1510 958 1725 1023 facere
1760 957 1839 1021 iis
1872 979 2133 1021 necesse
2170 968 2285 1033 est,
2322 956 2555 1039 quibus

501 1051 900 1137 propositum
953 1062 1051 1117 est
1105 1052 1238 1116 veri
1295 1052 1656 1137 reperiendi
1706 1073 1903 1117 causa
1955 1060 2019 1117 et
2082 1061 2301 1115 contra
2352 1050 2557 1113 omnis

504 1142 981 1231 [philosophos]
1038 1155 1105 1209 et
1156 1167 1272 1229 pro
1317 1146 1612 1211 omnibus
1670 1145 1909 1223 dicere3
1964 1144 2145 1209 cuius
2196 1143 2290 1209 rei
2342 1154 2556 1210 tantae
2584 1160 2635 1199 12

502 1252 766 1322 tamque
827 1237 1104 1303 difficilis
1169 1238 1542 1305 facultatem
1604 1249 2015 1305 consecutum
2076 1259 2213 1302 esse
2275 1260 2380 1303 me
2431 1258 2561 1301 non

504 1331 831 1417 profiteor,
885 1342 1176 1397 secutum
1219 1356 1358 1398 esse
1411 1354 1564 1419 prae
1609 1356 1713 1398 me
1758 1333 1915 1398 fem.
2004 1352 2123 1395 nec
2166 1341 2381 1396 tamen
2421 1330 2560 1395 fieri

503 1436 716 1513 potest
749 1436 840 1501 ut,
876 1426 987 1509 qui
1015 1425 1136 1491 hac
1161 1427 1404 1491 ratione
1433 1426 1977 1512 philosophentur,
2012 1424 2059 1489 ii
2090 1424 2249 1489 nihil
2283 1422 2562 1489 habeant

504 1519 681 1603 quod
717 1530 1081 1603 sequantur.
1177 1520 1418 1585 dictum
1454 1530 1552 1585 est
1586 1520 1846 1585 omnino
1884 1520 1963 1583 de
1997 1518 2119 1583 hac
2153 1541 2223 1583 re
2260 1518 2385 1582 alio
2420 1517 2559 1583 loco

506 1613 904 1699 diligentius,
959 1614 1100 1691 sed,
1155 1614 1306 1697 quia
1347 1615 1536 1679 nimis
1590 1614 1897 1679 indociles
1952 1613 2215 1696 quidam
2268 1613 2559 1695 tardique

505 1718 683 1783 sunt,
738 1707 1121 1771 admonendi
1165 1707 1461 1772 videntur
1509 1708 1791 1792 saepius3
1844 1728 1975 1770 non
2021 1708 2193 1772 enim
2228 1729 2447 1771 sumus
2491 1706 2559 1783 ii,

506 1800 740 1885 quibus
789 1799 949 1863 nihil
999 1822 1225 1865 verum
1279 1824 1418 1864 esse
1465 1801 1785 1876 videatur,
1840 1800 1955 1864 sed
1987 1800 2062 1877 ii,
2117 1800 2230 1884 qui
2266 1799 2559 1863 omnibus

506 1894 675 1957 veris
719 1892 884 1955 falsa
919 1892 1234 1973 quaedam
1271 1892 1572 1956 adiuncta
1606 1914 1745 1955 esse
1784 1892 2091 1968 dicamuS,
2128 1904 2307 1957 tanta
2341 1892 2560 1955 simili-

505 1983 752 2059 tudine,
787 1992 861 2046 ut
890 1983 962 2045 in
991 1982 1071 2045 iis
1106 1983 1284 2045 nulla
1317 1983 1466 2046 insit
1505 1996 1678 2045 certa
1708 1983 2037 2047 iudicandi
2065 1994 2130 2047 et
2164 1984 2561 2047 adsentiendi

505 2086 679 2143 nota.
758 2073 866 2160 [ex
903 2092 1030 2159 quo
1068 2074 1312 2139 exstitit
1343 2075 1522 2152 illud,
1560 2076 1763 2139 multa
1796 2098 1933 2139 esse
1969 2075 2353 2161 probabilia,
2391 2096 2565 2158 quae.

509 2190 901 2255 quamquam
935 2190 1065 2234 non
1099 2168 1603 2255 perciperentur,
1641 2178 1887 2245 tamen,
1924 2170 2077 2252 quia
2112 2170 2321 2234 visum
2356 2190 2558 2253 quen-

510 2265 658 2330 dam
711 2262 1020 2327 haberent
1068 2262 1386 2347 insignem
1435 2274 1498 2327 et
1539 2262 1871 2327 inlustrem
1884 2310 1903 2339 ,
1954 2262 2033 2329 iis
2077 2263 2378 2349 sapientis
2432 2264 2565 2329 vita

507 2354 888 2444 regeretur]

641 2448 775 2516 Sed
799 2450 949 2527 iam,
985 2460 1060 2515 ut
1077 2450 1250 2515 omni
1277 2472 1380 2515 me
1407 2449 1651 2515 invidia
1676 2449 1962 2527 liberem,
1996 2472 2233 2536 ponam
2256 2450 2325 2515 in
2350 2450 2561 2515 medio
2594 2452 2629 2505 6

511 2544 853 2611 sententias
887 2543 1410 2630 philosophorum
1446 2544 1527 2607 de
1561 2554 1791 2608 natura
1808 2544 2101 2609 deorum:
2137 2566 2267 2627 quo
2302 2544 2564 2627 quidem
2590 2524 2640 2563 ²³

509 2642 650 2706 loco
704 2638 1096 2703 convocandi
1147 2660 1368 2704 omnes
1420 2638 1748 2715 videntur,
1802 2639 1911 2721 qui
1924 2686 1943 2715 ,
1999 2660 2163 2722 quae
2215 2638 2295 2701 sit
2343 2642 2561 2703 earum

510 2756 693 2810 vera,
739 2732 1040 2797 iudicent.
1133 2744 1272 2797 tum
1308 2732 1567 2797 demum
1600 2732 1759 2795 mihi
1802 2754 2043 2817 procax
2076 2731 2433 2796 Academia
2468 2734 2565 2794 vi·-

513 2830 791 2905 debitur,
841 2828 894 2893 si
929 2838 1044 2891 aut
1079 2826 1516 2893 consenserint
1550 2849 1771 2893 omnes
1809 2839 1917 2893 aut
1955 2828 2072 2893 erit
2112 2827 2410 2891 inventus
2448 2827 2564 2891 ali-

513 2924 678 3007 quis,
714 2923 854 3005 qui,
902 2921 1056 3004 quid
1101 2944 1324 2987 verum
1361 2922 1469 2998 sit,
1515 2921 1849 2987 invenerit.
1947 2922 2164 3005 itaque
2208 2919 2365 2985 mihi
2407 2920 2565 2985 libet

515 3017 892 3091 exclamare,
927 3026 1002 3078 ut
1033 3018 1138 3079 ille
1171 3016 1240 3079 in
1277 3013 1715 3101 Synephebisz

533 3178 538 3181 .
579 3148 697 3214 pro
733 3126 947 3203 deum,
982 3126 1385 3212 popularium
1413 3126 1722 3199 omnium,
1760 3129 2031 3191 omnium
2060 3125 2565 3189 adulescentium

584 3223 809 3297 clame,
843 3220 1117 3305 postu10,
1147 3220 1431 3297 obsecro,
1463 3241 1593 3296 or0,
1631 3219 1811 3305 ploro
1840 3230 2032 3303 atque
2067 3219 2313 3303 inploro
2350 3218 2565 3295 fidem,
2637 3230 2642 3234 '

516 3363 646 3407 non
685 3340 1030 3406 levissuma
1076 3339 1156 3407 de
1199 3361 1298 3417 re,
1351 3350 1425 3403 ut
1467 3339 1755 3422 queritur
1797 3340 1933 3415 ille,
1990 3339 2085 3401 ‘in
2130 3338 2382 3403 civitate
2426 3337 2565 3400 fieri

517 3436 801 3503 facinora
837 3435 1160 3520 capitalia,

585 3549 668 3613 ab
705 3548 910 3613 amico
947 3557 1200 3612 amante
1237 3556 1571 3632 argentum
1609 3546 1896 3632 accipere
1932 3544 2229 3609 meretrix
2264 3540 2478 3606 nevolt
2489 3538 2529 3616 ,³

521 3678 634 3743 sed
667 3685 738 3741 ut
773 3676 1010 3753 adsint,
1062 3687 1480 3763 cognoscant,
1529 3675 2069 3751 animadvertant,
2113 3670 2267 3753 quid
2304 3670 2383 3733 de
2417 3668 2566 3733 reli·
2592 3691 2645 3731 ιι

519 3771 727 3857 gione,
763 3770 1019 3856 pietate,
1057 3770 1422 3847 sanctitate,
1459 3768 1877 3844 caerimoniis,
1913 3766 2067 3839 fide,
2103 3764 2239 3826 iure
2274 3762 2573 3840 iurand0,

522 3864 678 3948 quid
711 3864 792 3929 de
827 3863 1101 3949 tempIiS,
1139 3863 1420 3929 delubris
1459 3861 1910 3943 sacrificiisque
1946 3855 2376 3934 sollemnibus,
2411 3857 2569 3941 quid

523 3960 600 4025 de
632 3958 789 4044 ipsis
825 3958 1124 4043 auspiciis
1137 4003 1156 4034 ,
1203 3958 1438 4041 quibus
1473 3979 1588 4021 nos
1625 3974 1999 4042 praesumus
2012 3998 2031 4027 ,
2055 3949 2567 4015 'existimandum

523 4053 626 4130 sit3
669 4054 829 4119 haec
866 4050 1037 4117 enim
1071 4051 1284 4117 omnia
1321 4051 1405 4117 ad
1439 4050 1606 4115 hanc
1643 4049 1723 4115 de
1758 4048 1857 4113 dis
1892 4043 2333 4111 inmortalibus
2369 4066 2567 4131 quae·-
