3292 4559
311 1144 324 1324 ι

984 286 1092 341 DE
1124 284 1652 346 DWINATIONE
1685 288 1765 345 11.
1801 290 2044 347 30-36.
2425 280 2552 349 179

490 412 644 501 quid
702 409 941 479 habere
1013 409 1313 479 mundus
1354 423 1569 500 potest
1630 434 1780 481 cum
1839 412 2127 483 thesauri
2183 415 2550 488 inventione

492 505 939 575 coniunctum?
992 507 1049 571 si
1104 506 1275 573 enim
1336 508 1501 575 extis
1553 508 1868 597 pecuniae
1928 510 2088 579 mihi
2139 512 2550 600 amplificatio

492 603 839 669 ostenditur
870 601 1067 686 idque
1100 601 1174 667 fit
1214 612 1475 681 natura,
1516 603 1799 691 primum
1833 616 1984 673 exta
2017 619 2168 675 sunt
2211 608 2551 677 coniuncta

494 697 749 777 mundo,
806 696 1039 763 deinde
1082 719 1299 783 meum
1342 698 1596 764 lucrum
1640 710 1874 767 natura
1905 723 2124 768 rerum
2166 704 2545 771 continetur.

486 812 689 859 nonne
724 792 930 879 pudet
972 791 1272 879 physicos
1314 790 1479 859 haec
1521 793 1772 861 dicere?
1824 804 1900 861 ut
1931 796 2104 863 enim
2147 797 2278 865 iam
2313 798 2397 865 sit
2430 799 2546 867 ali-

487 908 611 971 qua
658 887 729 952 in
776 897 1013 954 natura
1054 909 1272 952 rerum
1312 888 1654 976 contagio,
1705 910 1902 974 quam
1947 912 2088 957 esse
2143 893 2424 959 concedo
2457 930 2547 945 —-

486 982 687 1048 multa
720 981 889 1049 enim
924 979 1129 1049 Stoici
1166 982 1525 1094 conligunt?
1561 1006 1715 1049 nam
1750 995 1818 1050 et
1860 985 2300 1052 musculorum
2331 987 2544 1053 iecus-

489 1076 636 1143 cula
674 1076 900 1143 bruma
944 1076 1245 1142 dicuntur
1297 1078 1549 1165 augeri,
1598 1089 1664 1145 et
1713 1080 2000 1166 puleium
2055 1080 2307 1147 aridum
2359 1080 2545 1149 flore·-

486 1192 662 1239 scere
715 1170 990 1237 brumali
1040 1170 1184 1258 ipso
1226 1171 1363 1249 die,
1416 1183 1481 1239 et
1523 1173 1780 1239 inflatas
1821 1176 2036 1262 rumpi
2078 1175 2424 1287 vesiculae,
2478 1188 2544 1244 et

480 1250 723 1332 semina
758 1266 1096 1342 malorum,
1133 1287 1299 1351 quae
1332 1266 1401 1333 in
1434 1267 1511 1333 iis
1546 1268 1776 1335 mediis
1809 1270 2060 1337 inclusa
2094 1271 2249 1347 sint,
2282 1271 2353 1337 in
2390 1294 2542 1337 con-

480 1360 697 1425 trarias
732 1360 939 1447 part-is
967 1383 1039 1427 se
1066 1371 1336 1441 vertere,
1372 1362 1503 1427 iam
1527 1385 1760 1430 nervos
1795 1363 1865 1430 in
1897 1363 2134 1432 fidibus
2160 1366 2300 1433 aliis
2336 1367 2540 1454 pulsis

479 1476 777 1523 resonare
813 1456 1003 1532 alios,
1059 1456 1415 1541 ostreisque
1451 1469 1517 1524 et
1562 1459 1912 1547 conchyliis
1947 1462 2244 1529 omnibus
2291 1464 2539 1530 contin-

474 1572 641 1636 gere,
675 1561 759 1617 ut
786 1573 937 1616 cum
969 1551 1126 1615 luna
1160 1552 1400 1638 pariter
1425 1566 1719 1621 crescant
1750 1556 2117 1643 pariterque
2143 1558 2536 1636 decrescant,

476 1646 865 1731 arboresque
899 1656 971 1711 ut
1005 1646 1265 1713 hiemali
1298 1657 1585 1736 tempore
1613 1672 1764 1715 cum
1796 1652 1952 1717 luna
1975 1651 2168 1717 simul
2203 1674 2540 1719 senescen-

473 1752 582 1819 tes,
618 1743 781 1828 quia
813 1752 955 1807 tum
991 1740 1348 1809 exsiccatae
1384 1743 1531 1821 sint,
1566 1746 1946 1831 tempestive
1983 1746 2164 1811 caedi
2197 1757 2534 1831 putentur,

474 1836 618 1920 quid
652 1839 745 1903 de
778 1835 963 1903 fretis
998 1845 1113 1902 aut
1146 1836 1226 1902 de
1261 1838 1523 1904 marinis
1558 1840 1840 1906 aestibus
1876 1839 2064 1927 plura
2094 1840 2342 1905 dicam?
2377 1862 2537 1927 quo·
2579 1866 2633 1905 u

468 1956 605 1999 rum
646 1956 955 2001 accessus
1002 1944 1069 1999 et
1099 1955 1389 2000 recessus
1423 1936 1616 2000 lunae
1653 1944 1834 2000 motu
1869 1935 2346 2021 gubernantur:
2401 1958 2537 2003 ses·

470 2041 649 2113 centa
694 2030 855 2095 licet
898 2028 1187 2097 eiusdem
1230 2028 1406 2095 modi
1448 2028 1751 2115 proferri,
1795 2039 1870 2093 ut
1913 2028 2286 2097 distantium
2319 2052 2535 2095 rerum

468 2125 769 2210 cognatio
821 2124 1130 2190 naturalis
1182 2124 1491 2210 adpareat
1516 2158 1625 2187 ,-
1667 2123 1893 2190 demus
1943 2123 2101 2200 hoc,
2153 2122 2313 2189 nihil
2366 2124 2538 2191 enim

466 2218 615 2285 huic
640 2212 1065 2305 disputationi
1100 2219 1505 2285 adversatur:
1541 2241 1701 2284 num
1729 2218 1944 2295 etiam,
1981 2221 2035 2283 si
2066 2218 2291 2285 fissum
2321 2220 2539 2286 cuius-

466 2314 619 2378 dam
656 2314 841 2379 modi
888 2314 1083 2380 fuerit
1127 2314 1197 2379 in
1238 2314 1481 2393 iecore,
1530 2315 1786 2381 lucrum
1829 2314 2224 2382 ostenditur?
2275 2337 2410 2400 qua
2451 2338 2535 2383 ex

464 2407 914 2476 coniunctione
958 2420 1229 2474 naturae
1272 2420 1339 2475 et
1379 2409 1566 2494 quasi
1601 2420 1918 2479 concentu
1962 2420 2158 2495 atque
2194 2431 2532 2495 consensu,
2589 2468 2596 2483 ,

469 2525 658 2589 quam
718 2502 1155 2587 συμπάθειαν
1209 2500 1450 2570 Graeci
1502 2504 1858 2591 appellant,
1921 2504 2261 2571 convenire
2322 2499 2534 2592 potest

468 2609 576 2663 aut
602 2598 839 2665 fissum
880 2597 1111 2664 iecoris
1147 2618 1295 2663 cum
1329 2598 1561 2664 lucello
1594 2620 1742 2666 meo
1777 2608 1892 2665 aut
1932 2622 2118 2666 meus
2161 2598 2531 2683 quaesticu-

467 2694 564 2760 lus
604 2718 763 2762 cum
807 2693 1016 2772 caelo,
1068 2704 1241 2759 terra
1288 2714 1634 2778 rerumque
1685 2695 1954 2761 natura?
2006 2693 2357 2763 concedam
2406 2693 2530 2757 hoc
2567 2713 2634 2767 15

462 2789 705 2875 ipsum,
764 2789 821 2854 si
866 2789 993 2866 vis,
1048 2788 1169 2854 etsi
1214 2811 1520 2875 magnam
1555 2788 1872 2854 iacturam
1907 2811 2142 2857 causae
2173 2788 2422 2863 fecere,
2475 2786 2532 2851 si

464 2886 657 2951 ullam
696 2906 845 2951 esse
881 2883 1393 2949 convenientiam
1434 2894 1705 2949 naturae
1740 2905 1889 2950 cum
1925 2884 2090 2951 extis
2126 2902 2528 2959 comesset-03

462 2982 571 3049 sed
620 2992 855 3047 tamen
906 3000 983 3045 eo
1036 2985 1337 3045 concesso
1383 2978 1495 3063 qui
1546 2978 1762 3045 evenit
1804 2988 1878 3043 ut
1924 2979 2012 3058 is,
2065 2978 2174 3063 qui
2225 2977 2528 3063 inpetrire
2572 3000 2624 3043 3⁵

460 3077 640 3156 velit,
697 3074 1192 3141 convenientem
1245 3073 1520 3139 hostiam
1579 3073 1776 3139 rebus
1827 3074 1962 3139 suis
2012 3074 2340 3140 immolet?
2407 3073 2530 3139 hoc

460 3182 611 3252 erat,
649 3171 837 3257 quod
872 3192 995 3257 ego
1030 3190 1163 3237 non
1194 3171 1383 3237 rebar
1414 3177 1605 3256 posse
1641 3168 1904 3235 dissolvi
1912 3194 1934 3249 3
1969 3179 2038 3234 at
2071 3190 2268 3254 quam
2300 3168 2531 3237 festive

460 3264 866 3332 dissolvitur!
910 3265 1113 3350 pudet
1157 3286 1260 3330 me
1294 3286 1427 3330 non
1460 3263 1557 3329 tui
1602 3262 1896 3347 quidem,
1944 3264 2126 3329 cuius
2162 3264 2358 3329 etiam
2391 3286 2528 3331 me-

455 3362 739 3427 moriam
771 3359 1070 3436 admiror,
1106 3358 1223 3425 sed
1252 3356 1621 3446 Chrysippi,
1647 3357 1998 3444 Antipatri,
2027 3356 2379 3434 Posidonii,
2416 3356 2530 3440 qui

456 3456 641 3523 idem
692 3453 857 3519 istuc
910 3454 1173 3539 quidem
1227 3453 1477 3531 dicunt,
1530 3452 1705 3537 quod
1758 3463 1857 3519 est
1909 3452 2152 3517 dictum
2205 3474 2246 3516 a
2295 3460 2392 3528 te,
2445 3449 2531 3515 ad

459 3548 745 3615 hostiam
787 3548 1199 3633 deligendam
1242 3547 1473 3613 ducem
1520 3569 1662 3613 esse
1709 3548 1842 3612 vim
1885 3545 2213 3630 quandam
2245 3540 2528 3611 sentien-

462 3654 595 3709 tem
626 3654 826 3727 atque
862 3642 1176 3721 divinam,
1222 3663 1391 3726 quae
1426 3652 1560 3708 toto
1597 3641 1867 3708 confusa
1901 3640 2141 3706 mundo
2175 3639 2281 3707 sit.
2366 3637 2529 3705 illud

464 3756 615 3803 vero
650 3738 855 3803 multo
890 3736 1086 3801 etiam
1120 3736 1378 3813 melius,
1423 3736 1598 3821 quod
1632 3745 1698 3801 et
1732 3760 1773 3801 a
1807 3747 1873 3802 te
1914 3745 2295 3821 usurpatum
2330 3743 2430 3799 est
2463 3744 2528 3801 et

464 3828 699 3897 dicitur
730 3832 816 3897 ab
859 3830 1014 3896 illis.
1070 3853 1219 3898 cum
1261 3831 1594 3897 immolare
1628 3830 1950 3916 quispiam
1983 3830 2166 3907 velit,
2211 3840 2352 3894 tum
2384 3826 2530 3893 fieri

466 3932 759 3991 extorum
791 3925 1244 4003 mutationem,
1288 3937 1363 3991 ut
1406 3936 1521 3991 aut
1565 3924 1736 3991 absit
1777 3924 2022 4009 aliquid
2065 3934 2175 3989 aut
2220 3922 2526 4009 supersit,

460 4014 733 4090 deorum
780 4021 957 4088 enim
1010 4021 1259 4087 numini
1309 4042 1538 4108 parere
1589 4019 1825 4086 omnia.
1928 4018 2092 4085 haec
2137 4017 2302 4096 iam,
2366 4016 2528 4083 mihi
2568 4036 2620 4079 ss

458 4110 688 4191 erede,
761 4138 849 4187 ne
916 4115 1211 4184 aniculae
1280 4116 1542 4203 quidem
1612 4114 2001 4183 exist-imant.
2123 4138 2210 4183 an
2279 4137 2536 4195 censes,

2061 4216 2130 4273 12
2143 4218 2168 4245 ’
