3292 4559
601 254 730 303 XVI
1391 220 1731 300 annorum
1770 254 2019 299 cmmA.

601 386 708 442 que
735 366 910 433 Henr.
943 368 1290 439 Stephanus:
1326 376 1593 438 statusque
1619 365 1679 423 C.
2700 392 2711 395 -

599 476 670 489 ——·
699 450 932 501 tradetur
969 446 1057 501 cd.
1085 444 1479 499 Bononiensis:
1519 446 1682 497 tradi·
1847 443 1923 498 M.
1962 442 2235 499 TULLII
2270 444 2676 511 CICERONIS

601 534 685 578 tur
703 522 767 579 C.
793 526 812 593 n
843 528 922 576 12.
950 525 1333 593 superiorisque
1359 520 1534 575 Henr.
1559 519 1681 575 Ste-
1949 526 2055 583 DE
2088 528 2191 583 RE
2225 528 2569 588 PUBLIGA

598 601 847 684 phanus:
883 602 1184 671 superisque
1211 598 1272 654 C.
1296 625 1360 639 ---
1381 610 1584 687 semper
1609 600 1680 651 is-
2039 635 2221 676 LIBER
2248 636 2468 679 PRIMUS,

599 680 712 731 dem
733 676 796 737 C.
813 706 884 717 -
901 677 970 731 ab
987 678 1052 729 iis
1070 674 1408 731 Lambinus:
1445 692 1480 728 a
1498 675 1598 727 dim
1613 672 1677 729 C.

597 784 668 795 ——
720 756 924 808 animos
985 752 1294 823 corporibus
1357 749 1675 806 Per-ionius:
1782 752 1830 823 ς.
1855 758 1900 804 1.
1944 753 2009 807 6¹.
2032 750 2149 807 OT.
2168 774 2238 795 -ι-
2255 756 2475 824 apertis
2488 756 2637 812 Mus
2654 761 2805 814 urbis

599 832 788 885 animis
807 846 1034 900 corpora
1051 828 1114 885 O.
1133 859 1203 872 —
1220 830 1294 883 ad
1309 844 1538 899 corpora
1555 827 1678 882 Ma·
1714 844 1957 883 avorsum
1982 827 2228 885 Dobree.
2248 850 2318 873 ὼ·
2334 830 2566 903 fuerunt,
2597 845 2645 889 et
2672 840 2800 909 quia

597 906 814 961 nutius:
850 909 923 961 ad
947 924 1175 977 corpora
1199 907 1500 960 necessitate
1528 902 1590 959 C.
1608 934 1680 946 —
1712 915 1835 960 sunt
1858 905 2143 961 Halmius:
2180 906 2395 975 ficerunt
2420 916 2471 964 et
2486 913 2580 983 qui
2592 923 2714 967 sunt
2732 913 2797 970 C.

598 986 876 1037 excitatum
900 985 1328 1053 coniunctumque
1353 979 1677 1036 Perionius:
1717 982 1936 1038 ‘Prima
1961 998 2159 1037 manus
2186 984 2246 1038 in
2272 1001 2339 1040 eo
2367 989 2491 1041 erat
2507 990 2571 1041 ut
2589 988 2797 1046 scribe-

597 1061 818 1115 eoecitato
871 1061 1246 1130 coniunctoque
1289 1056 1352 1113 Ο.
1389 1088 1460 1099 --
1493 1059 1582 1113 ira·
1629 1069 1678 1112 ct
1712 1064 1799 1114 ret
1835 1076 1987 1129 qm,
2025 1061 2127 1115 sed
2164 1078 2231 1116 ex
2263 1078 2301 1116 A
2337 1062 2529 1118 statim
2562 1062 2700 1120 fecit
2735 1068 2800 1121 s.’

597 1146 731 1191 metu
757 1135 822 1192 O.
839 1164 910 1178 —-
937 1138 1198 1190 contrarie
1231 1134 1408 1189 Henr.
1439 1132 1677 1206 Stepha-
1711 1136 2240 1208 DuRmu.(ftoerunt,
2259 1141 2385 1209 quia
2400 1138 2797 1216 suntKayser.)

597 1230 729 1267 nus:
758 1214 1051 1266 contrarios
1069 1211 1131 1268 C.
1152 1241 1221 1254 --
1239 1212 1488 1266 dediderit
1503 1209 1674 1266 Lam·
1716 1244 1780 1254 -—-
1800 1214 1941 1267 haud
1955 1212 2167 1268 Maius:
2204 1231 2310 1269 om.
2331 1214 2391 1273 O.
2418 1218 2437 1285 ΙΙ
2464 1221 2510 1269 2.
2531 1220 2671 1289 quod
2685 1237 2798 1273 non

595 1288 790 1344 binus:
835 1290 1032 1343 dederit
1064 1287 1126 1343 C.
1167 1315 1236 1329 -·-
1271 1290 1475 1355 anima,
1514 1306 1675 1360 aqua,
1712 1291 1781 1344 ab
1815 1289 2023 1344 Maius:
2068 1294 2209 1361 quod
2241 1294 2308 1347 ab
2340 1291 2405 1348 C.
2440 1322 2509 1333 —-
2544 1296 2799 1365 attempta

599 1376 744 1420 terra
761 1364 1142 1436 Wesenberg:
1162 1366 1344 1419 anima
1361 1374 1515 1435 atque
1533 1376 1679 1419 terra
1710 1366 1996 1421 Halmius:
2034 1368 2295 1438 descripta
2330 1367 2447 1425 GT.
2473 1399 2541 1410 —
2568 1374 2795 1441 turpitu-

599 1441 662 1498 Ο.
691 1443 712 1513 ΙΙ
737 1448 817 1495 13.
847 1443 1152 1511 aliosqucin
1170 1453 1203 1495 t.
1225 1440 1288 1497 C.
1307 1451 1632 1495 —terram-
1654 1472 1676 1483 -
1711 1445 1847 1497 dinis
1892 1442 2192 1499 Heinrich:
2252 1448 2523 1516 turpidinis
2566 1444 2629 1501 C.
2670 1447 2693 1519 11
2740 1453 2794 1503 8.

598 1521 780 1573 lunam
797 1516 1116 1573 Perionius:
1139 1528 1281 1572 terra
1301 1548 1322 1559 -
1342 1548 1366 1559 -
1385 1520 1514 1572 luna
1533 1516 1677 1574 G.-—-
1711 1529 1941 1591 expertes
1955 1530 2078 1574 sunt
2096 1518 2289 1575 Osann
2308 1528 2367 1577 et
2384 1520 2539 1578 otto:
2558 1534 2799 1593 expertes

595 1612 740 1665 quae
754 1604 874 1649 sunt
891 1597 1180 1663 spatiorum
1199 1598 1441 1664 temporis
1457 1596 1611 1663 siyna
1627 1604 1677 1649 ct
1711 1599 1816 1651 sint
1848 1594 1912 1651 Ο.
1941 1625 2011 1637 —-
2045 1600 2360 1653 voluntatem
2394 1595 2609 1654 Moser:
2644 1604 2795 1655 volu-

598 1680 752 1725 notae
785 1686 915 1725 nos:
961 1688 1096 1743 quae
1127 1681 1250 1725 sunt
1283 1673 1354 1725 ad
1387 1674 1676 1741 spatiorum
1706 1684 1905 1745 ptatem
1960 1674 2025 1730 C.
2073 1676 2093 1746 ss
2147 1667 2195 1728 5.
2240 1676 2625 1729 Atheniensium
2679 1678 2793 1734 del.

595 1750 840 1820 temporie
873 1750 1026 1818 signa
1051 1757 1099 1801 et
1123 1757 1280 1802 notae
1297 1745 1360 1817 C,
1397 1766 1532 1820 quae
1555 1756 1677 1802 sunt
1710 1751 1949 1822 Kayser.
1977 1754 1995 1820 ΙΙ
2022 1757 2071 1805 6.
2098 1754 2427 1821 [principum
2446 1755 2649 1822 caedes]
2670 1752 2791 1809 Mo-

597 1827 670 1879 ad
683 1827 972 1895 spatiorum
988 1824 1232 1894 temporie
1248 1825 1677 1897 siqnificationem
1712 1844 1835 1883 sero
1874 1833 2104 1883 auctore
2124 1828 2196 1883 Τ.
2232 1828 2557 1899 (principum
2594 1833 2793 1901 caedes,

595 1912 750 1957 notae
785 1902 908 1971 alii,
957 1918 1092 1973 quae
1125 1910 1248 1954 sunt
1282 1902 1354 1954 ad
1385 1902 1673 1971 spatiorum
1710 1906 1936 1959 aliorum
1996 1907 2272 1960 multorum
2334 1915 2503 1975 pestes
2565 1904 2795 1963 Urlichs

595 1980 841 2049 temporis
857 1980 1286 2051 siqnificationcm
1309 1979 1518 2049 [notae]
1533 1977 1673 2033 Hal-
1713 1980 1875 2035 ‘Eos’
1910 1980 1957 2035 I.
1996 1999 2054 2052 p.
2094 1982 2202 2054 64.)
2228 2011 2298 2021 —
2330 1998 2443 2035 meo
2477 1982 2795 2039 Arusianus

595 2055 707 2110 mio
736 2060 964 2111 auctore
985 2055 1054 2110 Τ.
1083 2051 1210 2126 (ὅσα
1242 2052 1446 2125 ὄργανα
1467 2056 1673 2125 χρόνον
1709 2057 1947 2113 Messius
1968 2060 2045 2130 (p.
2070 2064 2167 2112 216
2187 2058 2499 2130 Lindem.):
2538 2074 2644 2113 om.
2666 2058 2728 2117 O.
2756 2064 2777 2131 fl

594 2133 806 2206 Plato.)
823 2135 1175 2203 -principes
1199 2148 1256 2186 se
1281 2133 1534 2202 ducesque
1550 2130 1673 2185 Ma·
1711 2141 1756 2190 7.
1799 2134 1958 2199 Quae
1986 2135 2120 2191 huic
2150 2136 2197 2207 ἓ.
2225 2137 2650 2207 praecesserint,
2689 2154 2792 2208 ap-

595 2210 807 2265 nutius:
836 2210 1130 2280 principem
1156 2224 1214 2262 se
1229 2210 1506 2279 ducemque
1523 2207 1584 2275 O.
1604 2237 1675 2250 —
1708 2217 1872 2282 paret
1899 2228 1967 2267 ex
1994 2228 2074 2267 or.
2103 2211 2412 2267 Pisoniana
2438 2212 2487 2285 §-
2509 2218 2537 2267 6
2568 2218 2704 2267 extr.
2734 2220 2797 2269 et

595 2288 850 2356 inliqabat
867 2286 928 2341 C.
943 2286 1206 2355 -totum]
1227 2293 1368 2337 motu
1377 2283 1669 2355 ABEGM,
1710 2288 1871 2359 epist.
1893 2289 1966 2345 ad
1982 2288 2161 2344 famil.
2182 2288 2253 2359 V,
2277 2296 2325 2358 2,
2350 2296 2397 2342 7.
2426 2291 2445 2357 n
2472 2295 2521 2344 8.
2546 2293 2723 2359 genuit
2740 2302 2793 2345 et

595 2374 788 2417 motum
812 2363 882 2419 V.
900 2379 1120 2433 -pone
1155 2372 1201 2415 et
1237 2363 1310 2414 ad
1333 2360 1671 2416 Lambinus:
1708 2368 1941 2420 educavit
1955 2366 2199 2436 Kayser.
2222 2366 2242 2436 ΙΙ
2273 2371 2319 2419 9.
2346 2374 2621 2435 exceptare
2646 2366 2793 2421 Hal-

587 2457 730 2511 pone
754 2440 826 2492 ad
849 2438 909 2493 O.
929 2440 1166 2493 ——modo
1191 2440 1342 2504 illuc]
1381 2436 1524 2493 Tres
1551 2438 1671 2494 fere
1706 2442 1877 2496 mius:
1914 2452 2187 2513 expectare
2221 2440 2337 2496 OT.
2375 2444 2395 2509 ΙΙ
2434 2447 2513 2495 10.
2552 2444 2797 2499 accidere

597 2518 798 2571 desunt
830 2514 1075 2587 paginae
1111 2514 1382 2569 orationis
1415 2514 1671 2570 Platoni·
1701 2530 1879 2589 posset
1896 2519 2012 2575 OT.
2036 2522 2057 2591 fl
2088 2526 2166 2573 12.
2180 2516 2425 2588 pluribus
2439 2516 2649 2572 Moser:
2666 2522 2794 2590 plu-

595 2609 714 2649 cae.
800 2590 994 2647 Verba
1039 2596 1170 2647 ante
1204 2591 1420 2645 hiatum
1471 2592 1672 2647 ultima
1706 2599 1855 2650 runis
1870 2596 1932 2651 C.
1952 2628 2020 2637 —
2038 2599 2088 2649 si
2106 2596 2243 2665 [qui]
2268 2594 2373 2661 ipsi
2384 2590 2625 2663 Kayser.
2658 2597 2679 2665 ss
2706 2602 2796 2651 13.

593 2671 736 2726 haec
773 2674 902 2723 sunt
935 2668 1086 2739 apud
1119 2667 1418 2724 Platonem
1443 2684 1499 2739 p.
1526 2675 1592 2723 43
1619 2669 1671 2723 Β
1706 2674 1938 2727 discendi
1967 2669 2174 2726 Maius:
2210 2669 2503 2723 decedendi
2526 2667 2587 2723 C.
2608 2700 2679 2711 -—
2708 2690 2797 2727 es-

595 2748 683 2805 ed.
725 2744 916 2817 Steph.
970 2748 1120 2799 κάτω
1175 2767 1236 2799 τε
1279 2752 1371 2799 καὶ
1415 2743 1530 2800 ἄνω
1579 2752 1671 2799 καὶ
1704 2749 1983 2804 semu-3⁴⁶⁴*
2002 2757 2240 2802 auctores
2257 2744 2541 2799 Halmius:
2562 2761 2797 2805 essemus·

595 2825 793 2892 πάντη.
866 2822 1160 2893 Abruptae
1203 2823 1470 2878 orationis
1512 2821 1671 2877 filum
1707 2836 1945 2881 auctores
1964 2824 2025 2881 C.
2054 2823 2397 2895 (mordentem,
2424 2838 2533 2875 non
2549 2826 2703 2878 modo
2723 2857 2747 2867 -
2770 2857 2794 2868 -

593 2903 683 2957 his
717 2901 901 2957 verbis
945 2918 1002 2972 p.
1033 2906 1098 2953 46
1124 2900 1180 2953 Α
1204 2916 1394 2955 rursus
1421 2900 1669 2956 annecti-
1706 2904 1924 2956 docendi
1962 2918 2071 2955 esse
2098 2916 2380 2972 possumus
2416 2908 2655 2955 auctores
2688 2900 2789 2957 Fr.

592 2986 708 3033 tur:
753 2979 876 3033 ἑνός
911 2993 972 3031 τε
1009 2968 1080 3030 αὖ
1117 2984 1245 3050 περὶ
1279 2978 1382 3046 τὴν
1416 2978 1671 3045 λειότητα
1704 2978 2057 3046 Buecheler.)
2083 3009 2151 3019 -
2177 2977 2332 3032 Fort.
2360 2992 2539 3029 rerum
2559 2993 2617 3046 p.
2656 2978 2791 3049 (pu-

594 3060 700 3112 cet.
728 3058 748 3123 ΙΙ
777 3061 857 3108 14.
877 3056 967 3108 sed
981 3056 1052 3121 si]
1079 3057 1170 3109 scd
1186 3057 1228 3109 ii
1238 3056 1335 3124 Al,
1362 3058 1454 3109 sed
1475 3056 1554 3108 his
1570 3055 1669 3124 ΑΒ,
1708 3058 1986 3129 blicamm)
2015 3058 2315 3126 pertineret.
2344 3084 2414 3093 —
2439 3062 2515 3106 est
2543 3063 2787 3124 praeter·

593 3135 685 3187 sed
709 3134 772 3187 tie
797 3131 864 3201 B,
895 3133 986 3185 sed
1011 3133 1076 3187 iis
1100 3132 1198 3202 Vl,
1227 3135 1318 3186 sed
1342 3136 1388 3186 is
1403 3130 1669 3187 EGMW.
1704 3136 1919 3187 missum
1936 3150 2063 3188 nos:
2075 3132 2503 3203 praetermissum
2522 3128 2608 3199 01,
2618 3147 2787 3199 prae-

592 3238 663 3249 —
725 3209 1014 3263 existimant
1082 3205 1257 3266 Henr.
1323 3208 1667 3278 Stephanus:
1708 3212 1999 3265 ter-missum
2026 3218 2157 3281 puto
2191 3206 2468 3263 recentior
2499 3205 2782 3277 manusin

593 3288 870 3340 aestimant
894 3286 1087 3355 ΑΒΜ,
1125 3290 1362 3341 estimant
1385 3284 1507 3352 EV,
1546 3286 1671 3338 exti-
1706 3285 1751 3341 O
1778 3292 1837 3342 et
1854 3286 1924 3355 Τ,
1947 3288 2425 3357 praeta-missumst
2450 3280 2718 3337 Halmius.
2744 3283 2767 3353 ΙΙ

591 3372 742 3417 mant
763 3362 827 3419 C.
847 3390 916 3405 --
939 3366 1090 3434 iqnis,
1118 3366 1313 3431 anima,
1340 3379 1498 3433 aqua,
1527 3371 1673 3415 terra
1710 3369 1791 3416 14.
1821 3366 2082 3418 Tuditano
2110 3372 2158 3417 et
2186 3362 2397 3433 Aquilio
2434 3376 2536 3413 cos.
2564 3355 2789 3413 Osann:

591 3456 718 3493 nos:
754 3440 890 3509 iynis
908 3458 1048 3511 aqua
1065 3450 1210 3494 terra
1228 3439 1290 3509 C,
1311 3440 1446 3509 ἐφιεὶς
1463 3448 1510 3493 et
1527 3455 1671 3508 aqua
1709 3441 1965 3494 Mitano
1984 3457 2129 3495 cons.
2151 3448 2199 3493 et
2217 3438 2429 3508 Aquilio
2448 3434 2644 3492 ΟΤ.-
2662 3444 2788 3489 tem·

591 3526 640 3569 et
673 3518 852 3571 anima
887 3527 934 3570 et
969 3526 1114 3571 terra
1142 3516 1256 3572 alii.
1303 3515 1388 3572 Of.
1417 3532 1466 3570 c.
1501 3521 1581 3568 12.
1603 3544 1671 3556 —-
1703 3532 1807 3586 pue
1832 3526 1905 3571 est
1932 3519 2005 3570 ad
2021 3515 2067 3571 O
2096 3516 2219 3586 (sed
2238 3524 2313 3568 est
2331 3523 2501 3583 supra
2516 3511 2793 3585 versum):

591 3610 756 3665 neque
771 3596 1024 3660 debiturn]
1050 3593 1191 3665 Pag.
1212 3601 1276 3647 47
1296 3592 1346 3646 Β
1366 3591 1454 3647 ed.
1475 3590 1671 3662 Steph.
1710 3602 1907 3662 tempus
1934 3595 2006 3646 ad
2032 3592 2102 3645 Τ.
2122 3592 2399 3645 —liberos
2417 3590 2479 3646 C.
2499 3598 2643 3643 —tu
2668 3606 2799 3643 uero

591 3670 736 3725 haec
779 3675 998 3725 exstant
1031 3668 1287 3725 Platonis
1321 3668 1496 3724 verba
1541 3666 1668 3721 οὔθ’
1706 3668 1927 3741 Reisig:
1965 3678 2206 3723 atutuero
2242 3667 2287 3724 O
2324 3666 2549 3740 (deletis
2586 3664 2800 3721 litteris

593 3742 706 3815 ἥξει
736 3753 878 3802 ποτὲ
903 3752 988 3817 τῷ
1017 3748 1214 3815 θνητῷ
1240 3752 1386 3821 γένει
1413 3743 1677 3816 δωρηθέν
1706 3744 1804 3817 ut),
1834 3756 1889 3799 at
1907 3756 1962 3801 tu
1978 3764 2099 3802 vero
2120 3744 2321 3814 Maiae,
2354 3754 2409 3799 at
2426 3754 2483 3799 tu
2500 3742 2797 3797 Heinrich.

595 3828 654 3877 ἐκ
673 3825 832 3877 θεῶν
847 3854 934 3892 --,
954 3824 1014 3878 in
1031 3839 1176 3893 quae
1195 3823 1310 3879 exit
1325 3823 1432 3877 hoc
1451 3820 1673 3879 Cicero·
1708 3853 1778 3864 —
1812 3824 1995 3879 libente
2028 3822 2243 3879 Maius:
2290 3823 2503 3876 libenter
2538 3818 2599 3875 G.
2646 3820 2665 3891 [1
2710 3826 2798 3873 15.

593 3900 680 3952 nis
723 3898 1117 3971 fragmentum.
1207 3898 1360 3955 Hine
1403 3900 1673 3956 orationis
1710 3902 1957 3971 consequi
1998 3908 2177 3971 posset
2227 3897 2483 3954 Lehner:
2548 3898 2805 3967 consequi

594 3974 926 4033 Platonicae
961 3977 1206 4048 paginae
1233 3976 1428 4032 XLVI
1454 3976 1672 4032 deside·
1708 3979 1875 4046 possit
1908 3976 2025 4032 OT.
2072 3976 2093 4049 ΙΙ
2137 3982 2219 4029 16.
2257 3992 2423 4029 causa
2458 3972 2676 4031 Nonius
2714 3973 2801 4043 (p.

592 4054 804 4104 rantur.
1688 4020 1863 4123 Ι260)ε
1901 4070 2006 4108 om.
2028 4054 2091 4110 O.
2116 4053 2135 4124 ΙΙ
2167 4060 2246 4106 17.
2265 4054 2415 4106 huius
2442 4050 2640 4106 Klotz:
2679 4053 2803 4105 lau-
