3292 4559
883 271 992 327 DE
1025 269 1353 326 DEORUM
1385 270 1715 328 NATURA
1746 270 1793 325 Ι.
1830 271 2069 325 15-21.
2506 262 2548 326 9

483 396 676 473 derit,
711 408 784 462 tu
800 406 1028 461 autem
1055 396 1203 460 nolo
1232 394 1554 460 existimes
1582 416 1686 461 me
1712 395 2070 461 adiutorem
2103 396 2254 461 huic
2282 395 2549 475 venisse,

483 492 610 557 sed
644 491 1025 567 auditorem,
1071 500 1136 555 et
1179 489 1439 573 quidem
1473 511 1782 575 aequum,
1824 490 2027 557 libero
2062 490 2295 558 iudicio
2308 538 2328 569 ,
2374 492 2553 557 nulla

485 585 632 654 eius
667 584 837 651 modi
873 586 1250 652 adstrictum
1275 585 1673 663 necessitate,
1709 597 1782 652 ut
1814 586 1973 650 mihi
2008 586 2203 652 velim
2234 586 2432 651 nolim
2467 585 2553 651 sit

485 692 668 747 certa
703 682 1021 765 quaedam
1053 680 1294 747 tuenda
1331 681 1683 747 sententia?

625 776 799 841 Tum
831 775 1118 841 Velleius
1161 774 1432 841 fidenter
1465 797 1651 852 sane,
1698 786 1771 840 ut
1806 776 2011 841 solent
2043 776 2179 853 isti,
2222 774 2382 841 1111111
2415 786 2548 841 10111
2582 777 2617 832 8

487 892 722 935 verens
773 889 970 952 quam
1014 892 1096 934 ne
1143 868 1434 935 dubitare
1480 869 1697 953 aliqua
1742 869 1821 935 de
1865 892 1934 935 re
1979 870 2329 948 videretur,
2383 880 2548 935 tam-
2576 850 2625 890 ¹⁸

489 986 692 1047 quam
725 964 915 1029 modo
953 986 1034 1028 ex
1067 962 1334 1029 deorum
1371 964 1636 1029 concilio
1662 974 1738 1050 et
1782 986 1862 1029 ex
1896 962 2163 1049 Epicuri
2196 964 2548 1029 intermun-

489 1058 618 1123 diis
653 1057 1112 1135 descendisset,
1159 1064 1178 1093 ‘
1191 1056 1432 1123 audite'
1469 1057 1675 1141 inquit
1720 1064 1878 1123 ‘non
1912 1058 2141 1123 futtilis
2177 1058 2549 1123 commenti·

489 1150 753 1234 ciasque
789 1150 1153 1228 sententias,
1188 1173 1318 1215 non
1344 1152 1639 1237 opificem
1674 1151 2269 1236 aedificatoremque
2303 1150 2545 1227 mundi,

488 1244 782 1311 Platonis
820 1245 899 1310 de
936 1244 1204 1311 Timaeo
1241 1246 1433 1311 deum
1447 1292 1467 1323 ,
1511 1267 1633 1312 nec
1669 1269 1864 1311 0110111
1898 1246 2256 1324 fatidicam,
2294 1243 2547 1313 Stoico-

488 1362 638 1404 rum
681 1338 1028 1423 πρόνοιαν,
1083 1362 1279 1423 quam
1323 1340 1557 1405 Latine
1612 1340 1763 1405 licet
1806 1340 2273 1428 providentiam
2317 1340 2547 1417 dicere,

488 1456 702 1517 neque
735 1453 888 1499 vero
917 1434 1230 1499 mundum
1263 1435 1477 1520 ipsum
1505 1434 1717 1501 animo
1746 1445 1811 1501 et
1844 1435 2136 1501 sensibus
2169 1435 2549 1521 praeditum,

489 1528 857 1605 rotundum,
895 1528 1251 1609 ardentem,
1289 1528 1637 1595 volubilem
1674 1530 1895 1607 deum,
1932 1540 2227 1616 portenta
2260 1540 2324 1595 et
2358 1529 2549 1593 mira-

489 1624 636 1687 cula
669 1644 799 1687 non
835 1622 1279 1690 disserentium
1322 1624 1874 1711 philosophorum,
1928 1624 2040 1691 sed
2076 1622 2547 1689 somniantium.

488 1718 723 1801 quibus
769 1717 940 1783 enim
985 1718 1185 1799 oculis
1229 1718 1462 1784 intueri
1505 1719 1714 1804 potuit
1758 1729 1969 1785 vester
2000 1718 2191 1783 Plato
2236 1718 2549 1783 fabricam
2575 1738 2623 1779 19

488 1812 665 1876 illam
717 1814 878 1876 tanti
933 1813 1173 1897 operis,
1226 1833 1356 1895 qua
1403 1813 1687 1877 construi
1730 1836 1771 1877 a
1814 1814 1935 1877 deo
1980 1822 2173 1896 atque
2226 1812 2549 1877 aedificari

425 1951 431 1961 -
491 1905 804 1969 mundum
838 1905 1032 1968 facit?
1083 1927 1250 1987 quae
1285 1905 1568 1969 molitio?
1619 1926 1785 1987 quae
1822 1906 2243 1969 ferramenta?
2289 1905 2401 1988 qui
2434 1927 2547 1970 ve-

493 1997 666 2062 ctes?
701 2018 868 2079 quae
895 1997 1266 2063 machinae?
1301 1998 1409 2079 qui
1444 1997 1717 2061 ministri
1750 1997 1911 2061 tanti
1936 1998 2218 2062 muneris
2246 1998 2546 2062 fuerunt?

492 2112 686 2175 quem
723 2091 806 2153 ad
841 2089 1102 2155 modum
1139 2101 1354 2155 autem
1387 2091 1689 2173 oboedire
1724 2102 1790 2157 et
1832 2113 2057 2177 parere
2101 2090 2413 2156 voluntati
2449 2114 2551 2155 ar-

493 2184 746 2250 chitecti
774 2190 902 2261 aer,
937 2184 1127 2270 ignis,
1157 2208 1344 2269 aqua,
1380 2196 1549 2251 terra
1577 2186 1959 2271 potuerunt?
1994 2184 2165 2251 unde
2192 2207 2343 2251 vero
2372 2196 2547 2250 ortae

492 2282 639 2347 illae
677 2280 961 2364 quinque
1005 2280 1278 2356 formae,
1332 2303 1368 2346 0
1403 2281 1636 2365 quibus
1674 2281 1921 2365 reliqua
1961 2280 2347 2356 formantur,
2400 2292 2547 2366 apte

490 2376 790 2441 cadentes
837 2374 921 2439 ad
963 2374 1248 2439 animum
1291 2375 1717 2441 adficiendum
1770 2374 2237 2460 pariendosque
2285 2375 2548 2440 sensus?

490 2470 757 2557 longum
792 2480 890 2535 est
923 2470 1006 2534 ad
1043 2470 1286 2547 omnia,
1341 2491 1506 2554 quae
1551 2470 1705 2536 talia
1748 2482 1926 2547 sunt,
1980 2481 2053 2534 ut
2087 2481 2305 2556 optata
2339 2469 2546 2555 magis

491 2586 687 2647 quam
729 2563 996 2635 inventa
1031 2563 1388 2629 videantur.
1475 2564 1592 2630 sed
1634 2564 1746 2629 illa
1789 2564 2127 2650 palmaria,
2182 2564 2382 2647 quod,
2436 2562 2547 2647 qui
2574 2584 2623 2623 20

491 2680 620 2723 non
655 2658 846 2723 modo
881 2668 1104 2723 natum
1137 2659 1450 2724 mundum
1481 2659 1935 2735 introduxerit,
1973 2658 2087 2722 sed
2122 2658 2317 2722 etiam
2350 2680 2547 2721 manu

492 2774 696 2838 paene
742 2752 1014 2829 factum,
1065 2753 1122 2817 is
1167 2774 1314 2817 eum
1363 2753 1594 2818 dixerit
1637 2753 1777 2819 fore
1812 2752 2287 2837 sempiternum.
2376 2749 2547 2815 hunc

494 2868 714 2911 censes
757 2845 1004 2931 primis,
1059 2856 1132 2909 ut
1167 2845 1425 2924 dicitur,
1477 2846 1674 2911 labris
1718 2856 2013 2931 gustasse
2057 2843 2547 2931 physiologiam,

494 2940 561 3003 id
595 2950 692 3003 est
725 2950 991 3003 naturae
1026 2939 1364 3015 rationem,
1412 2939 1524 3023 qui
1566 2940 1942 3024 quicquam,
1990 2940 2167 3024 quod
2200 2950 2411 3004 ortum
2445 2939 2547 3015 sit,

495 3042 676 3117 putet
711 3042 1042 3096 aeternum
1077 3055 1214 3097 esse
1251 3035 1479 3117 posse?
1523 3055 1690 3117 quae
1736 3045 1833 3099 est
1867 3034 2038 3099 enim
2082 3034 2547 3120 coagmentatio

497 3148 626 3191 non
661 3125 1084 3191 dissolubilis?
1137 3137 1250 3191 aut
1283 3127 1438 3210 quid
1474 3139 1598 3205 est,
1646 3128 1827 3213 cuius
1872 3128 2256 3214 principium
2290 3128 2551 3213 aliquod

498 3221 596 3298 sit,
631 3219 790 3285 nihil
827 3219 908 3283 sit
951 3222 1342 3285 extremum?
1393 3221 1678 3309 accirem
1722 3244 1872 3287 vero
1919 3232 2159 3299 vestra,
2207 3222 2451 3299 Lucili,
2496 3222 2555 3287 si

498 3325 596 3380 est
637 3318 871 3391 eadem,
924 3314 1150 3380 eadem
1181 3315 1464 3399 requirO,
1521 3338 1686 3400 quae
1738 3316 1931 3402 paulo
1976 3328 2153 3393 ante,
2206 3317 2547 3390 ministros,

498 3408 854 3487 machinas,
902 3430 1156 3475 omnem
1191 3410 1386 3475 totius
1421 3412 1630 3496 operis
1668 3411 2172 3497 designationem
2208 3422 2399 3494 atque
2436 3408 2550 3472 ad·-

499 3514 820 3589 paratum,
875 3503 975 3568 sin
1025 3503 1151 3569 alia
1203 3516 1328 3582 est,
1393 3528 1506 3569 cur
1558 3504 1892 3571 mortalem
1943 3504 2166 3570 fecerit
2214 3502 2546 3577 mundum,

499 3620 626 3661 non
637 3644 656 3674 ,
710 3618 904 3681 quem
955 3598 1039 3662 ad
1091 3598 1352 3664 modum
1405 3599 1777 3665 Platonicus
1832 3600 2021 3677 deus,
2074 3596 2547 3681 sempiternum.

503 3691 583 3755 ab
617 3700 891 3774 utroque
935 3702 1152 3757 autem
1197 3693 1509 3769 sciscitor,
1565 3716 1681 3759 cur
1712 3694 1937 3757 mundi
1974 3690 2407 3757 aedificatores
2450 3709 2551 3753 re·
2584 3691 2617 3743 9

502 3796 689 3871 pente
735 3785 1118 3863 exstiterint,
1168 3787 1656 3854 innumerabilia
1709 3790 1919 3853 saecla
1972 3782 2367 3860 dormierint,
2421 3804 2553 3847 non
2577 3764 2627 3805 ²²

503 3880 699 3957 enim,
751 3879 809 3944 si
843 3880 1121 3945 mundus
1166 3883 1378 3947 nullus
1415 3894 1580 3960 erat,
1635 3882 1847 3948 000010
1887 3901 2019 3946 11011
2052 3887 2250 3943 010111.
2342 3878 2553 3944 saecla

503 3994 670 4039 nunc
705 3973 848 4039 dico
884 3996 1013 4040 non
1049 3998 1156 4055 ea,
1211 3998 1376 4061 quae
1411 3976 1661 4043 dierum
1694 3974 2103 4056 noctiumque
2135 3994 2401 4039 numero
2436 3996 2552 4037 an·-

505 4066 644 4133 11010
697 4068 988 4135 cursibus
1041 4070 1492 4151 conficiuntur3
1543 4092 1697 4137 nam
1750 4070 1955 4137 fateor
1991 4090 2085 4141 ,ea
2138 4067 2274 4134 sine
2326 4070 2553 4135 mundi
