3292 4559
651 149 784 222 280
1261 160 1339 216 M.
1377 158 1655 217 TULLII
1688 158 2090 218 CICERoMs

645 294 722 350 ut
753 292 972 351 nostra
1005 284 1076 348 in
1111 283 1346 349 amicos
1391 283 1837 349 benevolentia
1876 282 2130 349 illorum
2166 305 2321 369 erga
2354 304 2473 349 nos
2509 286 2715 353 bene-

648 378 964 445 velentiae
1007 378 1246 464 pariter
1287 377 1765 462 aequaliterque
1807 376 2222 462 respondeat,
2275 377 2559 457 tertiam,
2613 393 2713 459 ut,

550 495 604 540 6⁷
649 473 872 556 quanti
907 473 1178 558 quisque
1215 494 1282 537 se
1317 471 1456 557 ipse
1482 471 1698 549 faeiat,
1734 472 1893 536 tanti
1928 470 2040 535 fiat
2067 468 2151 535 ab
2179 470 2421 537 amicis.
2478 472 2711 541 harum

548 2096 600 2137 59

646 567 841 633 trium
876 566 1332 633 sententiarum
1365 564 1524 629 nulli
1555 587 1819 650 prorsus
1854 563 2201 630 adsentior:
2236 588 2357 630 nec
2392 565 2563 632 enim
2597 567 2710 634 illa

645 661 854 749 prima
887 684 1040 727 vera
1075 671 1198 737 est,
1244 670 1344 736 ut,
1393 682 1586 745 quem
1621 661 1707 725 ad
1739 659 2004 723 modum
2044 659 2113 723 in
2139 654 2228 725 ‘se
2264 659 2569 749 quisque,
2614 662 2708 728 sic

643 756 715 821 in
749 755 1028 821 amicum
1062 755 1146 819 sit
1179 754 1526 832 animatus3
1573 774 1771 837 quam
1802 753 2005 817 multa
2040 753 2240 831 enim,
2287 774 2453 838 quae
2488 767 2709 821 nostra

647 871 842 914 causa
883 870 1236 933 numquam
1279 847 1636 913 faceremus
1651 896 1672 925 ,
1716 846 1991 912 facimus
2028 844 2282 933 [causa]
2324 848 2703 916 amicorum!

646 942 894 1029 precari
927 943 1012 1008 ab
1046 942 1343 1029 indignO,
1381 942 1773 1028 supplicare,
1818 951 1957 1005 tum
1992 942 2283 1009 acerbius
2320 942 2387 1007 in
2423 944 2706 1028 aliquem

644 1036 863 1103 invehi
903 1036 1330 1121 insectarique
1375 1036 1848 1113 vehementiae,
1901 1058 2069 1121 quae
2120 1035 2189 1101 in
2230 1036 2463 1101 nostris
2508 1039 2704 1105 rebus

645 1152 778 1196 non
814 1131 968 1196 satis
1003 1131 1297 1208 honeste,
1345 1131 1414 1195 in
1448 1131 1801 1196 amicorum
1834 1131 1996 1195 fiunt
2032 1129 2501 1209 honestissime3
2538 1134 2706 1197 mul-

643 1237 876 1309 taeque
917 1248 1020 1291 res
1067 1236 1245 1304 sunt,
1296 1225 1366 1290 in
1408 1225 1640 1309 quibus
1689 1224 1769 1289 de
1812 1225 1943 1289 suis
1990 1224 2339 1289 commodis
2386 1226 2506 1289 viri
2548 1226 2705 1291 boni

643 1319 848 1383 multa
882 1318 1224 1385 detrahunt
1251 1317 1625 1401 detrahique
1660 1318 2012 1405 patiuntur,
2047 1328 2119 1383 ut
2154 1319 2232 1383 iis
2269 1318 2458 1383 amici
2488 1320 2701 1405 potius

644 1433 840 1497 quam
890 1412 1016 1499 ipsi
1067 1412 1382 1479 fruantur.
1471 1413 1673 1477 altera
1714 1412 2031 1478 sententia
2084 1423 2211 1491 est,
2262 1433 2429 1496 quae
2481 1413 2704 1480 definit

645 1508 990 1575 amicitiam
1034 1508 1298 1594 paribus
1343 1507 1570 1573 officiis
1606 1528 1684 1571 ac
1727 1506 2187 1573 voluntatibus.
2275 1507 2396 1573 hoc
2438 1507 2702 1591 quidem

646 1612 744 1668 est
775 1602 964 1667 nimis
999 1602 1232 1687 exigue
1268 1612 1333 1667 et
1349 1600 1606 1677 {exiliter
1641 1599 1726 1665 ad
1762 1600 2039 1665 calculos
2073 1622 2303 1667 vocare
2340 1600 2701 1679 amicitiam,

645 1705 719 1760 ut
751 1718 871 1780 par
905 1696 990 1761 sit
1033 1696 1196 1761 ratio
1233 1705 1643 1781 acceptorum
1680 1704 1742 1759 et
1779 1694 2104 1761 datorum:
2151 1694 2407 1760 divitior
2440 1694 2597 1759 mihi
2633 1708 2699 1761 et

646 1788 1024 1855 adfluentior
1069 1789 1322 1855 videtur
1365 1811 1504 1855 esse
1549 1810 1703 1853 vera
1752 1787 2031 1853 amicitia
2074 1810 2194 1853 nec
2230 1788 2567 1855 observare
2601 1812 2707 1855 re-

643 1882 860 1949 stricte
895 1906 978 1949 ne
1003 1885 1149 1969 plus
1179 1883 1408 1957 reddat
1433 1904 1629 1967 quam
1666 1884 2011 1968 acceperit3
2046 1902 2256 1967 neque
2283 1882 2453 1949 enim
2478 1906 2703 1949 veren-

645 1976 800 2042 dum
835 1988 934 2042 est
977 2000 1060 2042 ne
1107 1977 1263 2063 quid
1309 1977 1566 2042 excidat
1609 1987 1723 2041 aut
1764 2000 1849 2041 ne
1885 1976 2040 2061 quid
2082 1977 2151 2041 in
2194 1988 2431 2042 terram
2465 1978 2704 2043 defluat

643 2082 756 2137 aut
789 2094 871 2137 ne
907 2072 1054 2158 plus
1090 2093 1295 2156 aequo
1331 2071 1488 2156 quid
1519 2072 1590 2137 in
1631 2070 1977 2137 amicitiam
2013 2082 2413 2157 congeratur.
2476 2072 2701 2137 tertius

641 2187 794 2232 vero
845 2166 954 2231 ille
1003 2165 1149 2229 finis
1205 2164 1638 2243 deterrumus,
1693 2175 1794 2241 ut,
1848 2165 2071 2249 quanti
2123 2166 2395 2250 quisque
2442 2188 2511 2231 se
2561 2166 2701 2252 ipse

642 2258 858 2336 faciat,
893 2258 1054 2323 tanti
1087 2257 1200 2323 fiat
1235 2258 1318 2323 ab
1345 2259 1595 2337 amicis3
1633 2281 1825 2345 saepe
1862 2259 2032 2324 enim
2066 2259 2135 2323 in
2168 2259 2553 2343 quibusdam
2589 2270 2702 2325 aut
2740 2328 2747 2335 ,

643 2352 893 2417 animus
930 2351 1236 2417 abiectior
1272 2363 1368 2417 est
1403 2362 1516 2417 aut
1550 2374 1696 2439 spes
1726 2352 2207 2439 amplificandae
2242 2353 2535 2420 fortunae
2570 2355 2701 2419 fra-

643 2446 828 2510 ctior:
875 2467 1005 2510 non
1043 2456 1139 2511 est
1171 2446 1368 2532 igitur
1401 2447 1590 2511 amici
1624 2448 1819 2513 talem
1856 2470 1996 2513 esse
2028 2446 2096 2511 ifl
2132 2453 2311 2525 enm,
2354 2448 2557 2532 qualis
2591 2450 2700 2515 ille

641 2540 710 2605 in
745 2561 815 2604 se
851 2549 976 2618 est,
1023 2540 1138 2608 sed
1180 2540 1394 2627 potius
1433 2542 1587 2607 eniti
1623 2551 1689 2608 et
1720 2540 2005 2617 efficere,
2059 2552 2133 2607 ut
2166 2543 2352 2607 amici
2384 2542 2699 2607 iacentem

624 2633 929 2699 ‘animum
964 2634 1200 2701 excitet
1231 2635 1620 2721 inducatque
1650 2640 1719 2701 in
1746 2658 1929 2723 spem
1954 2636 2529 2722 cogitationemque
2564 2660 2700 2702 me-

645 2730 888 2795 liorem.
979 2730 1141 2795 alius
1185 2729 1383 2817 igitur
1433 2731 1578 2801 finis
1622 2752 1813 2797 verae
1860 2731 2177 2797 amicitiae
2219 2732 2700 2799 constituendus

645 2835 770 2903 est,
826 2824 882 2889 si
925 2824 1133 2910 prius,
1187 2825 1345 2908 quid
1387 2825 1667 2891 maxime
1711 2826 2177 2911 reprehendere
2214 2824 2434 2913 Scipio
2480 2828 2699 2893 solitus
2772 2891 2777 2896 .

645 2919 758 2995 sit,
805 2918 1054 2983 dixero:
1109 2918 1390 3004 negabat
1436 2920 1636 2985 ullam
1671 2942 1897 2986 vocem
1928 2919 2349 2987 inimiciorem
2386 2922 2699 2988 amicitiae

642 3012 926 3098 potuisse
962 3014 1226 3098 reperiri
1261 3036 1454 3098 quam
1491 3015 1657 3091 eiuS,
1695 3014 1809 3099 qui
1842 3014 2107 3080 dixisset
2139 3015 2231 3080 ita
2265 3038 2479 3083 amare
2514 3038 2703 3101 opor-

641 3118 807 3183 tere,
858 3115 933 3169 ut
974 3106 1031 3171 si
1083 3106 1426 3190 aliquando
1473 3119 1642 3175 esset
1685 3129 1941 3186 osurus3
1993 3130 2114 3174 nec
2155 3130 2308 3174 vero
2352 3132 2421 3174 se
2465 3110 2699 3174 adduci

637 3220 861 3286 posse,
905 3210 978 3264 ut
1011 3199 1163 3278 hoc,
1208 3221 1401 3285 quem
1435 3203 1520 3267 ad
1553 3202 1820 3269 modum
1854 3214 2214 3289 putaretur,
2260 3226 2299 3267 a
2332 3202 2567 3269 Biante
2602 3202 2698 3267 di-

641 3304 819 3360 ctum
871 3316 1010 3359 esse
1065 3296 1378 3375 crederet,
1441 3297 1554 3381 qui
1606 3298 1861 3384 sapiens
1913 3297 2169 3363 habitus
2223 3306 2392 3362 esset
2440 3320 2607 3361 unus
2662 3322 2699 3363 e

641 3398 916 3474 septem:
977 3388 1192 3475 inpuri
1243 3389 1576 3457 cuiusdam
1630 3401 1743 3458 aut
1804 3391 2123 3457 ambitiosi
2173 3400 2288 3455 aut
2348 3389 2563 3454 omnia
2614 3390 2697 3454 ad

641 3505 828 3547 suam
879 3485 1231 3569 potentiam
1289 3486 1651 3550 revocantis
1707 3508 1847 3552 esse
1911 3484 2309 3556 sententiam.
2416 3504 2695 3567 quonam
2772 3545 2775 3547 ,

643 3576 814 3642 enim
848 3577 1040 3641 modo
1077 3579 1414 3662 quisquam
1461 3580 1704 3645 amicus
1742 3603 1882 3647 esse
1915 3579 2145 3667 poterit
2180 3578 2268 3656 ei,
2315 3577 2421 3643 cui
2464 3600 2533 3643 se
2574 3598 2697 3663 pu-

641 3670 806 3737 tabit
835 3670 1166 3737 inimicum
1195 3694 1334 3737 esse
1361 3673 1589 3760 posse?
1623 3674 1783 3758 quin
1809 3674 2003 3741 etiam
2028 3696 2290 3741 necesse
2316 3672 2437 3739 erit
2462 3694 2698 3758 cupere

643 3775 710 3830 et
743 3775 962 3853 optare
1006 3777 1080 3830 ut
1113 3789 1310 3851 quam
1355 3767 1729 3855 saepissime
1761 3780 1987 3856 peccet
2020 3770 2295 3846 amicus,
2330 3790 2462 3854 quo
2498 3768 2697 3855 pluris

641 3858 755 3923 det
788 3857 912 3923 sibi
945 3869 1274 3945 tamquam
1309 3885 1497 3927 ansas
1534 3862 1620 3927 ad
1655 3861 2281 3949 reprehendendum;
2326 3886 2547 3931 rursus
2585 3884 2699 3928 au-

642 3962 776 4015 tem
823 3963 996 4018 recte
1048 3953 1233 4021 factis
1287 3955 1765 4039 commodisque
1811 3957 2159 4022 amicorum
2206 3954 2500 4043 [necesse
2546 3952 2695 4040 erit]
