3292 4559
769 186 897 256 288
1384 202 1462 256 M.
1498 192 1782 259 TULLII·
1810 196 2214 259 CICERONIS

674 348 726 389 cs
769 328 1014 393 toribus
1060 328 1196 392 eius
1231 325 1580 411 plurimum
1614 335 1844 390 servet.
1935 334 2220 391 extrema
2251 324 2361 389 illa
2394 346 2675 411 persona
2713 335 2829 403 est,

766 434 859 501 ut,
896 422 947 486 si
984 422 1060 498 is,
1099 420 1211 505 qui
1247 420 1337 497 ei,
1376 420 1487 503 qui
1522 431 1811 484 mortuus
1849 418 1951 496 sit,
1988 420 2326 505 pecuniam
2363 420 2681 497 debuerit,
2717 444 2832 487 ne·

764 516 921 579 mini
956 536 1100 579 eam
1136 514 1415 590 solverit,
1450 512 1720 599 proinde
1755 512 2068 578 habeatur
2101 512 2283 596 quasi
2311 534 2456 579 eam
2483 515 2832 600 pecuniam

662 620 732 673 20
766 608 1023 695 ceperit.
1124 608 1283 673 haec
1335 630 1454 672 nos
1506 630 1547 672 a
1602 605 1918 673 Scaevola
1969 606 2336 684 didicimus,
2389 629 2520 673 non
2571 608 2668 673 ita
2723 610 2832 674 de-

764 704 1003 789 scripta
1054 702 1139 767 ab
1192 701 1491 785 antiquis.
1579 724 1732 765 nam
1783 700 1878 765 illi
1925 700 2186 784 quidem
2234 701 2333 766 his
2377 702 2596 768 verbis
2639 702 2832 769 doce-

763 796 952 874 bant,
1007 796 1211 861 tribus
1265 794 1473 861 modis
1520 795 1722 860 sacris
1775 794 2116 881 adstringi:
2170 794 2551 874 hereditate,
2611 810 2724 862 aut
2771 798 2826 861 si

762 891 1069 955 maiorem
1104 901 1352 975 partem
1387 890 1702 975 pecuniae
1735 888 1944 973 capiat
1957 936 1975 965 ,
2021 899 2132 953 aut
2171 887 2256 975 [si
2289 889 2496 954 maior
2525 910 2682 976 pars
2715 912 2826 976 pe-

630 1040 633 1047 .
668 1008 723 1051 60
766 985 991 1051 cuniae
1034 984 1249 1069 legata
1293 982 1415 1068 est]
1469 984 1523 1047 si
1568 983 1720 1047 inde
1751 978 2085 1069 ⁴quippiam
2119 982 2377 1069 ceperit.
2465 984 2586 1049 sed
2619 986 2830 1069 ponti-

761 1079 951 1144 ficem
998 1099 1362 1161 sequamur.
1453 1076 1682 1143 videtis
1734 1076 1933 1162 igitur
1979 1076 2193 1141 omnia
2235 1075 2518 1162 pendere
2569 1100 2654 1143 ex
2695 1100 2827 1142 uno

760 1173 900 1249 ino,
946 1173 1119 1255 quod
1162 1171 1493 1259 pontifices
1542 1192 1693 1236 cum
1735 1170 2008 1255 pecunia
2045 1192 2228 1235 sacra
2261 1170 2568 1257 coniungi
2604 1172 2828 1235 volunt

759 1266 1091 1351 isdemque
1128 1265 1513 1330 hereditates
1548 1276 1613 1330 et
1646 1264 2062 1329 caerimonias
2091 1264 2546 1331 adscribendas
2575 1276 2825 1351 putant.

760 1370 954 1442 atque
988 1359 1183 1423 etiam
1218 1357 1376 1423 dant
1409 1358 1533 1423 hoc
1569 1357 1920 1425 Scaevolae
1933 1404 1952 1435 ,
2001 1354 2207 1445 [quod
2243 1369 2338 1423 est
2373 1356 2690 1445 partitio,]
2736 1369 2824 1435 ut,

760 1453 815 1518 si
860 1453 929 1517 in
974 1463 1353 1519 testamento
1399 1454 1700 1519 deductio
1745 1454 1984 1540 scripta
2029 1474 2158 1517 non
2203 1454 2288 1519 sit
2319 1452 2578 1539 ipsique
2613 1454 2823 1518 minus

760 1547 1065 1633 ceperint,
1100 1569 1297 1632 quam
1333 1549 1628 1613 omnibus
1666 1548 2008 1613 heredibus
2043 1547 2456 1632 relinquatur,
2507 1550 2708 1614 sacris
2743 1571 2824 1612 ne

760 1642 1141 1727 adligentur.
1229 1644 1299 1707 in
1334 1642 1676 1712 donatione
1710 1642 1834 1707 hoc
1867 1642 2042 1707 idem
2075 1664 2260 1707 secus
2285 1638 2820 1727 interpretantur:

759 1737 935 1821 quod
978 1748 1164 1824 pater
1202 1738 1482 1803 familias
1516 1738 1584 1802 in
1620 1737 1757 1803 eius
1795 1738 2140 1803 donatione
2153 1785 2171 1814 ‚
2217 1736 2330 1821 qui
2364 1737 2432 1801 in
2465 1737 2674 1823 ipsius
2709 1759 2822 1822 po·

759 1841 987 1897 testate
1048 1842 1173 1908 est,
1236 1831 1643 1917 adprobavit,
1707 1842 1920 1896 ratum
1971 1842 2098 1908 est3
2169 1830 2345 1915 quod
2363 1852 2456 1896 -eo
2511 1831 2821 1895 insciente

661 1946 712 1987 ει
757 1924 1001 1989 factum
1053 1936 1179 2003 est,
1232 1926 1287 1990 si
1332 1926 1396 1990 id
1442 1926 1497 1990 is
1544 1948 1674 1991 non
1711 1925 2058 2011 adprobat,
2103 1935 2313 1989 ratum
2347 1946 2480 1989 non
2515 1936 2634 1989 est.
2721 1925 2822 1989 his

755 2019 1099 2109 propositis
1162 2021 1686 2104 quaestiunculae
1749 2020 1990 2085 multae
2051 2029 2428 2095 nascuntur,
2491 2040 2658 2103 quas
2709 2019 2820 2102 qui

754 2114 1089 2199 intellegat
1137 2136 1295 2191 non,
1351 2115 1405 2179 si
1458 2115 1540 2179 ad
1578 2126 1772 2200 caput
1823 2114 2084 2189 referat,
2147 2134 2266 2198 per
2315 2134 2386 2179 se
2436 2112 2578 2198 ipse
2631 2111 2818 2177 facile

752 2206 1139 2293 perspiciat?
1206 2208 1435 2285 veluti,
1482 2206 1539 2272 si
1582 2208 1794 2273 minus
1831 2208 1975 2291 quis
2011 2205 2309 2292 cepisset,
2353 2228 2436 2272 ne
2471 2208 2672 2271 sacris
2707 2206 2816 2271 ad-

753 2290 1083 2385 ligaretur‚
1123 2311 1188 2366 et
1220 2312 1368 2385 post
1405 2301 1485 2365 de
1522 2298 1660 2366 eius
1697 2300 2038 2367 heredibus
2075 2300 2307 2383 aliquis
2343 2301 2670 2385 exegisset
2701 2322 2816 2385 pro

754 2414 873 2455 sua
917 2403 1099 2476 parte
1133 2392 1229 2467 id,
1276 2394 1451 2476 quod
1486 2395 1571 2457 ab
1609 2415 1716 2471 e0,
1767 2395 1872 2461 cui
1904 2396 2042 2480 ipse
2077 2393 2264 2459 heres
2301 2406 2498 2471 esset,
2533 2408 2814 2481 praeter·

752 2486 1020 2549 missum
1072 2486 1327 2562 fuisset,
1394 2508 1599 2569 eaque
1651 2488 1929 2573 pecunia
1976 2510 2108 2552 non
2159 2487 2368 2553 minor
2422 2499 2594 2553 esset
2647 2490 2812 2553 facta

752 2600 901 2643 cum
937 2579 1262 2665 superiore
1298 2581 1664 2659 exactione,
1701 2604 1895 2665 quam
1928 2581 2274 2647 heredibus
2310 2583 2613 2647 omnibus
2651 2594 2810 2649 esset

751 2672 1001 2750 relicta,
1038 2673 1151 2757 qui
1187 2696 1331 2739 eam
1366 2674 1706 2759 pecuniam
1746 2677 2094 2761 exegisset,
2131 2676 2346 2741 solum
2379 2676 2520 2743 sine
2555 2677 2811 2741 cohere-

751 2766 940 2831 dibus
988 2767 1183 2832 sacris
1229 2767 1519 2853 adligari.
1608 2769 1766 2854 quin
1809 2770 2002 2835 etiam
2045 2780 2308 2846 cavent,
2363 2781 2464 2845 ut,
2519 2771 2628 2836 cui
2674 2771 2810 2855 plus

748 2862 1033 2947 legatum
1072 2864 1174 2939 sit,
1212 2886 1407 2947 quam
1442 2864 1581 2929 sine
1616 2864 1922 2950 religione
1959 2884 2189 2949 capere
2223 2864 2434 2940 liceat,
2468 2865 2524 2929 is
2559 2886 2680 2950 per
2707 2886 2810 2929 aes

748 2965 814 3019 et
854 2955 1084 3020 libram
1129 2956 1397 3023 heredes
1442 2959 1804 3023 testamenti
1847 2959 2083 3033 solvat,
2129 2970 2474 3045 propterea
2515 2959 2696 3043 quod
2739 2980 2812 3024 eo

746 3048 888 3110 loeo
924 3071 1026 3113 res
1062 3062 1161 3114 est
1194 3051 1287 3115 ita
1320 3052 1531 3117 soluta
1564 3052 1938 3129 hereditate,
1975 3052 2158 3136 quasi
2187 3075 2265 3118 ea
2295 3053 2572 3139 pecunia
2597 3054 2812 3139 legata

642 3132 709 3243 {3
745 3159 876 3203 non
921 3152 1106 3206 esset.
1197 3143 1319 3210 hoc
1355 3167 1476 3231 ego
1510 3146 1656 3211 loco
1691 3147 2036 3229 multisque
2072 3146 2214 3211 aliis
2251 3168 2494 3230 quaero
2531 3170 2576 3213 a
2607 3148 2810 3223 vobiS,

746 3231 1129 3311 Scaevolae,
1182 3238 1514 3322 pontifices
1566 3239 1832 3305 maximi
1883 3251 1950 3306 et
2002 3240 2294 3306 homines
2350 3262 2498 3306 meo
2551 3242 2810 3326 quidem

742 3326 981 3393 iudicio
1018 3330 1388 3409 acutissimi,
1424 3334 1581 3416 quid
1616 3334 1699 3398 sit
1733 3334 1908 3418 quod
1942 3334 2028 3400 ad
2061 3336 2162 3399 ius
2191 3336 2600 3421 pontificium
2627 3336 2808 3400 civile

743 3420 1058 3507 adpetatis
1070 3448 1089 3499 3
1136 3425 1339 3490 civilis
1385 3428 1555 3492 enim
1600 3428 1758 3494 iuris
1794 3430 2061 3495 seientia
2091 3431 2496 3517 pontificium
2529 3433 2810 3517 quodam

741 3515 933 3578 modo
979 3518 1217 3582 tollitis.
1307 3542 1461 3583 nam
1515 3542 1697 3587 sacra
1751 3544 1898 3587 cum
1951 3525 2227 3609 pecunia
2269 3526 2656 3612 pontificum
2701 3550 2812 3591 au·-

742 3607 1053 3685 ctoritate,
1088 3612 1265 3675 nulla
1298 3613 1444 3699 lege
1480 3614 1818 3680 coniuncta
1853 3628 2030 3695 sunt3
2064 3618 2284 3702 itaque
2317 3620 2375 3685 si
2409 3641 2529 3685 vos
2563 3632 2810 3685 tantum

739 3699 931 3762 modo
977 3702 1309 3785 pontifices
1356 3706 1609 3786 essetis,
1662 3708 2046 3794 pontificalis
2097 3724 2390 3779 maneret
2439 3716 2808 3789 auctoritas,

740 3792 855 3899 sed
890 3797 1064 3876 quod
1098 3797 1272 3864 idem
1304 3801 1463 3867 iuris
1498 3804 1704 3870 civilis
1741 3805 1893 3871 estis
1927 3808 2327 3893 peritissimi,
2374 3809 2502 3875 hae
2545 3811 2810 3877 scientia

738 3886 915 3949 illam
959 3890 1233 3957 eluditis.
1320 3896 1565 3979 placuit
1607 3896 1690 3964 P.
1729 3899 2084 3971 Scaevolae
2127 3915 2194 3971 et
2229 3904 2334 3970 Ti.
2374 3901 2811 3982 Coruncanio,

734 3978 1143 4053 pontificibus
1178 3989 1496 4067 maximis,
1532 3992 1818 4077 itemque
1853 3998 2101 4076 ceteris,
2137 4020 2265 4073 eos,
2286 3998 2398 4085 qui
2427 3999 2810 4071 tantundem
