3292 4559
1247 294 1584 353 LAELms
1619 296 1863 351 42-48,
2019 239 2023 241 ’
2452 284 2583 351 277

517 418 860 506 fugiendas
914 440 1053 485 esse
1103 418 1333 484 nimias
1387 419 1731 498 amicitiae,
1794 441 1877 486 ne
1927 440 2191 485 necesse
2246 419 2329 485 sit
2380 442 2583 487 unum

517 512 860 579 sollicitum
895 535 1033 579 esse
1066 534 1184 599 pro
1219 513 1512 599 pluribus
1524 538 1543 592 3
1579 513 1735 579 satis
1762 536 2081 600 superque
2110 537 2251 583 esse
2276 515 2402 581 sibi
2435 537 2585 583 sua·-

517 630 663 672 rum
697 608 928 691 cuique
954 613 1189 685 rerum,
1227 608 1451 673 alienis
1477 608 1671 672 nimis
1704 608 1997 695 inplicari
2030 608 2373 675 molestum
2407 631 2551 677 esse
2562 634 2581 687 3

513 703 1104 769 commodissimum
1157 725 1300 769 esse
1329 724 1548 788 quam
1600 703 1961 769 laxissimas
2015 703 2299 770 habenas
2345 704 2585 771 habere

513 797 856 874 amicitiae,
895 819 1055 882 quas
1084 798 1189 861 vel
1224 796 1507 862 adducas
1536 819 1686 863 cum
1713 798 1871 863 velis
1900 798 2003 863 vel
2037 798 2355 876 remittas3
2390 807 2587 885 caput

519 891 690 958 enim
725 914 865 957 esse
904 891 987 955 ad
1031 892 1218 956 beate
1252 891 1602 955 vivendum
1642 890 2079 986 securitatem,
2127 912 2257 974 qua
2290 890 2421 958 frui
2454 912 2583 955 non

517 984 719 1071 possit
765 985 1045 1059 animus,
1099 984 1151 1048 si
1185 994 1517 1068 tamquam
1551 984 1867 1071 parturiat
1901 1006 2069 1049 unus
2104 1006 2224 1070 pro
2269 984 2583 1069 pluribus.

516 1080 676 1145 alios
705 1088 920 1143 autem
947 1077 1158 1143 dicere
1188 1078 1369 1143 aiunt
1395 1078 1598 1143 multo
1625 1078 1823 1142 etiam
1856 1076 2267 1143 inhumanius
2286 1113 2377 1125 —-
2394 1099 2585 1162 quem

515 1174 733 1237 locum
776 1172 1054 1237 breviter
1095 1172 1291 1258 paulo
1338 1182 1484 1238 ante
1536 1172 1881 1259 perstrinxi
1914 1208 2003 1219 --
2044 1171 2349 1259 praesidii
2402 1172 2588 1237 adiu·—

521 1266 854 1350 mentique
889 1287 1112 1344 causa,
1148 1288 1280 1331 non
1315 1266 1799 1334 benevolentiae
1834 1288 2045 1350 neque
2082 1266 2390 1344 caritatis,
2428 1265 2586 1331 ami-

513 1361 700 1427 citias
731 1382 871 1426 esse
899 1361 1290 1446 expetendas
1302 1385 1321 1438 3
1357 1361 1596 1446 itaque,
1625 1371 1699 1425 ut
1724 1361 1996 1445 quisque
2026 1360 2363 1427 minimum
2388 1360 2587 1425 firmi-

517 1454 666 1520 tatis
701 1454 967 1521 haberet
999 1455 1464 1541 minimumque
1498 1456 1762 1534 virium,
1808 1456 1899 1521 ita
1934 1456 2247 1521 amicitias
2282 1448 2583 1541 adpetere

518 1548 822 1615 maxime:
877 1573 960 1615 ex
1002 1572 1078 1616 eo
1123 1550 1262 1615 fieri
1308 1563 1380 1616 ut
1433 1551 1848 1617 mulierculae
1895 1550 2102 1637 magis
2156 1550 2586 1615 amicitiarum

517 1643 837 1729 praesidia
888 1656 1199 1727 quaerant
1254 1650 1451 1730 quam
1502 1644 1625 1709 viri
1670 1654 1734 1709 et
1785 1645 2008 1731 inopes
2054 1665 2253 1728 quam
2296 1642 2583 1729 opulenti

515 1748 586 1803 et
621 1737 972 1803 calamitosi
1006 1759 1202 1821 quam
1235 1738 1301 1815 ii,
1339 1739 1451 1823 qui
1483 1749 1795 1824 putantur
1828 1738 2021 1803 beati.
2112 1760 2151 1801 o
2185 1734 2583 1822 praeclaram

2628 1102 2681 1142 46

2624 1762 2677 1803 4⁷

519 1829 928 1916 sapientiaml
985 1832 1185 1897 solem
1239 1832 1411 1896 enim
1465 1854 1504 1897 e
1555 1832 1797 1896 mundo
1851 1832 2073 1897 tollere
2116 1831 2423 1914 ⁸videntur
2474 1831 2588 1915 qui
2638 1856 2647 1860 ·

515 1924 866 1989 amicitiam
918 1947 956 1989 e
1007 1924 1142 1989 vita
1196 1926 1457 2003 tollunt,
1511 1945 1640 2008 qua
1692 1925 1853 1989 nihil
1906 1948 1947 1988 a
1999 1924 2097 1989 dis
2143 1923 2588 1989 inmortalibus

516 2020 749 2086 melius
802 2018 1144 2097 habemus,
1198 2019 1358 2083 nihil
1409 2019 1773 2085 iucundius.
1876 2041 2043 2103 quae
2097 2029 2195 2085 est
2244 2019 2416 2084 enim
2464 2019 2589 2083 ista

515 2114 870 2180 securitas?
906 2116 1120 2201 specie
1157 2114 1416 2198 quidem
1455 2115 1725 2193 blanda,
1772 2115 1889 2181 sed
1920 2136 2147 2199 reapse
2182 2114 2399 2179 multis
2431 2114 2589 2179 locis

519 2207 948 2295 repudianda3
1003 2229 1214 2292 neque
1251 2208 1422 2274 enim
1457 2219 1556 2275 est
1599 2218 2101 2292 consentaneum
2145 2208 2346 2273 ullam
2390 2206 2589 2272 hone-

518 2314 688 2369 stam
721 2326 858 2369 rem
893 2304 1307 2381 actionemve,
1343 2326 1426 2369 ne
1462 2303 1771 2369 soHicitus
1804 2304 1913 2381 sis,
1952 2315 2065 2369 aut
2096 2325 2229 2368 non
2262 2303 2587 2389 suscipere

519 2409 635 2464 aut
669 2408 1033 2484 susceptam
1067 2398 1409 2486 deponere.
1481 2399 1659 2483 quod
1696 2399 1750 2463 si
1784 2420 2005 2464 curam
2040 2398 2349 2484 fugimus,
2386 2399 2585 2463 virtus

519 2493 830 2579 fugienda
865 2504 992 2571 est,
1038 2515 1205 2579 quae
1240 2516 1504 2561 necesse
1540 2504 1638 2560 est
1682 2516 1832 2559 cum
1882 2494 2101 2578 aliqua
2136 2514 2293 2559 cura
2324 2516 2427 2558 res
2464 2492 2588 2557 sibi

517 2588 870 2653 contrarias
919 2599 1294 2674 aspernetur
1341 2600 1536 2673 atque
1570 2588 1806 2665 oderit,
1853 2599 1926 2653 ut
1969 2588 2223 2653 bonitas
2258 2587 2587 2662 malitiam,

518 2682 943 2767 temperantia
974 2682 1328 2761 libidinem,
1364 2684 1693 2769 ignaviam
1728 2673 2069 2748 fortitudo.'
2114 2682 2335 2767 itaque
2365 2682 2586 2746 videas

521 2775 714 2839 rebus
766 2775 1019 2839 iniustis
1081 2776 1285 2841 iustos
1339 2776 1619 2841 maxime
1674 2776 1891 2841 dolere
1904 2822 1924 2854 ,
1988 2774 2331 2843 inbellibus
2383 2774 2585 2849 fortis,

521 2867 855 2952 flagitiosis
889 2867 1231 2935 modestos.
1322 2890 1477 2955 ergo
1513 2869 1638 2935 hoc
1681 2870 2015 2955 proprium
2049 2881 2147 2936 est
2182 2869 2379 2935 animi
2422 2868 2585 2933 bene

525 2960 883 3038 constituti,
947 2971 1012 3027 et
1049 2962 1287 3043 laetari
1348 2963 1534 3028 bonis
1586 2964 1783 3029 rebus
1836 2974 1903 3031 et
1966 2963 2182 3030 dolere
2234 2963 2586 3031 contrariis.

519 3076 721 3139 quam
767 3054 852 3121 ob
897 3077 1066 3133 rem,
1119 3057 1176 3121 si
1219 3057 1389 3123 cadit
1441 3059 1512 3123 in
1557 3058 1911 3144 sapientem
1966 3059 2162 3125 animi
2216 3060 2424 3138 dolor,
2475 3059 2588 3143 qui

519 3148 812 3237 profecto
849 3150 1040 3229 cadit,
1076 3151 1200 3217 nisi
1235 3175 1317 3218 ex
1352 3153 1490 3221 eius
1526 3154 1741 3219 animo
1774 3154 2193 3241 exstirpatam
2227 3154 2588 3221 humanita-

521 3256 659 3311 tem
702 3243 1112 3322 arbitramur,
1159 3266 1326 3330 quae
1372 3269 1568 3313 causa
1611 3258 1709 3314 est
1752 3270 1869 3313 cur
1911 3248 2256 3315 amicitiam
2298 3248 2587 3313 funditus

523 3338 823 3404 tollamus
860 3362 896 3405 e
931 3339 1084 3417 vita,
1119 3362 1202 3406 ne
1239 3342 1485 3426 aliquas
1519 3353 1779 3429 propter
1816 3365 1964 3409 eam
1988 3343 2417 3429 suscipiamus
2450 3361 2589 3405 mo-

519 3432 781 3499 lestias?
832 3433 987 3518 quid
1024 3434 1194 3499 enim
1229 3434 1495 3502 interest
1539 3448 1720 3502 motu
1757 3437 1955 3501 animi
1990 3437 2246 3503 sublato
2280 3458 2410 3501 non
2446 3434 2587 3501 dico

523 3527 692 3593 inter
721 3528 1038 3613 pecudem
1074 3539 1139 3595 et
1180 3530 1536 3608 hominem,
1585 3532 1700 3597 sed
1742 3532 1910 3597 inter
1942 3530 2268 3597 hominem
2303 3541 2367 3597 et
2412 3541 2591 3595 trun-

521 3644 677 3687 cum
729 3634 841 3689 aut
894 3646 1123 3689 saxum
1185 3635 1298 3689 aut
1359 3625 1612 3710 quidvis
1676 3627 1930 3713 generis
1985 3626 2311 3692 eiusdem?
2378 3646 2589 3708 neque

526 3716 700 3781 >enim
752 3728 908 3783 sunt
949 3717 1058 3783 isti
1101 3719 1433 3798 audiendi,
1469 3719 1602 3803 ‚qui
1660 3721 1963 3786 virtutem
2010 3720 2239 3785 duram
2290 3730 2355 3787 et
2406 3719 2592 3803 quasi

527 3808 804 3875 ferream
857 3835 996 3878 esse
1049 3814 1376 3897 quandam
1427 3817 1681 3880 volunt:
1746 3836 1914 3899 quae
1966 3815 2226 3899 quidem
2292 3824 2390 3881 est
2441 3836 2589 3879 cum

527 3904 746 3969 multis
780 3906 848 3971 in
892 3907 1085 3973 rebus
1121 3919 1257 3974 tam
1300 3910 1370 3975 in
1407 3908 1688 3978 amicitia
1734 3919 1957 3977 tenera
1991 3920 2185 3993 atque
2219 3908 2586 3986 tractabilis,

530 4007 607 4062 ut
640 4008 706 4064 et
739 3998 923 4065 bonis
966 4000 1155 4067 amici
1201 4004 1387 4089 quasi
1433 4004 1833 4070 diffundatur
1868 4015 1933 4071 et
1974 4004 2393 4071 incommodis
2438 4025 2591 4069 con-

525 4092 838 4161 trahatur.
917 4116 1114 4181 quam
1149 4090 1235 4163 ob
1267 4122 1404 4165 rem
1439 4122 1644 4187 angor
1678 4099 1817 4177 iste,
1854 4099 1966 4185 qui
1999 4121 2117 4185 pro
2156 4099 2364 4167 amico
2397 4122 2590 4189 saepe

2630 3080 2683 3119 48
