3292 4559
670 658 738 699 95

767 220 891 284 1116
1375 228 1451 284 Μ
1491 228 1764 284 TULLII
1804 228 2204 284 UIUEEGMS

759 355 1116 444 optationes
1158 353 1500 438 Neptunia
1541 350 1855 428 dedisset,
1898 351 2145 437 optavit
2189 351 2516 417 interitum
2562 353 2813 439 Hippo-

757 450 875 536 lyti
918 449 1060 526 filii,
1107 466 1257 513 cum
1296 446 1352 510 is
1397 443 1569 531 patri
1605 455 1944 530 suspectus
1986 455 2160 509 esset
2203 444 2283 510 de
2324 464 2635 512 noverca.
2691 468 2814 531 quo

758 555 973 632 optato
1032 543 1373 628 impetrato
1427 538 1721 605 Theseus
1777 539 1850 604 19
1909 538 2228 604 mammis
2281 539 2411 604 fnit
2477 540 2818 628 luctibus]

758 638 953 725 quid?
1022 626 1479 722 Agamemnon
1512 653 1662 698 cum
1690 628 2061 699 devovisset
2095 630 2350 699 Dianae
2384 634 2616 719 quod
2594 656 2670 698 m
2703 656 2818 701 suo

755 754 955 821 reg-no
1005 730 1507 817 pulcherrmum
1558 737 1782 794 nutum
1828 738 2001 793 esset
2048 727 2158 792 illo
2209 743 2408 806 911110,
2459 729 2819 795 'immolavit

754 827 1190 915 Iphigeniam,
1237 845 1368 935 qua
1410 823 1569 888 nihil
1595 832 1754 888 erat
1797 843 1874 888 eo
1910 821 2171 907 quidem
2204 843 2376 887 911110
2410 833 2640 888 natum
2677 825 2820 910 pul-

758 922 1001 988 chrius·
1071 919 1455 1006 promissum
1516 915 1733 1002 potius
1792 934 1926 980 11011
1980 913 2354 1002 faciendum
2421 937 2622 1001 quam
2687 929 2821 982 tam

635 1065 639 1073 .
756 1026 1033 1082 taetrum
1093 1010 1345 1078 facinus
1408 1009 1875 1075 admittendum
1935 1008 2078 1073 fuit.
2167 1031 2322 1096 ergo
2386 1021 2452 1077 et
2494 1012 2819 1096 ‘promissa

757 1132 888 1176 non
923 1107 1219 1174 sarcienda
1253 1125 1384 1170 11011
1416 1124 1772 1187 numquam
1806 1123 2019 1187 neque
2049 1125 2308 1189 semper
2343 1103 2639 1190 deposita
2673 1105 2817 1170 red-

758 1205 986 1270 denda.
1070 1203 1129 1266 si
1158 1201 1451 1287 gladium
1485 1199 1631 1284 quis
1661 1199 1842 1285 apud
1875 1209 1939 1264 te
1973 1220 2133 1264 89119
2164 1211 2380 1265 mente
2420 1201 2818 1287 deposuerit,

754 1308 1002 1384 repetat
1046 1293 1374 1360 insaniens
1387 1342 1406 1372 ,
1470 1295 1738 1360 reddere
1789 1304 2128 1379 peccatum
2182 1295 2292 1371 sit,
2338 1293 2634 1361 officium
2689 1317 2817 1360 non

754 1390 1039 1456 reddere.
1126 1387 1325 1471 quid?
1370 1387 1425 1452 si
1468 1389 1554 1464 is,
1598 1388 1711 1472 qui
1746 1388 1919 1473 apud
1954 1399 2018 1452 te
2051 1388 2390 1474 pecuniam
2423 1390 2818 1475 deposuerit,

670 1531 676 1535 -
755 1484 995 1549 bellum
1036 1482 1271 1548 inferat
1304 1483 1577 1567 patriae,
1619 1482 1940 1547 reddasne
1977 1482 2375 1568 depositum?
2419 1505 2557 1549 non
2594 1485 2816 1562 cred03

668 2257 720 2298 96

644 2969 713 3022 26

656 4039 709 4079 98

754 1578 953 1643 facias
989 1576 1161 1644 enim
1191 1587 1417 1641 contra
1450 1597 1586 1641 rem
1620 1576 1977 1661 publicam,
2012 1598 2179 1660 quae
2211 1578 2406 1644 debet
2438 1599 2586 1645 esse
2618 1581 2820 1644 caris-

757 1675 936 1740 sima.
1029 1672 1127 1738 sic
1176 1672 1408 1750 multa,
1472 1692 1637 1757 quae
1689 1670 1964 1738 honesta
2015 1682 2247 1738 natura
2297 1673 2602 1738 videntur
2655 1696 2817 1751 esse,

755 1768 1149 1855 temporibus
1201 1767 1363 1832 fiunt
1409 1788 1544 1832 non
1596 1766 1884 1832 honesta.
1967 1766 2191 1833 facere
2243 1767 2588 1853 promissa,
2641 1780 2818 1834 «stare

757 1863 1085 1930 conventis
1099 1911 1118 1940 ,
1180 1862 1448 1928 reddere
1505 1861 1800 1947 deposita
1861 1871 2255 1927 commutata
2315 1861 2592 1928 utilitate
2651 1861 2818 1928 fiunt

754 1979 887 2023 non
920 1955 1207 2022 honesta.

885 2051 991 2116 Ac
1026 2051 1106 2116 de
1137 2049 1220 2114 118
1256 2050 1537 2133 quidem,
1573 2067 1740 2133 (11198
1767 2048 2066 2113 videntur
2092 2069 2232 2115 esee
2253 2049 2561 2116 utilitates
2593 2063 2819 2116 contra

753 2145 1064 2210 iustitiam
1115 2143 1517 2210 simulatione
1558 2144 1968 2230 prudentiae,
2015 2145 2168 2208 satis
2218 2145 2496 2211 arbitror
2543 2145 2810 2212 dictum.

756 2240 869 2305 sed
912 2239 1215 2322 (1901119111
1248 2261 1291 2302 a
1336 2238 1642 2321 quattuor
1685 2238 1970 2303 fontibus
2016 2239 2365 2304 honestatis
2401 2240 2612 2326 primo
2643 2240 2809 2306 libro

754 2333 967 2398 officia
1018 2331 1345 2406 duximus,
1398 2332 1467 2395 in
1514 2332 1763 2397 eisdem
1816 2352 2170 2408 versemur,
2234 2354 2384 2398 cum
2438 2335 2809 2401 docebimus

754 2448 857 2500 ea,
918 2445 1085 2532 quae
1136 2424 1475 2488 videantur
1529 2446 1670 2491 esse
1723 2426 1905 2491 utilia
1955 2448 2166 2510 neque
2215 2428 2374 2505 sint,
2437 2449 2635 2512 quam
2681 2430 2811 2496 sint

752 2517 1001 2582 virtutis
1055 2515 1333 2582 inimica.
1421 2515 1530 2603 [ac
1582 2519 1664 2584 de
1719 2520 2062 2605 prudentia
2101 2520 2390 2606 quidem,
2436 2544 2634 2607 quam
2675 2524 2812 2588 volt

748 2609 983 2676 imitari
1040 2610 1311 2687 malitia,
1372 2611 1656 2696 itemque
1719 2613 1819 2678 de—
1855 2614 2126 2692 iustitia,
2189 2637 2355 2699 quae
2409 2637 2663 2702 semper
2713 2630 2811 2682 est

748 2704 952 2782 utilis,
997 2705 1394 2791 disputatum
1437 2716 1555 2771 est.
1644 2707 1931 2792 reliquae
1972 2719 2126 2774 sunt
2161 2709 2327 2774 duae
2361 2722 2577 2795 partes
2611 2711 2813 2777 hone-

749 2800 929 2866 statis
942 2847 963 2878 ,
1016 2816 1289 2885 quarum
1342 2800 1541 2866 altera
1587 2801 1660 2866 in
1714 2802 1910 2868 animi
1955 2803 2321 2869 excellentis
2363 2805 2808 2890 magnitudine

748 2905 813 2960 et
844 2895 1235 2980 praestantia
1265 2895 1570 2973 cemitur,
1608 2895 1862 2961 altera
1843 2918 1912 2960 m
1947 2896 2452 2964 conformatione
2487 2908 2556 2964 et
2587 2900 2809 2966 mode-

747 2990 993 3055 ratione
1054 2990 1483 3056 continentiae
1542 3002 1612 3056 et
1663 2989 2173 3078 temperantiae]
2259 2993 2416 3059 utile
2469 2993 2809 3060 videbatur

746 3081 949 3158 mixi,
984 3094 1057 3146 ut
1091 3083 1352 3166 quidem
1386 3090 1613 3168 poe’tae
1645 3085 1877 3170 tragici
1907 3086 2325 3171 prodiderunt
2341 3121 2429 3134 -——-
2445 3108 2597 3152 nam
2633 3090 2806 3175 apud

746 3177 1103 3241 Homerum
1154 3187 1492 3262 optumum
1544 3189 1871 3245 auctorem
1916 3179 2062 3245 tulis
2106 3181 2188 3247 de
2232 3178 2431 3248 Ulixe
2473 3181 2656 3249 nulla
2700 3205 2808 3248 su-

748 3267 935 3355 spitio
972 3279 1069 3334 est
1100 3302 1215 3347 —-·—,
1249 3271 1368 3336 sed
1396 3271 1774 3338 insimulant
1804 3295 1959 3339 89111
1993 3276 2363 3360 tragoediae
2399 3275 2806 3343 simulatione

742 3362 1028 3429 insaniae
1080 3364 1370 3430 militiam
1418 3366 1870 3454 subterfugere
1923 3369 2229 3435 voluisse:
2282 3391 2414 3434 non
2465 3370 2806 3436 honestum

745 3457 1097 3523 eonsilium.
1190 3465 1284 3524 ‘at
1319 3460 1474 3526 utile
1512 3458 1616 3547 [ut
1645 3462 1880 3546 aliquis
1917 3461 2188 3529 fortasse
2225 3461 2486 3550 dixerit]
2532 3486 2800 3550 regnare

744 3564 809 3617 et
858 3551 1121 3618 Ithacae
1170 3553 1389 3619 vivere
1441 3556 1642 3620 otiose
1693 3575 1844 3621 cum
1902 3555 2309 3642 parentibus,
2366 3578 2521 3623 cum
2574 3577 2801 3633 uxore,

746 3666 893 3710 cnm
951 3645 1113 3710 filio:
1184 3647 1387 3711 ullum
1450 3659 1522 3712 tu
1584 3649 1781 3716 decus
1842 3650 1911 3716 in
1973 3651 2310 3717 cotidianis
2359 3651 2682 3717 laboribus
2738 3664 2803 3716 et

743 3741 1039 3826 periculis
1106 3761 1252 3806 cum
1313 3743 1436 3808 hac
1496 3744 1955 3829 tranquillitate
2025 3745 2482 3812 eonferendum
2542 3745 2804 3832 putas?'

745 3856 866 3920 ego
911 3857 1064 3902 vero
1106 3835 1295 3901 istam
1336 3839 1872 3905 contemnendam
1915 3850 1981 3906 et
2016 3839 2448 3917 abiciendam,
2495 3840 2806 3924 quoniam

743 3948 909 4011 quae
961 3930 1231 3995 honesta
1282 3951 1413 3995 non
1459 3931 1547 3996 sit
1598 3954 1682 3998 ne
1731 3934 1957 3999 utilem
2010 3934 2271 4017 quidem
2321 3956 2463 4000 esse
2508 3933 2803 3998 arbitror.

743 4021 899 4104 quid
943 4023 1113 4088 enim
1158 4024 1526 4091 auditurum
1544 4095 1552 4100 ,
1568 4039 1759 4113 putas
1803 4027 2002 4095 fuisse
2037 4027 2327 4108 Ulixem,
2372 4029 2429 4095 si
2469 4029 2538 4094 in
2570 4029 2685 4094 illa
2720 4028 2808 4094 si-
