3292 4559
1010 226 1118 309 ΒΕ.
1150 230 1487 287 memus
1521 230 1628 285 111.
1667 230 1904 284 14—-19,
2350 216 2485 281 -301

405 358 567 445 [uis
598 379 732 425 non
768 354 962 422 modo
994 353 1477 442 magistratibus
1490 400 1509 429 ,
1556 353 1670 417 sed
1707 352 1901 417 etiam
1934 350 2200 438 privatis
2237 351 2486 419 consuli

408 476 551 517 ion
602 450 995 539 parentibus.
1090 448 1163 529 Q.
1225 442 1549 533 Magnum
1614 446 1772 510 dicis
1827 447 2097 524 malum3
2159 468 2311 511 nam
2361 446 2487 511 ista
2531 464 2582 505 rt

408 557 735 613 ›otestate
776 555 930 610 nata
972 543 1257 631 gravitas
1301 540 1706 627 optimatium
1761 540 1988 610 cecidit
2033 541 2512 626 convaluitque.

410 642 515 706 ris
552 638 998 705 multitudinis.
1060 639 1154 703 Μ.
1198 637 1347 701 Non
1382 646 1499 713 est,
1536 635 1802 718 Quinte,
1837 636 1946 701 ita.
2015 658 2148 701 non
2179 635 2280 701 ius
2315 636 2488 702 enim

406 734 580 799 llud
616 735 825 799 solum
860 731 1199 818 superbius
1232 730 1478 817 populo
1512 740 1578 795 et
1609 730 1950 795 violentius
1985 728 2191 795 videri
2224 752 2485 797 necesse

405 839 586 907 arat,
633 850 763 913 quo
797 839 1023 914 postea
1059 849 1254 911 quam
1288 824 1543 891 modica
1578 835 1643 891 et
1680 825 1935 910 sapiens
1972 825 2345 911 temperatio
2379 848 2486 891 ac-

405 923 632 1000 messit,
668 927 703 1005 †
736 913 1109 989 conuertem
1142 922 1248 987 lex
1282 921 1349 984 in
1385 920 1593 985 omnis
1628 931 1726 985 est
1762 920 1798 955 '¹‘
1835 921 1872 957 ¹*
1907 921 1946 957 ¹⁸*

548 1017 879 1082 Domum
924 1037 1088 1082 cum
1122 1014 1351 1080 laude
1384 1014 1791 1092 redeunt03
1835 1012 1992 1079 nihil
2029 1014 2199 1081 enim
2233 1024 2487 1100 praeter
2528 992 2580 1103 18⁸

412 1112 681 1176 audem
728 1110 911 1175 bonis
958 1119 1153 1193 atque
1196 1108 1643 1175 innocentibus
1687 1130 1898 1193 neque
1935 1132 2015 1173 ex
2051 1108 2357 1175 hostibus·
2373 1132 2488 1175 ne-

404 1226 548 1289 lue
580 1228 619 1269 a
646 1206 833 1271 sociis
862 1204 1339 1290 reportandum.
1391 1203 1521 1267 iam
1546 1201 1708 1267 illud
1735 1214 2027 1288 apertum
2056 1213 2153 1269 est
2172 1204 2485 1289 profecte,

404 1300 580 1364 mihil
625 1322 765 1365 esse
809 1298 1057 1385 turpius
1102 1320 1297 1382 quam
1332 1315 1724 1382 quemquam
1757 1297 1960 1384 legari
1991 1298 2114 1363 nisi
2149 1298 2242 1365 rei
2277 1298 2488 1384 publi-

404 1416 535 1471 3ae
572 1412 787 1459 causa·
877 1392 1101 1458 omitto
1136 1414 1328 1477 quem
1368 1392 1452 1455 ad
1484 1392 1752 1457 modum
1785 1391 1892 1457 isti
1926 1414 1995 1457 se
2028 1403 2257 1479 gerant
2292 1403 2486 1477 atque

404 1488 766 1573 gesserint,
809 1487 925 1571 qui
966 1486 1289 1573 legatione
1332 1485 1717 1552 hereditates
1754 1495 1866 1551 aut
1899 1487 2298 1574 syngraphas
2333 1509 2484 1552 suas

404 1591 898 1669 persequuntur
918 1616 1009 1631 --
1031 1582 1099 1646 in
1135 1579 1502 1646 hominibus
1538 1592 1635 1645 est
1673 1580 1796 1645 hoc
1830 1579 2100 1646 fortasse
2134 1580 2360 1645 vitium
2377 1618 2484 1659 —,

404 1676 539 1741 sed
580 1695 854 1759 quaero,
900 1675 1059 1760 quid
1100 1696 1325 1761 reapse
1372 1674 1454 1739 sit
1497 1674 1747 1761 turpius
1782 1695 1979 1758 quam
2015 1674 2150 1739 sine
2183 1696 2486 1760 procura-

404 1772 594 1835 tione
632 1780 888 1834 senator
918 1770 1200 1855 legatus,
1247 1768 1383 1834 sine
1416 1768 1766 1845 mandatis,
1813 1768 1948 1833 sine
1980 1768 2114 1834 ullo
2147 1769 2240 1834 rei
2274 1768 2486 1856 publi-

404 1886 536 1929 cae
580 1862 889 1927 munere?
959 1862 1134 1945 quod
1168 1861 1431 1946 quidem
1466 1880 1672 1949 genus
1707 1861 2045 1947 legationis
2082 1884 2204 1949 ego
2241 1863 2485 1940 consul,

404 1978 814 2043 quamquam
870 1956 953 2019 ad
1006 1956 1413 2021 commodum
1459 1966 1718 2022 senatus
1765 1956 2081 2041 pertinere
2125 1954 2484 2033 videbatur,

404 2065 639 2118 tamen
685 2051 1081 2137 adprobante
1130 2062 1356 2116 senatu
1390 2050 1905 2136 frequentissimo
1917 2098 1937 2128 ‚
1980 2050 2104 2115 nisi
2136 2046 2296 2115 mihi
2327 2051 2484 2115 levis

404 2146 718 2211 tribunus
770 2144 979 2230 plebis
1030 2156 1171 2209 tum
1220 2144 1712 2220 intercessisset,
1768 2144 2184 2228 sustulissem.
2241 2170 2245 2175 ’
2282 2143 2487 2207 minui

404 2252 640 2306 tamen
675 2250 929 2325 tempus
971 2248 1056 2317 et,
1092 2238 1267 2324 quod
1302 2249 1438 2304 erat
1472 2238 1813 2317 infinitum,
1851 2262 2137 2304 annuum
2171 2238 2315 2305 feci.
2393 2238 2486 2301 ita

404 2325 752 2420 turpitudo
786 2342 1004 2399 manet
1040 2333 1457 2398 diuturnitate
1492 2332 1767 2398 sublata.
1829 2333 1944 2398 sed
1977 2333 2128 2411 iam,
2161 2331 2216 2397 si
2252 2332 2484 2419 placet,

404 2430 501 2493 de
537 2427 882 2513 provinciis
920 2427 1267 2493 decedatur
1298 2427 1368 2492 in
1402 2427 1759 2511 urbemque
1793 2426 2110 2493 redeatur.
2172 2430 2304 2492 Att.
2349 2426 2486 2491 No·
2561 2423 2566 2428 ’

404 2523 519 2587 bis
564 2542 719 2587 vero
764 2521 1002 2609 placet,
1049 2521 1164 2588 sed
1198 2520 1325 2600 his,
1372 2522 1486 2605 qui
1520 2522 1588 2585 in
1620 2520 1966 2608 provinciis
2001 2533 2179 2599 sunt,
2223 2520 2484 2586 minime

404 2618 651 2703 placet.
739 2617 831 2680 Μ.
877 2617 974 2681 At
1008 2638 1185 2693 vero,
1221 2616 1391 2693 Tite,
1428 2616 1484 2681 si
1518 2617 1838 2701 parebunt
1871 2616 1970 2681 his
2005 2616 2279 2703 legibus,
2324 2616 2482 2681 nihil
2528 2634 2578 2675 is

404 2711 541 2777 erit
573 2710 653 2774 iis
689 2710 873 2785 urbe,
909 2710 1068 2774 nihil
1103 2709 1295 2774 domo
1332 2732 1451 2774 sua
1485 2710 1758 2787 dulcius,
1794 2731 1914 2775 nec
1940 2710 2320 2775 laboriosius
2345 2732 2486 2773 mo-

404 2803 777 2885 lestiusque
807 2802 1155 2887 provincia.

556 2892 752 2981 [Sed]
792 2895 1081 2978 sequitur
1113 2895 1251 2973 lex,
1298 2916 1465 2979 quae
1502 2896 1706 2960 sancit
1742 2918 1884 2960 eam
1918 2896 2317 2962 tribunorum
2350 2898 2488 2984 ple-

405 2991 519 3057 bis
574 2999 985 3075 potestatem,
1042 3010 1207 3073 quae
1260 3000 1349 3053 est
1396 2988 1465 3054 in
1515 3012 1585 3054 re
1628 2989 1891 3075 publica
1933 3001 2177 3055 nostra:
2232 2991 2312 3057 de
2357 3015 2486 3077 qua

408 3084 651 3151 disseri
684 3084 844 3148 nihil
878 3103 1139 3149 necesse
1176 3093 1291 3148 est.
1386 3082 1459 3163 Q.
1516 3083 1610 3147 At
1644 3106 1750 3149 me
1785 3083 2042 3151 hercule
2079 3108 2228 3171 ege,
2266 3086 2485 3165 frater,

410 3201 683 3267 quaem,
720 3179 801 3245 de
834 3178 958 3243 ista
991 3186 1311 3264 potestate
1347 3177 1505 3261 quid
1540 3180 1776 3244 sentias
1791 3204 1809 3256 3
1845 3203 1997 3245 nam
2031 3180 2188 3246 mihi
2222 3182 2483 3267 quidem

408 3275 729 3363 pestifera
764 3272 1048 3349 videtur,
1086 3273 1325 3359 quippe
1360 3294 1526 3356 quae
1561 3274 1629 3338 in
1665 3274 1972 3339 seditione
2010 3286 2074 3339 et
2108 3276 2191 3341 ad
2227 3278 2486 3341 seditio-

408 3393 572 3436 nem
607 3378 761 3432 nata
796 3367 906 3432 sit:
944 3366 1126 3432 cuius
1160 3367 1442 3453 primum
1478 3376 1688 3432 ortum
1725 3368 1780 3433 si
1815 3368 2134 3434 recordari
2168 3370 2484 3450 volumus,

410 3468 589 3530 inter
642 3484 823 3527 arma
874 3461 1112 3526 civium
1163 3471 1228 3528 et
1282 3462 1610 3547 occupatis
1659 3473 1728 3527 'et
1780 3461 2058 3528 obsessis
2109 3463 2286 3528 urbis
2328 3465 2486 3532 locis

411 3566 829 3646 procreatum
862 3555 1169 3635 vidimus3
1208 3555 1439 3621 deinde
1478 3578 1626 3620 cum
1663 3566 1830 3621 esset
1865 3556 1990 3620 cito
2024 3567 2288 3622 necatus
2323 3569 2488 3625 tam-

414 3674 620 3737 quam
656 3673 737 3716 ex
770 3672 859 3713 ΧΠ
890 3649 1126 3714 tabulis
1160 3649 1431 3735 insignis
1469 3650 1552 3713 ad
1588 3649 2060 3715 deformitatem
2087 3672 2268 3736 puer,
2302 3652 2486 3719 brevi

416 3760 709 3831 tempore
752 3742 972 3809 nescio
1008 3764 1137 3829 quo
1173 3754 1364 3831 paeto
1400 3754 1723 3809 recreatus
1758 3744 2090 3827 multoque
2125 3745 2387 3812 taetrior
2422 3758 2487 3813 et

421 3840 671 3905 foedior
713 3850 967 3905 renatus
1002 3849 1119 3904 est.
1208 3838 1365 3923 quid
1400 3837 1570 3903 enim
1604 3839 1710 3904 ille
1746 3860 1876 3904 non
1912 3838 2150 3903 edidit?
2210 3839 2323 3923 qui
2358 3842 2487 3926 pri·
2538 3856 2574 3909 9

422 3954 633 4008 mum,
686 3944 758 4001 ut
798 3932 975 4022 inpio
1020 3932 1289 4019 dignum
1334 3932 1485 4009 fuit,
1544 3932 1836 4018 patribus
1880 3955 2138 3999 omnem
2181 3932 2490 3999 honorem

432 4025 695 4111 eripuit,
740 4028 953 4092 omnia
997 4026 1217 4092 infima
1262 4027 1527 4096 summis
1574 4027 1758 4112 paria
1791 4027 1972 4107 fecit,
2015 4028 2324 4105 turbavit,
2367 4028 2490 4093 mi—
