<?xml version="1.0" encoding="UTF-8"?>
<!DOCTYPE html PUBLIC "-//W3C//DTD XHTML 1.0 Transitional//EN"
    "http://www.w3.org/TR/xhtml1/DTD/xhtml1-transitional.dtd">
<html xmlns="http://www.w3.org/1999/xhtml" xml:lang="en" lang="en">
 <head>
  <title>
</title>
<meta http-equiv="Content-Type" content="text/html;charset=utf-8" />
  <meta name='ocr-system' content='tesseract 3.04.00' />
  <meta name='ocr-capabilities' content='ocr_page ocr_carea ocr_par ocr_line ocrx_word'/>
</head>
<body>
  <div class='ocr_page' id='page_1' title='image "./mtulliiciceroni03unkngoog_0294.png"; bbox 0 0 3292 4559; ppageno 0'>
   <div class='ocr_carea' id='block_1_1' title="bbox 655 244 2187 327">
    <p class='ocr_par' dir='ltr' id='par_1_1' title="bbox 655 244 2187 327">
     <span class='ocr_line' id='line_1_1' title="bbox 655 244 2187 327; baseline -0.001 -16"><span class='ocrx_word' id='word_1_1' title='bbox 655 244 790 311; x_wconf 83' lang='grc'><strong>264</strong></span> <span class='ocrx_word' id='word_1_2' title='bbox 1197 310 1208 321; x_wconf 77' lang='grc'>,</span> <span class='ocrx_word' id='word_1_3' title='bbox 1266 255 1344 309; x_wconf 88' lang='grc' dir='ltr'><strong>Μ.</strong></span> <span class='ocrx_word' id='word_1_4' title='bbox 1383 253 1659 312; x_wconf 87' lang='lat' dir='ltr'>TULLII</span> <span class='ocrx_word' id='word_1_5' title='bbox 1694 253 2095 312; x_wconf 82' lang='lat' dir='ltr'>CICERONIS</span> <span class='ocrx_word' id='word_1_6' title='bbox 2176 321 2187 327; x_wconf 13' lang='lat' dir='ltr'><strong>p</strong></span> 
     </span>
    </p>
   </div>
   <div class='ocr_carea' id='block_1_2' title="bbox 596 376 2725 4128">
    <p class='ocr_par' dir='ltr' id='par_1_2' title="bbox 654 376 2715 841">
     <span class='ocr_line' id='line_1_2' title="bbox 654 376 2711 464; baseline -0.002 -15"><span class='ocrx_word' id='word_1_7' title='bbox 654 384 790 451; x_wconf 86' lang='lat' dir='ltr'><strong>fere</strong></span> <span class='ocrx_word' id='word_1_8' title='bbox 825 380 1041 446; x_wconf 89' lang='lat' dir='ltr'><strong>multis</strong></span> <span class='ocrx_word' id='word_1_9' title='bbox 1079 389 1213 445; x_wconf 88' lang='lat' dir='ltr'><strong>erat</strong></span> <span class='ocrx_word' id='word_1_10' title='bbox 1247 378 1315 441; x_wconf 90' lang='lat' dir='ltr'><strong>in</strong></span> <span class='ocrx_word' id='word_1_11' title='bbox 1350 399 1488 442; x_wconf 84' lang='lat' dir='ltr'><strong>ore:</strong></span> <span class='ocrx_word' id='word_1_12' title='bbox 1533 376 1879 443; x_wconf 80' lang='lat' dir='ltr'><strong>meministi</strong></span> <span class='ocrx_word' id='word_1_13' title='bbox 1914 378 2084 444; x_wconf 88' lang='lat' dir='ltr'><strong>enim</strong></span> <span class='ocrx_word' id='word_1_14' title='bbox 2127 377 2437 464; x_wconf 87' lang='lat' dir='ltr'><strong>profect0‚</strong></span> <span class='ocrx_word' id='word_1_15' title='bbox 2472 378 2711 454; x_wconf 80' lang='lat' dir='ltr'><strong>Attice,</strong></span> 
     </span>
     <span class='ocr_line' id='line_1_3' title="bbox 657 470 2710 559; baseline -0.003 -15"><span class='ocrx_word' id='word_1_16' title='bbox 657 489 723 544; x_wconf 91' lang='lat' dir='ltr'><strong>et</strong></span> <span class='ocrx_word' id='word_1_17' title='bbox 757 498 832 543; x_wconf 92' lang='lat' dir='ltr'><strong>eo</strong></span> <span class='ocrx_word' id='word_1_18' title='bbox 870 474 1110 559; x_wconf 88' lang='lat' dir='ltr'><strong>magis,</strong></span> <span class='ocrx_word' id='word_1_19' title='bbox 1165 471 1340 556; x_wconf 90' lang='lat' dir='ltr'><strong>quod</strong></span> <span class='ocrx_word' id='word_1_20' title='bbox 1371 470 1452 536; x_wconf 87' lang='lat' dir='ltr'><strong>P.</strong></span> <span class='ocrx_word' id='word_1_21' title='bbox 1491 470 1781 556; x_wconf 83' lang='lat' dir='ltr'><strong>Sulpicio</strong></span> <span class='ocrx_word' id='word_1_22' title='bbox 1818 472 2083 537; x_wconf 80' lang='lat' dir='ltr'><strong>utebare</strong></span> <span class='ocrx_word' id='word_1_23' title='bbox 2116 472 2420 549; x_wconf 89' lang='lat' dir='ltr'><strong>multum,</strong></span> <span class='ocrx_word' id='word_1_24' title='bbox 2478 493 2624 537; x_wconf 89' lang='lat' dir='ltr'><strong>cum</strong></span> <span class='ocrx_word' id='word_1_25' title='bbox 2656 472 2710 537; x_wconf 88' lang='lat' dir='ltr'><strong>is</strong></span> 
     </span>
     <span class='ocr_line' id='line_1_4' title="bbox 657 562 2715 654; baseline -0.004 -17"><span class='ocrx_word' id='word_1_26' title='bbox 657 571 950 637; x_wconf 87' lang='lat' dir='ltr'><strong>tribunus</strong></span> <span class='ocrx_word' id='word_1_27' title='bbox 996 568 1083 654; x_wconf 92' lang='lat' dir='ltr'><strong>pl.</strong></span> <span class='ocrx_word' id='word_1_28' title='bbox 1131 565 1385 652; x_wconf 90' lang='lat' dir='ltr'><strong>capitali</strong></span> <span class='ocrx_word' id='word_1_29' title='bbox 1431 564 1576 629; x_wconf 92' lang='lat' dir='ltr'><strong>odio</strong></span> <span class='ocrx_word' id='word_1_30' title='bbox 1623 588 1664 629; x_wconf 90' lang='lat' dir='ltr'><strong>a</strong></span> <span class='ocrx_word' id='word_1_31' title='bbox 1710 562 1794 647; x_wconf 84' lang='lat' dir='ltr'><strong>Q.</strong></span> <span class='ocrx_word' id='word_1_32' title='bbox 1838 564 2151 650; x_wconf 87' lang='lat' dir='ltr'><strong>Pompeio</strong></span> <span class='ocrx_word' id='word_1_33' title='bbox 2164 612 2183 643; x_wconf 95' lang='lat'><strong>,</strong></span> <span class='ocrx_word' id='word_1_34' title='bbox 2237 567 2351 650; x_wconf 89' lang='lat' dir='ltr'><strong>qui</strong></span> <span class='ocrx_word' id='word_1_35' title='bbox 2393 577 2530 632; x_wconf 90' lang='lat' dir='ltr'><strong>tum</strong></span> <span class='ocrx_word' id='word_1_36' title='bbox 2581 576 2715 631; x_wconf 86' lang='lat' dir='ltr'><strong>erat</strong></span> 
     </span>
     <span class='ocr_line' id='line_1_5' title="bbox 657 658 2711 743; baseline -0.003 -12"><span class='ocrx_word' id='word_1_37' title='bbox 657 664 898 740; x_wconf 89' lang='lat' dir='ltr'><strong>consul,</strong></span> <span class='ocrx_word' id='word_1_38' title='bbox 935 661 1288 737; x_wconf 78' lang='lat' dir='ltr'><strong>dissideret,</strong></span> <span class='ocrx_word' id='word_1_39' title='bbox 1325 680 1602 743; x_wconf 88' lang='lat' dir='ltr'><strong>quocum</strong></span> <span class='ocrx_word' id='word_1_40' title='bbox 1640 658 2153 725; x_wconf 90' lang='lat' dir='ltr'><strong>coniunctissime</strong></span> <span class='ocrx_word' id='word_1_41' title='bbox 2181 670 2246 725; x_wconf 91' lang='lat' dir='ltr'><strong>et</strong></span> <span class='ocrx_word' id='word_1_42' title='bbox 2285 659 2711 725; x_wconf 79' lang='lat' dir='ltr'><strong>amantissime</strong></span> 
     </span>
     <span class='ocr_line' id='line_1_6' title="bbox 657 752 2707 841; baseline -0.004 -16"><span class='ocrx_word' id='word_1_43' title='bbox 657 761 925 835; x_wconf 82' lang='lat' dir='ltr'><strong>vixerat,</strong></span> <span class='ocrx_word' id='word_1_44' title='bbox 964 765 1204 841; x_wconf 88' lang='lat' dir='ltr'><strong>quanta</strong></span> <span class='ocrx_word' id='word_1_45' title='bbox 1232 764 1400 819; x_wconf 90' lang='lat' dir='ltr'><strong>esset</strong></span> <span class='ocrx_word' id='word_1_46' title='bbox 1425 752 1760 819; x_wconf 89' lang='lat' dir='ltr'><strong>hominum</strong></span> <span class='ocrx_word' id='word_1_47' title='bbox 1784 755 1889 819; x_wconf 82' lang='lat' dir='ltr'><strong>vel</strong></span> <span class='ocrx_word' id='word_1_48' title='bbox 1916 753 2251 819; x_wconf 90' lang='lat' dir='ltr'><strong>admiratio</strong></span> <span class='ocrx_word' id='word_1_49' title='bbox 2277 755 2381 821; x_wconf 87' lang='lat' dir='ltr'><strong>vel</strong></span> <span class='ocrx_word' id='word_1_50' title='bbox 2407 754 2707 839; x_wconf 89' lang='lat' dir='ltr'><strong>querella.</strong></span> 
     </span>
    </p>

    <p class='ocr_par' dir='ltr' id='par_1_3' title="bbox 596 847 2715 1595">
     <span class='ocr_line' id='line_1_7' title="bbox 596 847 2712 937; baseline -0.002 -21"><span class='ocrx_word' id='word_1_51' title='bbox 596 876 623 915; x_wconf 76' lang='lat' dir='ltr'><strong>s</strong></span> <span class='ocrx_word' id='word_1_52' title='bbox 658 855 875 937; x_wconf 87' lang='lat' dir='ltr'><strong>itaque</strong></span> <span class='ocrx_word' id='word_1_53' title='bbox 911 862 1050 916; x_wconf 92' lang='lat' dir='ltr'><strong>tum</strong></span> <span class='ocrx_word' id='word_1_54' title='bbox 1087 847 1429 925; x_wconf 88' lang='lat' dir='ltr'><strong>Scaevola,</strong></span> <span class='ocrx_word' id='word_1_55' title='bbox 1477 869 1627 912; x_wconf 90' lang='lat' dir='ltr'><strong>cum</strong></span> <span class='ocrx_word' id='word_1_56' title='bbox 1673 847 1741 911; x_wconf 90' lang='lat' dir='ltr'><strong>in</strong></span> <span class='ocrx_word' id='word_1_57' title='bbox 1777 868 1919 913; x_wconf 89' lang='lat' dir='ltr'><strong>eam</strong></span> <span class='ocrx_word' id='word_1_58' title='bbox 1955 848 2160 932; x_wconf 89' lang='lat' dir='ltr'><strong>ipsam</strong></span> <span class='ocrx_word' id='word_1_59' title='bbox 2194 849 2579 915; x_wconf 78' lang='lat' dir='ltr'><strong>mentionem</strong></span> <span class='ocrx_word' id='word_1_60' title='bbox 2612 847 2712 911; x_wconf 93' lang='lat' dir='ltr'><strong>in-</strong></span> 
     </span>
     <span class='ocr_line' id='line_1_8' title="bbox 659 940 2711 1029; baseline -0.002 -17"><span class='ocrx_word' id='word_1_61' title='bbox 659 947 945 1022; x_wconf 89' lang='lat' dir='ltr'><strong>cidisset,</strong></span> <span class='ocrx_word' id='word_1_62' title='bbox 982 943 1277 1029; x_wconf 86' lang='lat' dir='ltr'><strong>exposuit</strong></span> <span class='ocrx_word' id='word_1_63' title='bbox 1309 941 1494 1007; x_wconf 90' lang='lat' dir='ltr'><strong>nobis</strong></span> <span class='ocrx_word' id='word_1_64' title='bbox 1532 962 1890 1007; x_wconf 89' lang='lat' dir='ltr'><strong>sermonem</strong></span> <span class='ocrx_word' id='word_1_65' title='bbox 1925 941 2137 1007; x_wconf 91' lang='lat' dir='ltr'><strong>Laelii</strong></span> <span class='ocrx_word' id='word_1_66' title='bbox 2171 943 2253 1009; x_wconf 91' lang='lat' dir='ltr'><strong>de</strong></span> <span class='ocrx_word' id='word_1_67' title='bbox 2290 943 2565 1009; x_wconf 84' lang='lat' dir='ltr'><strong>amicitia</strong></span> <span class='ocrx_word' id='word_1_68' title='bbox 2596 940 2711 1007; x_wconf 89' lang='lat' dir='ltr'><strong>ha-</strong></span> 
     </span>
     <span class='ocr_line' id='line_1_9' title="bbox 657 1035 2713 1121; baseline -0.003 -16"><span class='ocrx_word' id='word_1_69' title='bbox 657 1042 866 1105; x_wconf 87' lang='lat' dir='ltr'><strong>bitum</strong></span> <span class='ocrx_word' id='word_1_70' title='bbox 909 1039 992 1103; x_wconf 91' lang='lat' dir='ltr'><strong>ab</strong></span> <span class='ocrx_word' id='word_1_71' title='bbox 1039 1038 1149 1104; x_wconf 88' lang='lat' dir='ltr'><strong>illo</strong></span> <span class='ocrx_word' id='word_1_72' title='bbox 1195 1058 1414 1102; x_wconf 89' lang='lat' dir='ltr'><strong>secum</strong></span> <span class='ocrx_word' id='word_1_73' title='bbox 1459 1047 1524 1101; x_wconf 88' lang='lat' dir='ltr'><strong>et</strong></span> <span class='ocrx_word' id='word_1_74' title='bbox 1569 1057 1716 1100; x_wconf 87' lang='lat' dir='ltr'><strong>cum</strong></span> <span class='ocrx_word' id='word_1_75' title='bbox 1761 1036 1959 1100; x_wconf 89' lang='lat' dir='ltr'><strong>altero</strong></span> <span class='ocrx_word' id='word_1_76' title='bbox 2003 1058 2270 1121; x_wconf 88' lang='lat' dir='ltr'><strong>genero,</strong></span> <span class='ocrx_word' id='word_1_77' title='bbox 2320 1035 2398 1102; x_wconf 90' lang='lat' dir='ltr'><strong>C.</strong></span> <span class='ocrx_word' id='word_1_78' title='bbox 2442 1036 2713 1112; x_wconf 88' lang='lat' dir='ltr'><strong>Fanni0,</strong></span> 
     </span>
     <span class='ocr_line' id='line_1_10' title="bbox 657 1130 2713 1218; baseline -0.003 -17"><span class='ocrx_word' id='word_1_79' title='bbox 657 1135 872 1201; x_wconf 88' lang='lat' dir='ltr'><strong>Marci</strong></span> <span class='ocrx_word' id='word_1_80' title='bbox 915 1134 1078 1210; x_wconf 84' lang='lat' dir='ltr'><strong>filio,</strong></span> <span class='ocrx_word' id='word_1_81' title='bbox 1132 1132 1354 1218; x_wconf 78' lang='lat' dir='ltr'><strong>paucis</strong></span> <span class='ocrx_word' id='word_1_82' title='bbox 1401 1130 1626 1195; x_wconf 91' lang='lat' dir='ltr'><strong>diebus</strong></span> <span class='ocrx_word' id='word_1_83' title='bbox 1673 1140 1819 1215; x_wconf 88' lang='lat' dir='ltr'><strong>post</strong></span> <span class='ocrx_word' id='word_1_84' title='bbox 1860 1141 2129 1196; x_wconf 87' lang='lat' dir='ltr'><strong>mortem</strong></span> <span class='ocrx_word' id='word_1_85' title='bbox 2173 1130 2489 1197; x_wconf 91' lang='lat' dir='ltr'><strong>Africani.</strong></span> <span class='ocrx_word' id='word_1_86' title='bbox 2578 1131 2713 1196; x_wconf 91' lang='lat' dir='ltr'><strong>eius</strong></span> 
     </span>
     <span class='ocr_line' id='line_1_11' title="bbox 665 1224 2715 1316; baseline -0.004 -20"><span class='ocrx_word' id='word_1_87' title='bbox 665 1228 1112 1316; x_wconf 84' lang='lat' dir='ltr'><strong>disputationis</strong></span> <span class='ocrx_word' id='word_1_88' title='bbox 1176 1226 1520 1292; x_wconf 87' lang='lat' dir='ltr'><strong>sententias</strong></span> <span class='ocrx_word' id='word_1_89' title='bbox 1583 1224 1930 1290; x_wconf 85' lang='lat' dir='ltr'><strong>memoriae</strong></span> <span class='ocrx_word' id='word_1_90' title='bbox 1991 1226 2324 1303; x_wconf 84' lang='lat' dir='ltr'><strong>mandavi,</strong></span> <span class='ocrx_word' id='word_1_91' title='bbox 2379 1248 2538 1310; x_wconf 87' lang='lat' dir='ltr'><strong>quas</strong></span> <span class='ocrx_word' id='word_1_92' title='bbox 2592 1224 2715 1288; x_wconf 94' lang='lat' dir='ltr'><strong>hoc</strong></span> 
     </span>
     <span class='ocr_line' id='line_1_12' title="bbox 659 1317 2711 1407; baseline -0.003 -19"><span class='ocrx_word' id='word_1_93' title='bbox 659 1325 822 1389; x_wconf 91' lang='lat' dir='ltr'><strong>libro</strong></span> <span class='ocrx_word' id='word_1_94' title='bbox 879 1320 1151 1407; x_wconf 86' lang='lat' dir='ltr'><strong>exposui</strong></span> <span class='ocrx_word' id='word_1_95' title='bbox 1204 1318 1511 1384; x_wconf 85' lang='lat' dir='ltr'><strong>arbitratu</strong></span> <span class='ocrx_word' id='word_1_96' title='bbox 1563 1340 1737 1384; x_wconf 85' lang='lat' dir='ltr'><strong>meo:</strong></span> <span class='ocrx_word' id='word_1_97' title='bbox 1801 1319 1988 1402; x_wconf 87' lang='lat' dir='ltr'><strong>quasi</strong></span> <span class='ocrx_word' id='word_1_98' title='bbox 2040 1320 2211 1385; x_wconf 91' lang='lat' dir='ltr'><strong>enim</strong></span> <span class='ocrx_word' id='word_1_99' title='bbox 2262 1320 2435 1406; x_wconf 88' lang='lat' dir='ltr'><strong>ipsos</strong></span> <span class='ocrx_word' id='word_1_100' title='bbox 2486 1317 2711 1383; x_wconf 88' lang='lat' dir='ltr'><strong>induxi</strong></span> 
     </span>
     <span class='ocr_line' id='line_1_13' title="bbox 657 1412 2712 1501; baseline -0.003 -19"><span class='ocrx_word' id='word_1_101' title='bbox 657 1416 978 1501; x_wconf 90' lang='lat' dir='ltr'><strong>loquentis</strong></span> <span class='ocrx_word' id='word_1_102' title='bbox 1014 1436 1096 1479; x_wconf 90' lang='lat' dir='ltr'><strong>ne</strong></span> <span class='ocrx_word' id='word_1_103' title='bbox 1143 1412 1459 1497; x_wconf 88' lang='lat' dir='ltr'><strong>‘inquam’</strong></span> <span class='ocrx_word' id='word_1_104' title='bbox 1497 1422 1562 1477; x_wconf 89' lang='lat' dir='ltr'><strong>et</strong></span> <span class='ocrx_word' id='word_1_105' title='bbox 1607 1412 1870 1495; x_wconf 87' lang='lat' dir='ltr'><strong>‘inquit’</strong></span> <span class='ocrx_word' id='word_1_106' title='bbox 1908 1413 2164 1498; x_wconf 87' lang='lat' dir='ltr'><strong>saepius</strong></span> <span class='ocrx_word' id='word_1_107' title='bbox 2206 1414 2712 1499; x_wconf 86' lang='lat' dir='ltr'><strong>interponeretur</strong></span> 
     </span>
     <span class='ocr_line' id='line_1_14' title="bbox 662 1506 2714 1595; baseline -0.003 -19"><span class='ocrx_word' id='word_1_108' title='bbox 662 1522 854 1595; x_wconf 88' lang='lat' dir='ltr'><strong>atque</strong></span> <span class='ocrx_word' id='word_1_109' title='bbox 905 1519 977 1573; x_wconf 93' lang='lat' dir='ltr'><strong>ut</strong></span> <span class='ocrx_word' id='word_1_110' title='bbox 1023 1518 1350 1591; x_wconf 88' lang='lat' dir='ltr'><strong>tamquam</strong></span> <span class='ocrx_word' id='word_1_111' title='bbox 1396 1528 1436 1571; x_wconf 90' lang='lat' dir='ltr'><strong>a</strong></span> <span class='ocrx_word' id='word_1_112' title='bbox 1478 1506 1922 1592; x_wconf 87' lang='lat' dir='ltr'><strong>praesentibus</strong></span> <span class='ocrx_word' id='word_1_113' title='bbox 1967 1529 2181 1573; x_wconf 89' lang='lat' dir='ltr'><strong>coram</strong></span> <span class='ocrx_word' id='word_1_114' title='bbox 2231 1506 2455 1574; x_wconf 90' lang='lat' dir='ltr'><strong>haberi</strong></span> <span class='ocrx_word' id='word_1_115' title='bbox 2508 1528 2714 1572; x_wconf 88' lang='lat' dir='ltr'><strong>sermo</strong></span> 
     </span>
    </p>

    <p class='ocr_par' dir='ltr' id='par_1_4' title="bbox 601 1601 2724 3099">
     <span class='ocr_line' id='line_1_15' title="bbox 601 1601 2715 1688; baseline -0.002 -17"><span class='ocrx_word' id='word_1_116' title='bbox 601 1625 629 1663; x_wconf 72' lang='lat'>4</span> <span class='ocrx_word' id='word_1_117' title='bbox 662 1605 1004 1671; x_wconf 85' lang='lat' dir='ltr'><strong>videretur.</strong></span> <span class='ocrx_word' id='word_1_118' title='bbox 1094 1624 1241 1667; x_wconf 89' lang='lat' dir='ltr'><strong>cum</strong></span> <span class='ocrx_word' id='word_1_119' title='bbox 1287 1601 1455 1668; x_wconf 88' lang='lat' dir='ltr'><strong>enim</strong></span> <span class='ocrx_word' id='word_1_120' title='bbox 1499 1624 1693 1687; x_wconf 84' lang='lat' dir='ltr'><strong>saepe</strong></span> <span class='ocrx_word' id='word_1_121' title='bbox 1736 1624 1992 1669; x_wconf 89' lang='lat' dir='ltr'><strong>mecum</strong></span> <span class='ocrx_word' id='word_1_122' title='bbox 2035 1624 2287 1688; x_wconf 80' lang='lat' dir='ltr'><strong>ageres,</strong></span> <span class='ocrx_word' id='word_1_123' title='bbox 2332 1614 2405 1667; x_wconf 91' lang='lat' dir='ltr'><strong>ut</strong></span> <span class='ocrx_word' id='word_1_124' title='bbox 2440 1603 2521 1669; x_wconf 90' lang='lat' dir='ltr'><strong>de</strong></span> <span class='ocrx_word' id='word_1_125' title='bbox 2556 1604 2715 1667; x_wconf 86' lang='lat' dir='ltr'><strong>ami-</strong></span> 
     </span>
     <span class='ocr_line' id='line_1_16' title="bbox 662 1695 2717 1781; baseline -0.002 -15"><span class='ocrx_word' id='word_1_126' title='bbox 662 1700 811 1766; x_wconf 87' lang='lat' dir='ltr'><strong>citia</strong></span> <span class='ocrx_word' id='word_1_127' title='bbox 871 1697 1216 1763; x_wconf 85' lang='lat' dir='ltr'><strong>scriberem</strong></span> <span class='ocrx_word' id='word_1_128' title='bbox 1267 1695 1537 1779; x_wconf 86' lang='lat' dir='ltr'><strong>aliquid,</strong></span> <span class='ocrx_word' id='word_1_129' title='bbox 1604 1696 1801 1781; x_wconf 85' lang='lat' dir='ltr'><strong>digna</strong></span> <span class='ocrx_word' id='word_1_130' title='bbox 1859 1696 2016 1761; x_wconf 88' lang='lat' dir='ltr'><strong>mihi</strong></span> <span class='ocrx_word' id='word_1_131' title='bbox 2075 1720 2176 1763; x_wconf 92' lang='lat' dir='ltr'><strong>res</strong></span> <span class='ocrx_word' id='word_1_132' title='bbox 2229 1719 2378 1762; x_wconf 89' lang='lat' dir='ltr'><strong>cum</strong></span> <span class='ocrx_word' id='word_1_133' title='bbox 2431 1698 2717 1763; x_wconf 85' lang='lat' dir='ltr'><strong>omnium</strong></span> 
     </span>
     <span class='ocr_line' id='line_1_17' title="bbox 664 1787 2719 1878; baseline -0.001 -20"><span class='ocrx_word' id='word_1_134' title='bbox 664 1791 1026 1878; x_wconf 79' lang='lat' dir='ltr'><strong>cognitione</strong></span> <span class='ocrx_word' id='word_1_135' title='bbox 1072 1801 1210 1855; x_wconf 90' lang='lat' dir='ltr'><strong>tum</strong></span> <span class='ocrx_word' id='word_1_136' title='bbox 1253 1800 1472 1854; x_wconf 88' lang='lat' dir='ltr'><strong>nostra</strong></span> <span class='ocrx_word' id='word_1_137' title='bbox 1515 1787 1949 1855; x_wconf 81' lang='lat' dir='ltr'><strong>familiaritate</strong></span> <span class='ocrx_word' id='word_1_138' title='bbox 1996 1790 2136 1855; x_wconf 85' lang='lat' dir='ltr'><strong>visa</strong></span> <span class='ocrx_word' id='word_1_139' title='bbox 2171 1801 2296 1867; x_wconf 85' lang='lat' dir='ltr'><strong>est3</strong></span> <span class='ocrx_word' id='word_1_140' title='bbox 2340 1791 2559 1876; x_wconf 88' lang='lat' dir='ltr'><strong>itaque</strong></span> <span class='ocrx_word' id='word_1_141' title='bbox 2592 1792 2719 1857; x_wconf 86' lang='lat' dir='ltr'><strong>feci</strong></span> 
     </span>
     <span class='ocr_line' id='line_1_18' title="bbox 661 1882 2719 1971; baseline -0.001 -19"><span class='ocrx_word' id='word_1_142' title='bbox 661 1908 792 1952; x_wconf 88' lang='lat' dir='ltr'><strong>non</strong></span> <span class='ocrx_word' id='word_1_143' title='bbox 835 1885 1070 1950; x_wconf 88' lang='lat' dir='ltr'><strong>invitus</strong></span> <span class='ocrx_word' id='word_1_144' title='bbox 1115 1894 1187 1949; x_wconf 90' lang='lat' dir='ltr'><strong>ut</strong></span> <span class='ocrx_word' id='word_1_145' title='bbox 1230 1882 1604 1969; x_wconf 87' lang='lat' dir='ltr'><strong>prodes&#39;sem</strong></span> <span class='ocrx_word' id='word_1_146' title='bbox 1646 1883 1865 1948; x_wconf 87' lang='lat' dir='ltr'><strong>multis</strong></span> <span class='ocrx_word' id='word_1_147' title='bbox 1908 1895 2141 1971; x_wconf 88' lang='lat' dir='ltr'><strong>rogatu</strong></span> <span class='ocrx_word' id='word_1_148' title='bbox 2176 1894 2308 1950; x_wconf 89' lang='lat' dir='ltr'><strong>tuo.</strong></span> <span class='ocrx_word' id='word_1_149' title='bbox 2398 1885 2514 1952; x_wconf 89' lang='lat' dir='ltr'><strong>sed</strong></span> <span class='ocrx_word' id='word_1_150' title='bbox 2547 1896 2619 1951; x_wconf 85' lang='lat' dir='ltr'><strong>ut</strong></span> <span class='ocrx_word' id='word_1_151' title='bbox 2652 1885 2719 1950; x_wconf 89' lang='lat' dir='ltr'><strong>in</strong></span> 
     </span>
     <span class='ocr_line' id='line_1_19' title="bbox 665 1976 2723 2062; baseline -0.001 -16"><span class='ocrx_word' id='word_1_152' title='bbox 665 1977 916 2046; x_wconf 85' lang='lat' dir='ltr'><strong>Catone</strong></span> <span class='ocrx_word' id='word_1_153' title='bbox 949 1976 1234 2055; x_wconf 86' lang='lat' dir='ltr'><strong>Maiore,</strong></span> <span class='ocrx_word' id='word_1_154' title='bbox 1271 1976 1384 2062; x_wconf 88' lang='lat' dir='ltr'><strong>qui</strong></span> <span class='ocrx_word' id='word_1_155' title='bbox 1419 1988 1517 2043; x_wconf 87' lang='lat' dir='ltr'><strong>est</strong></span> <span class='ocrx_word' id='word_1_156' title='bbox 1552 1976 1827 2062; x_wconf 89' lang='lat' dir='ltr'><strong>scriptus</strong></span> <span class='ocrx_word' id='word_1_157' title='bbox 1862 1976 1947 2041; x_wconf 90' lang='lat' dir='ltr'><strong>ad</strong></span> <span class='ocrx_word' id='word_1_158' title='bbox 1983 1988 2045 2043; x_wconf 88' lang='lat' dir='ltr'><strong>te</strong></span> <span class='ocrx_word' id='word_1_159' title='bbox 2080 1978 2162 2044; x_wconf 91' lang='lat' dir='ltr'><strong>de</strong></span> <span class='ocrx_word' id='word_1_160' title='bbox 2198 1990 2553 2057; x_wconf 86' lang='lat' dir='ltr'><strong>senectute,</strong></span> <span class='ocrx_word' id='word_1_161' title='bbox 2592 1976 2723 2044; x_wconf 89' lang='lat' dir='ltr'><strong>Ca-</strong></span> 
     </span>
     <span class='ocr_line' id='line_1_20' title="bbox 663 2071 2724 2157; baseline 0 -19"><span class='ocrx_word' id='word_1_162' title='bbox 663 2085 880 2141; x_wconf 89' lang='lat' dir='ltr'><strong>tonem</strong></span> <span class='ocrx_word' id='word_1_163' title='bbox 923 2073 1148 2139; x_wconf 88' lang='lat' dir='ltr'><strong>induxi</strong></span> <span class='ocrx_word' id='word_1_164' title='bbox 1194 2094 1412 2137; x_wconf 85' lang='lat' dir='ltr'><strong>senem</strong></span> <span class='ocrx_word' id='word_1_165' title='bbox 1456 2071 1921 2157; x_wconf 85' lang='lat' dir='ltr'><strong>disputantem,</strong></span> <span class='ocrx_word' id='word_1_166' title='bbox 1966 2072 2119 2156; x_wconf 87' lang='lat' dir='ltr'><strong>quia</strong></span> <span class='ocrx_word' id='word_1_167' title='bbox 2162 2074 2339 2139; x_wconf 88' lang='lat' dir='ltr'><strong>nulla</strong></span> <span class='ocrx_word' id='word_1_168' title='bbox 2383 2074 2724 2140; x_wconf 81' lang='lat' dir='ltr'><strong>videbatur</strong></span> 
     </span>
     <span class='ocr_line' id='line_1_21' title="bbox 663 2166 2722 2255; baseline 0 -22"><span class='ocrx_word' id='word_1_169' title='bbox 663 2169 870 2255; x_wconf 86' lang='lat' dir='ltr'><strong>aptior</strong></span> <span class='ocrx_word' id='word_1_170' title='bbox 904 2188 1198 2253; x_wconf 88' lang='lat' dir='ltr'><strong>persona,</strong></span> <span class='ocrx_word' id='word_1_171' title='bbox 1235 2186 1402 2249; x_wconf 89' lang='lat' dir='ltr'><strong>quae</strong></span> <span class='ocrx_word' id='word_1_172' title='bbox 1431 2166 1511 2231; x_wconf 92' lang='lat' dir='ltr'><strong>de</strong></span> <span class='ocrx_word' id='word_1_173' title='bbox 1537 2166 1648 2230; x_wconf 90' lang='lat' dir='ltr'><strong>illa</strong></span> <span class='ocrx_word' id='word_1_174' title='bbox 1676 2176 1883 2234; x_wconf 86' lang='lat' dir='ltr'><strong>aetate</strong></span> <span class='ocrx_word' id='word_1_175' title='bbox 1917 2166 2304 2249; x_wconf 88' lang='lat' dir='ltr'><strong>loqueretur,</strong></span> <span class='ocrx_word' id='word_1_176' title='bbox 2341 2190 2537 2253; x_wconf 89' lang='lat' dir='ltr'><strong>quam</strong></span> <span class='ocrx_word' id='word_1_177' title='bbox 2566 2170 2722 2247; x_wconf 89' lang='lat' dir='ltr'><strong>eius,</strong></span> 
     </span>
     <span class='ocr_line' id='line_1_22' title="bbox 665 2258 2723 2350; baseline 0.001 -23"><span class='ocrx_word' id='word_1_178' title='bbox 665 2262 778 2347; x_wconf 89' lang='lat' dir='ltr'><strong>qui</strong></span> <span class='ocrx_word' id='word_1_179' title='bbox 813 2273 877 2329; x_wconf 93' lang='lat' dir='ltr'><strong>et</strong></span> <span class='ocrx_word' id='word_1_180' title='bbox 911 2259 1264 2327; x_wconf 86' lang='lat' dir='ltr'><strong>diutissime</strong></span> <span class='ocrx_word' id='word_1_181' title='bbox 1302 2282 1499 2326; x_wconf 86' lang='lat' dir='ltr'><strong>senex</strong></span> <span class='ocrx_word' id='word_1_182' title='bbox 1534 2258 1764 2325; x_wconf 86' lang='lat' dir='ltr'><strong>fuisset</strong></span> <span class='ocrx_word' id='word_1_183' title='bbox 1799 2270 1863 2326; x_wconf 90' lang='lat' dir='ltr'><strong>et</strong></span> <span class='ocrx_word' id='word_1_184' title='bbox 1895 2260 1964 2325; x_wconf 89' lang='lat' dir='ltr'><strong>in</strong></span> <span class='ocrx_word' id='word_1_185' title='bbox 1996 2260 2139 2345; x_wconf 90' lang='lat' dir='ltr'><strong>ipsa</strong></span> <span class='ocrx_word' id='word_1_186' title='bbox 2174 2273 2501 2330; x_wconf 87' lang='lat' dir='ltr'><strong>senectute</strong></span> <span class='ocrx_word' id='word_1_187' title='bbox 2539 2286 2723 2350; x_wconf 91' lang='lat' dir='ltr'><strong>prae-</strong></span> 
     </span>
     <span class='ocr_line' id='line_1_23' title="bbox 662 2354 2721 2444; baseline 0 -22"><span class='ocrx_word' id='word_1_188' title='bbox 662 2368 760 2422; x_wconf 88' lang='lat' dir='ltr'><strong>ter</strong></span> <span class='ocrx_word' id='word_1_189' title='bbox 794 2365 1036 2422; x_wconf 91' lang='lat' dir='ltr'><strong>ceteros</strong></span> <span class='ocrx_word' id='word_1_190' title='bbox 1080 2354 1427 2432; x_wconf 88' lang='lat' dir='ltr'><strong>floruisset,</strong></span> <span class='ocrx_word' id='word_1_191' title='bbox 1482 2355 1604 2431; x_wconf 88' lang='lat' dir='ltr'><strong>sic,</strong></span> <span class='ocrx_word' id='word_1_192' title='bbox 1661 2377 1809 2420; x_wconf 89' lang='lat' dir='ltr'><strong>cum</strong></span> <span class='ocrx_word' id='word_1_193' title='bbox 1856 2355 2323 2440; x_wconf 87' lang='lat' dir='ltr'><strong>accepissemus</strong></span> <span class='ocrx_word' id='word_1_194' title='bbox 2360 2381 2399 2422; x_wconf 89' lang='lat' dir='ltr'><strong>a</strong></span> <span class='ocrx_word' id='word_1_195' title='bbox 2432 2357 2721 2444; x_wconf 89' lang='lat' dir='ltr'><strong>patribus</strong></span> 
     </span>
     <span class='ocr_line' id='line_1_24' title="bbox 661 2444 2724 2537; baseline 0.001 -23"><span class='ocrx_word' id='word_1_196' title='bbox 661 2450 939 2515; x_wconf 82' lang='lat' dir='ltr'><strong>maxime</strong></span> <span class='ocrx_word' id='word_1_197' title='bbox 974 2448 1456 2515; x_wconf 88' lang='lat' dir='ltr'><strong>memorabilem</strong></span> <span class='ocrx_word' id='word_1_198' title='bbox 1495 2444 1574 2515; x_wconf 88' lang='lat' dir='ltr'><strong>C.</strong></span> <span class='ocrx_word' id='word_1_199' title='bbox 1595 2448 1807 2515; x_wconf 90' lang='lat' dir='ltr'><strong>Laelii</strong></span> <span class='ocrx_word' id='word_1_200' title='bbox 1843 2460 1907 2515; x_wconf 91' lang='lat' dir='ltr'><strong>et</strong></span> <span class='ocrx_word' id='word_1_201' title='bbox 1941 2450 2021 2515; x_wconf 89' lang='lat' dir='ltr'><strong>P.</strong></span> <span class='ocrx_word' id='word_1_202' title='bbox 2042 2448 2362 2537; x_wconf 72' lang='lat' dir='ltr'><strong>Scipionis</strong></span> <span class='ocrx_word' id='word_1_203' title='bbox 2398 2451 2724 2517; x_wconf 90' lang='lat' dir='ltr'><strong>familiari-</strong></span> 
     </span>
     <span class='ocr_line' id='line_1_25' title="bbox 663 2541 2722 2630; baseline 0.001 -21"><span class='ocrx_word' id='word_1_204' title='bbox 663 2554 857 2609; x_wconf 85' lang='lat' dir='ltr'><strong>tatem</strong></span> <span class='ocrx_word' id='word_1_205' title='bbox 905 2541 1104 2608; x_wconf 87' lang='lat' dir='ltr'><strong>fuisse</strong></span> <span class='ocrx_word' id='word_1_206' title='bbox 1117 2591 1136 2620; x_wconf 93' lang='lat'><strong>,</strong></span> <span class='ocrx_word' id='word_1_207' title='bbox 1182 2544 1412 2609; x_wconf 89' lang='lat' dir='ltr'><strong>idonea</strong></span> <span class='ocrx_word' id='word_1_208' title='bbox 1454 2543 1614 2607; x_wconf 88' lang='lat' dir='ltr'><strong>mihi</strong></span> <span class='ocrx_word' id='word_1_209' title='bbox 1658 2543 1872 2610; x_wconf 89' lang='lat' dir='ltr'><strong>Laelii</strong></span> <span class='ocrx_word' id='word_1_210' title='bbox 1915 2565 2193 2630; x_wconf 88' lang='lat' dir='ltr'><strong>persona</strong></span> <span class='ocrx_word' id='word_1_211' title='bbox 2235 2546 2375 2611; x_wconf 85' lang='lat' dir='ltr'><strong>visa</strong></span> <span class='ocrx_word' id='word_1_212' title='bbox 2418 2557 2516 2611; x_wconf 87' lang='lat' dir='ltr'><strong>est</strong></span> <span class='ocrx_word' id='word_1_213' title='bbox 2555 2568 2722 2630; x_wconf 87' lang='lat' dir='ltr'><strong>quae</strong></span> 
     </span>
     <span class='ocr_line' id='line_1_26' title="bbox 663 2636 2723 2724; baseline 0.002 -22"><span class='ocrx_word' id='word_1_214' title='bbox 663 2637 744 2703; x_wconf 89' lang='lat' dir='ltr'><strong>de</strong></span> <span class='ocrx_word' id='word_1_215' title='bbox 779 2636 1060 2703; x_wconf 87' lang='lat' dir='ltr'><strong>amicitia</strong></span> <span class='ocrx_word' id='word_1_216' title='bbox 1094 2660 1171 2703; x_wconf 90' lang='lat' dir='ltr'><strong>ea</strong></span> <span class='ocrx_word' id='word_1_217' title='bbox 1203 2637 1346 2723; x_wconf 89' lang='lat' dir='ltr'><strong>ipsa</strong></span> <span class='ocrx_word' id='word_1_218' title='bbox 1380 2636 1748 2715; x_wconf 88' lang='lat' dir='ltr'><strong>dissereret,</strong></span> <span class='ocrx_word' id='word_1_219' title='bbox 1795 2660 1963 2722; x_wconf 89' lang='lat' dir='ltr'><strong>quae</strong></span> <span class='ocrx_word' id='word_1_220' title='bbox 2000 2638 2324 2724; x_wconf 86' lang='lat' dir='ltr'><strong>disputata</strong></span> <span class='ocrx_word' id='word_1_221' title='bbox 2358 2640 2440 2704; x_wconf 89' lang='lat' dir='ltr'><strong>ab</strong></span> <span class='ocrx_word' id='word_1_222' title='bbox 2477 2662 2553 2705; x_wconf 89' lang='lat' dir='ltr'><strong>eo</strong></span> <span class='ocrx_word' id='word_1_223' title='bbox 2588 2663 2723 2706; x_wconf 90' lang='lat' dir='ltr'><strong>me-</strong></span> 
     </span>
     <span class='ocr_line' id='line_1_27' title="bbox 660 2725 2724 2819; baseline 0 -23"><span class='ocrx_word' id='word_1_224' title='bbox 660 2732 948 2796; x_wconf 88' lang='lat' dir='ltr'><strong>minisset</strong></span> <span class='ocrx_word' id='word_1_225' title='bbox 985 2730 1318 2797; x_wconf 87' lang='lat' dir='ltr'><strong>Scaevola.</strong></span> <span class='ocrx_word' id='word_1_226' title='bbox 1391 2754 1594 2817; x_wconf 88' lang='lat' dir='ltr'><strong>genus</strong></span> <span class='ocrx_word' id='word_1_227' title='bbox 1632 2725 1846 2796; x_wconf 87' lang='lat' dir='ltr'><strong>autem</strong></span> <span class='ocrx_word' id='word_1_228' title='bbox 1881 2730 2006 2798; x_wconf 89' lang='lat' dir='ltr'><strong>hoc</strong></span> <span class='ocrx_word' id='word_1_229' title='bbox 2041 2736 2410 2798; x_wconf 85' lang='lat' dir='ltr'><strong>sermonum</strong></span> <span class='ocrx_word' id='word_1_230' title='bbox 2443 2733 2724 2819; x_wconf 89' lang='lat' dir='ltr'><strong>positum</strong></span> 
     </span>
     <span class='ocr_line' id='line_1_28' title="bbox 661 2826 2723 2914; baseline 0 -21"><span class='ocrx_word' id='word_1_231' title='bbox 661 2827 730 2893; x_wconf 89' lang='lat' dir='ltr'><strong>in</strong></span> <span class='ocrx_word' id='word_1_232' title='bbox 762 2826 1094 2892; x_wconf 90' lang='lat' dir='ltr'><strong>hominum</strong></span> <span class='ocrx_word' id='word_1_233' title='bbox 1120 2834 1410 2890; x_wconf 84' lang='lat' dir='ltr'><strong>veterum</strong></span> <span class='ocrx_word' id='word_1_234' title='bbox 1439 2826 1815 2892; x_wconf 84' lang='lat' dir='ltr'><strong>auctoritate</strong></span> <span class='ocrx_word' id='word_1_235' title='bbox 1846 2836 1910 2891; x_wconf 86' lang='lat' dir='ltr'><strong>et</strong></span> <span class='ocrx_word' id='word_1_236' title='bbox 1936 2847 2159 2892; x_wconf 86' lang='lat' dir='ltr'><strong>eorum</strong></span> <span class='ocrx_word' id='word_1_237' title='bbox 2185 2826 2549 2894; x_wconf 88' lang='lat' dir='ltr'><strong>inlustrium</strong></span> <span class='ocrx_word' id='word_1_238' title='bbox 2577 2828 2723 2914; x_wconf 90' lang='lat' dir='ltr'><strong>plus</strong></span> 
     </span>
     <span class='ocr_line' id='line_1_29' title="bbox 661 2912 2723 3009; baseline 0.001 -23"><span class='ocrx_word' id='word_1_239' title='bbox 661 2912 877 2986; x_wconf 76' lang='lat' dir='ltr'><strong>nescio</strong></span> <span class='ocrx_word' id='word_1_240' title='bbox 924 2941 1052 3003; x_wconf 89' lang='lat' dir='ltr'><strong>quo</strong></span> <span class='ocrx_word' id='word_1_241' title='bbox 1097 2929 1288 3004; x_wconf 88' lang='lat' dir='ltr'><strong>pacto</strong></span> <span class='ocrx_word' id='word_1_242' title='bbox 1333 2918 1586 2985; x_wconf 83' lang='lat' dir='ltr'><strong>videtur</strong></span> <span class='ocrx_word' id='word_1_243' title='bbox 1628 2920 1867 2986; x_wconf 90' lang='lat' dir='ltr'><strong>habere</strong></span> <span class='ocrx_word' id='word_1_244' title='bbox 1912 2921 2246 3005; x_wconf 85' lang='lat' dir='ltr'><strong>gravitatis</strong></span> <span class='ocrx_word' id='word_1_245' title='bbox 2256 2946 2275 2999; x_wconf 85' lang='lat'>3</span> <span class='ocrx_word' id='word_1_246' title='bbox 2330 2922 2549 3006; x_wconf 86' lang='lat' dir='ltr'><strong>itaque</strong></span> <span class='ocrx_word' id='word_1_247' title='bbox 2584 2924 2723 3009; x_wconf 88' lang='lat' dir='ltr'><strong>ipse</strong></span> 
     </span>
     <span class='ocr_line' id='line_1_30' title="bbox 661 3013 2724 3099; baseline 0.002 -20"><span class='ocrx_word' id='word_1_248' title='bbox 661 3037 808 3081; x_wconf 89' lang='lat' dir='ltr'><strong>mea</strong></span> <span class='ocrx_word' id='word_1_249' title='bbox 840 3015 1062 3099; x_wconf 86' lang='lat' dir='ltr'><strong>legens</strong></span> <span class='ocrx_word' id='word_1_250' title='bbox 1113 3014 1202 3079; x_wconf 86' lang='lat' dir='ltr'><strong>sic</strong></span> <span class='ocrx_word' id='word_1_251' title='bbox 1249 3014 1511 3079; x_wconf 89' lang='lat' dir='ltr'><strong>adficior</strong></span> <span class='ocrx_word' id='word_1_252' title='bbox 1553 3015 1905 3093; x_wconf 88' lang='lat' dir='ltr'><strong>interdum,</strong></span> <span class='ocrx_word' id='word_1_253' title='bbox 1952 3025 2025 3079; x_wconf 89' lang='lat' dir='ltr'><strong>ut</strong></span> <span class='ocrx_word' id='word_1_254' title='bbox 2063 3013 2379 3083; x_wconf 84' lang='lat' dir='ltr'><strong>Catonem</strong></span> <span class='ocrx_word' id='word_1_255' title='bbox 2391 3064 2411 3094; x_wconf 94' lang='lat'><strong>,</strong></span> <span class='ocrx_word' id='word_1_256' title='bbox 2453 3039 2587 3083; x_wconf 91' lang='lat' dir='ltr'><strong>non</strong></span> <span class='ocrx_word' id='word_1_257' title='bbox 2618 3041 2724 3083; x_wconf 92' lang='lat' dir='ltr'><strong>me</strong></span> 
     </span>
    </p>

    <p class='ocr_par' dir='ltr' id='par_1_5' title="bbox 602 3107 2725 4128">
     <span class='ocr_line' id='line_1_31' title="bbox 602 3107 2724 3192; baseline 0 -18"><span class='ocrx_word' id='word_1_258' title='bbox 602 3124 628 3165; x_wconf 79' lang='lat'>⁵</span> <span class='ocrx_word' id='word_1_259' title='bbox 661 3108 838 3192; x_wconf 88' lang='lat' dir='ltr'><strong>loqui</strong></span> <span class='ocrx_word' id='word_1_260' title='bbox 882 3107 1258 3175; x_wconf 84' lang='lat' dir='ltr'><strong>existimem.</strong></span> <span class='ocrx_word' id='word_1_261' title='bbox 1347 3109 1461 3174; x_wconf 90' lang='lat' dir='ltr'><strong>sed</strong></span> <span class='ocrx_word' id='word_1_262' title='bbox 1504 3119 1578 3173; x_wconf 89' lang='lat' dir='ltr'><strong>ut</strong></span> <span class='ocrx_word' id='word_1_263' title='bbox 1621 3119 1760 3174; x_wconf 90' lang='lat' dir='ltr'><strong>tum</strong></span> <span class='ocrx_word' id='word_1_264' title='bbox 1796 3109 1883 3173; x_wconf 86' lang='lat' dir='ltr'><strong>ad</strong></span> <span class='ocrx_word' id='word_1_265' title='bbox 1928 3132 2148 3175; x_wconf 89' lang='lat' dir='ltr'><strong>senem</strong></span> <span class='ocrx_word' id='word_1_266' title='bbox 2184 3133 2380 3177; x_wconf 89' lang='lat' dir='ltr'><strong>senex</strong></span> <span class='ocrx_word' id='word_1_267' title='bbox 2424 3111 2505 3175; x_wconf 91' lang='lat' dir='ltr'><strong>de</strong></span> <span class='ocrx_word' id='word_1_268' title='bbox 2541 3134 2724 3176; x_wconf 88' lang='lat' dir='ltr'><strong>sene-</strong></span> 
     </span>
     <span class='ocr_line' id='line_1_32' title="bbox 665 3204 2721 3289; baseline 0 -22"><span class='ocrx_word' id='word_1_269' title='bbox 665 3212 868 3279; x_wconf 88' lang='lat' dir='ltr'><strong>ctute,</strong></span> <span class='ocrx_word' id='word_1_270' title='bbox 923 3204 1016 3269; x_wconf 87' lang='lat' dir='ltr'><strong>sic</strong></span> <span class='ocrx_word' id='word_1_271' title='bbox 1066 3204 1191 3269; x_wconf 90' lang='lat' dir='ltr'><strong>hoc</strong></span> <span class='ocrx_word' id='word_1_272' title='bbox 1233 3204 1396 3269; x_wconf 88' lang='lat' dir='ltr'><strong>libro</strong></span> <span class='ocrx_word' id='word_1_273' title='bbox 1442 3204 1526 3268; x_wconf 90' lang='lat' dir='ltr'><strong>ad</strong></span> <span class='ocrx_word' id='word_1_274' title='bbox 1570 3204 1851 3269; x_wconf 89' lang='lat' dir='ltr'><strong>amicum</strong></span> <span class='ocrx_word' id='word_1_275' title='bbox 1895 3204 2317 3269; x_wconf 89' lang='lat' dir='ltr'><strong>amicissimus</strong></span> <span class='ocrx_word' id='word_1_276' title='bbox 2372 3204 2595 3289; x_wconf 87' lang='lat' dir='ltr'><strong>scripsi</strong></span> <span class='ocrx_word' id='word_1_277' title='bbox 2640 3204 2721 3268; x_wconf 88' lang='lat' dir='ltr'><strong>de</strong></span> 
     </span>
     <span class='ocr_line' id='line_1_33' title="bbox 665 3294 2722 3382; baseline 0 -20"><span class='ocrx_word' id='word_1_278' title='bbox 665 3295 962 3363; x_wconf 85' lang='lat' dir='ltr'><strong>amicitia.</strong></span> <span class='ocrx_word' id='word_1_279' title='bbox 1051 3309 1190 3363; x_wconf 89' lang='lat' dir='ltr'><strong>tum</strong></span> <span class='ocrx_word' id='word_1_280' title='bbox 1226 3308 1325 3363; x_wconf 91' lang='lat' dir='ltr'><strong>est</strong></span> <span class='ocrx_word' id='word_1_281' title='bbox 1363 3294 1527 3364; x_wconf 86' lang='lat' dir='ltr'><strong>Cato</strong></span> <span class='ocrx_word' id='word_1_282' title='bbox 1563 3297 1846 3376; x_wconf 89' lang='lat' dir='ltr'><strong>locutus,</strong></span> <span class='ocrx_word' id='word_1_283' title='bbox 1892 3320 2022 3382; x_wconf 87' lang='lat' dir='ltr'><strong>quo</strong></span> <span class='ocrx_word' id='word_1_284' title='bbox 2059 3309 2195 3365; x_wconf 89' lang='lat' dir='ltr'><strong>erat</strong></span> <span class='ocrx_word' id='word_1_285' title='bbox 2226 3320 2413 3363; x_wconf 90' lang='lat' dir='ltr'><strong>nemo</strong></span> <span class='ocrx_word' id='word_1_286' title='bbox 2450 3297 2585 3365; x_wconf 87' lang='lat' dir='ltr'><strong>fere</strong></span> <span class='ocrx_word' id='word_1_287' title='bbox 2622 3320 2722 3363; x_wconf 90' lang='lat' dir='ltr'><strong>se-</strong></span> 
     </span>
     <span class='ocr_line' id='line_1_34' title="bbox 661 3391 2723 3478; baseline 0 -22"><span class='ocrx_word' id='word_1_288' title='bbox 661 3392 803 3457; x_wconf 89' lang='lat' dir='ltr'><strong>nior</strong></span> <span class='ocrx_word' id='word_1_289' title='bbox 838 3393 1230 3477; x_wconf 89' lang='lat' dir='ltr'><strong>temporibus</strong></span> <span class='ocrx_word' id='word_1_290' title='bbox 1266 3392 1420 3469; x_wconf 91' lang='lat' dir='ltr'><strong>illis,</strong></span> <span class='ocrx_word' id='word_1_291' title='bbox 1464 3412 1654 3457; x_wconf 89' lang='lat' dir='ltr'><strong>nemo</strong></span> <span class='ocrx_word' id='word_1_292' title='bbox 1701 3393 2100 3478; x_wconf 79' lang='lat' dir='ltr'><strong>prudentior:</strong></span> <span class='ocrx_word' id='word_1_293' title='bbox 2147 3413 2319 3457; x_wconf 87' lang='lat' dir='ltr'><strong>nunc</strong></span> <span class='ocrx_word' id='word_1_294' title='bbox 2353 3391 2621 3457; x_wconf 86' lang='lat' dir='ltr'><strong>Laelius</strong></span> <span class='ocrx_word' id='word_1_295' title='bbox 2658 3403 2723 3457; x_wconf 90' lang='lat' dir='ltr'><strong>et</strong></span> 
     </span>
     <span class='ocr_line' id='line_1_35' title="bbox 663 3485 2722 3573; baseline 0 -24"><span class='ocrx_word' id='word_1_296' title='bbox 663 3485 916 3572; x_wconf 83' lang='lat' dir='ltr'><strong>sapiens</strong></span> <span class='ocrx_word' id='word_1_297' title='bbox 960 3522 1050 3533; x_wconf 92' lang='lat'><strong>—-</strong></span> <span class='ocrx_word' id='word_1_298' title='bbox 1091 3488 1185 3552; x_wconf 90' lang='lat' dir='ltr'><strong>sic</strong></span> <span class='ocrx_word' id='word_1_299' title='bbox 1237 3487 1409 3551; x_wconf 89' lang='lat' dir='ltr'><strong>enim</strong></span> <span class='ocrx_word' id='word_1_300' title='bbox 1460 3496 1558 3551; x_wconf 88' lang='lat' dir='ltr'><strong>est</strong></span> <span class='ocrx_word' id='word_1_301' title='bbox 1612 3486 1870 3552; x_wconf 87' lang='lat' dir='ltr'><strong>habitus</strong></span> <span class='ocrx_word' id='word_1_302' title='bbox 1905 3522 1993 3535; x_wconf 94' lang='lat'><strong>——-</strong></span> <span class='ocrx_word' id='word_1_303' title='bbox 2036 3498 2102 3554; x_wconf 89' lang='lat' dir='ltr'><strong>et</strong></span> <span class='ocrx_word' id='word_1_304' title='bbox 2150 3486 2464 3552; x_wconf 89' lang='lat' dir='ltr'><strong>amicitiae</strong></span> <span class='ocrx_word' id='word_1_305' title='bbox 2516 3487 2722 3573; x_wconf 89' lang='lat' dir='ltr'><strong>gloria</strong></span> 
     </span>
     <span class='ocr_line' id='line_1_36' title="bbox 662 3578 2721 3663; baseline -0 -19"><span class='ocrx_word' id='word_1_306' title='bbox 662 3578 980 3645; x_wconf 87' lang='lat' dir='ltr'><strong>excellens</strong></span> <span class='ocrx_word' id='word_1_307' title='bbox 1028 3580 1108 3645; x_wconf 93' lang='lat' dir='ltr'><strong>de</strong></span> <span class='ocrx_word' id='word_1_308' title='bbox 1152 3580 1431 3645; x_wconf 89' lang='lat' dir='ltr'><strong>amicitia</strong></span> <span class='ocrx_word' id='word_1_309' title='bbox 1475 3580 1792 3663; x_wconf 84' lang='lat' dir='ltr'><strong>loquetur.</strong></span> <span class='ocrx_word' id='word_1_310' title='bbox 1881 3594 1954 3647; x_wconf 90' lang='lat' dir='ltr'><strong>tu</strong></span> <span class='ocrx_word' id='word_1_311' title='bbox 1988 3581 2179 3647; x_wconf 84' lang='lat' dir='ltr'><strong>velim</strong></span> <span class='ocrx_word' id='word_1_312' title='bbox 2214 3603 2253 3644; x_wconf 90' lang='lat' dir='ltr'><strong>a</strong></span> <span class='ocrx_word' id='word_1_313' title='bbox 2287 3602 2391 3646; x_wconf 93' lang='lat' dir='ltr'><strong>me</strong></span> <span class='ocrx_word' id='word_1_314' title='bbox 2438 3580 2721 3644; x_wconf 89' lang='lat' dir='ltr'><strong>animum</strong></span> 
     </span>
     <span class='ocr_line' id='line_1_37' title="bbox 663 3671 2725 3761; baseline 0 -24"><span class='ocrx_word' id='word_1_315' title='bbox 663 3694 1008 3759; x_wconf 87' lang='lat' dir='ltr'><strong>parumper</strong></span> <span class='ocrx_word' id='word_1_316' title='bbox 1043 3684 1323 3750; x_wconf 85' lang='lat' dir='ltr'><strong>avertas,</strong></span> <span class='ocrx_word' id='word_1_317' title='bbox 1359 3672 1661 3739; x_wconf 86' lang='lat' dir='ltr'><strong>Laelium</strong></span> <span class='ocrx_word' id='word_1_318' title='bbox 1697 3676 1874 3759; x_wconf 88' lang='lat' dir='ltr'><strong>loqui</strong></span> <span class='ocrx_word' id='word_1_319' title='bbox 1908 3677 2121 3761; x_wconf 89' lang='lat' dir='ltr'><strong>ipsum</strong></span> <span class='ocrx_word' id='word_1_320' title='bbox 2153 3684 2361 3760; x_wconf 88' lang='lat' dir='ltr'><strong>putes.</strong></span> <span class='ocrx_word' id='word_1_321' title='bbox 2434 3671 2512 3738; x_wconf 82' lang='lat' dir='ltr'><strong>C.</strong></span> <span class='ocrx_word' id='word_1_322' title='bbox 2550 3672 2725 3738; x_wconf 85' lang='lat' dir='ltr'><strong>Fan-</strong></span> 
     </span>
     <span class='ocr_line' id='line_1_38' title="bbox 661 3764 2724 3855; baseline 0 -24"><span class='ocrx_word' id='word_1_323' title='bbox 661 3766 807 3831; x_wconf 90' lang='lat' dir='ltr'><strong>nius</strong></span> <span class='ocrx_word' id='word_1_324' title='bbox 863 3779 928 3831; x_wconf 89' lang='lat' dir='ltr'><strong>et</strong></span> <span class='ocrx_word' id='word_1_325' title='bbox 981 3764 1065 3846; x_wconf 82' lang='lat' dir='ltr'><strong>Q.</strong></span> <span class='ocrx_word' id='word_1_326' title='bbox 1117 3766 1380 3833; x_wconf 89' lang='lat' dir='ltr'><strong>Mucius</strong></span> <span class='ocrx_word' id='word_1_327' title='bbox 1434 3767 1518 3832; x_wconf 90' lang='lat' dir='ltr'><strong>ad</strong></span> <span class='ocrx_word' id='word_1_328' title='bbox 1581 3790 1873 3834; x_wconf 87' lang='lat' dir='ltr'><strong>socerum</strong></span> <span class='ocrx_word' id='word_1_329' title='bbox 1925 3770 2192 3835; x_wconf 84' lang='lat' dir='ltr'><strong>veniunt</strong></span> <span class='ocrx_word' id='word_1_330' title='bbox 2256 3779 2403 3855; x_wconf 88' lang='lat' dir='ltr'><strong>post</strong></span> <span class='ocrx_word' id='word_1_331' title='bbox 2451 3778 2724 3833; x_wconf 88' lang='lat' dir='ltr'><strong>mortem</strong></span> 
     </span>
     <span class='ocr_line' id='line_1_39' title="bbox 663 3858 2725 3948; baseline 0.001 -25"><span class='ocrx_word' id='word_1_332' title='bbox 663 3858 958 3924; x_wconf 84' lang='lat' dir='ltr'><strong>Africani</strong></span> <span class='ocrx_word' id='word_1_333' title='bbox 967 3884 987 3936; x_wconf 91' lang='lat'>;</span> <span class='ocrx_word' id='word_1_334' title='bbox 1042 3860 1123 3923; x_wconf 98' lang='lat' dir='ltr'><strong>ab</strong></span> <span class='ocrx_word' id='word_1_335' title='bbox 1159 3860 1260 3925; x_wconf 90' lang='lat' dir='ltr'><strong>his</strong></span> <span class='ocrx_word' id='word_1_336' title='bbox 1296 3883 1503 3929; x_wconf 88' lang='lat' dir='ltr'><strong>sermo</strong></span> <span class='ocrx_word' id='word_1_337' title='bbox 1539 3863 1767 3939; x_wconf 87' lang='lat' dir='ltr'><strong>oritur,</strong></span> <span class='ocrx_word' id='word_1_338' title='bbox 1813 3864 2158 3948; x_wconf 83' lang='lat' dir='ltr'><strong>respondet</strong></span> <span class='ocrx_word' id='word_1_339' title='bbox 2191 3862 2490 3941; x_wconf 80' lang='lat' dir='ltr'><strong>Laelius,</strong></span> <span class='ocrx_word' id='word_1_340' title='bbox 2543 3863 2725 3929; x_wconf 86' lang='lat' dir='ltr'><strong>cuius</strong></span> 
     </span>
     <span class='ocr_line' id='line_1_40' title="bbox 665 3952 2725 4044; baseline 0.002 -29"><span class='ocrx_word' id='word_1_341' title='bbox 665 3960 800 4015; x_wconf 86' lang='lat' dir='ltr'><strong>tota</strong></span> <span class='ocrx_word' id='word_1_342' title='bbox 854 3952 1198 4038; x_wconf 88' lang='lat' dir='ltr'><strong>disputatio</strong></span> <span class='ocrx_word' id='word_1_343' title='bbox 1244 3967 1340 4021; x_wconf 87' lang='lat' dir='ltr'><strong>est</strong></span> <span class='ocrx_word' id='word_1_344' title='bbox 1395 3955 1474 4020; x_wconf 88' lang='lat' dir='ltr'><strong>de</strong></span> <span class='ocrx_word' id='word_1_345' title='bbox 1533 3956 1838 4034; x_wconf 83' lang='lat' dir='ltr'><strong>amicitia,</strong></span> <span class='ocrx_word' id='word_1_346' title='bbox 1894 3977 2091 4041; x_wconf 88' lang='lat' dir='ltr'><strong>quam</strong></span> <span class='ocrx_word' id='word_1_347' title='bbox 2134 3957 2354 4044; x_wconf 84' lang='lat' dir='ltr'><strong>legens</strong></span> <span class='ocrx_word' id='word_1_348' title='bbox 2400 3970 2465 4024; x_wconf 94' lang='lat' dir='ltr'><strong>te</strong></span> <span class='ocrx_word' id='word_1_349' title='bbox 2510 3958 2725 4044; x_wconf 88' lang='lat' dir='ltr'><strong>ipsum</strong></span> 
     </span>
     <span class='ocr_line' id='line_1_41' title="bbox 669 4063 1039 4128; baseline 0.003 -19"><span class='ocrx_word' id='word_1_350' title='bbox 669 4063 1039 4128; x_wconf 86' lang='lat' dir='ltr'><strong>cognosces.</strong></span> 
     </span>
    </p>
   </div>
  </div>
 </body>
</html>
