3292 4559
1087 259 1194 314 DE
1231 212 1558 314 ormcns
1592 255 1699 312 m.
1738 255 1977 310 ‘zv-82.
2436 243 2557 308 101

505 389 564 454 si
607 409 676 452 se
722 383 1048 453 consulem
1093 369 1426 458 fecissent,
1473 379 1654 444 brevi
1698 389 1985 466 tempore
2030 379 2143 442 aut
2186 379 2406 443 vivum
2436 391 2563 458 *aut

503 491 828 547 mortuum
879 475 1264 562 Iugurtham
1324 497 1392 540 se
1459 474 1529 537 in
1579 482 1959 558 potestatem
2012 473 2233 558 populi
2284 473 2561 540 Romani

503 577 940 648 redacturum3
994 573 1211 654 itaque
1256 569 1466 634 faetus
1503 579 1601 633 est
1633 568 1741 632 ille
1777 568 2035 651 quidem
2072 569 2323 647 consul,
2372 570 2487 634 sed
2522 593 2563 636 a

504 669 630 734 fide
681 667 1047 749 iustitiaque
1102 663 1424 740 discessit,
1481 662 1593 746 qui
1646 663 1961 748 optimum
2005 672 2071 726 et
2110 663 2561 748 gravissimum

453 789 462 798 ·
503 764 740 840 civem,
789 761 970 827 ouius
1011 761 1264 844 legatus
1311 768 1376 823 et
1411 780 1450 822 a
1483 779 1612 840 quo
1648 758 1879 821 missus
1916 768 2111 832 esset,
2155 757 2224 820 in
2256 757 2562 824 invidiam
2673 797 2675 804 ι

502 858 666 922 falso
715 856 976 921 crimine
1025 853 1380 918 adduxerit.
1467 873 1550 916 ne
1592 861 1810 915 noster
1843 850 2102 932 quidem
2140 847 2561 916 Gratidianus

501 953 718 1018 officio
767 951 888 1015 viri
931 948 1085 1014 boni
1119 947 1378 1012 functus
1415 955 1512 1010 est
1545 956 1685 1009 tum
1696 990 1717 1021 ,
1762 966 1910 1009 oum
1944 955 2199 1028 praetor
2232 954 2401 1008 esset
2434 946 2563 1009 ool-

502 1047 876 1131 legiumque
919 1041 1309 1128 praetorium
1355 1038 1596 1103 tribuni
1628 1037 1805 1123 plebi
1840 1037 2307 1114 adhibuissent,
2353 1049 2428 1101 ut
2460 1061 2561 1104 res

503 1138 866 1204 nummaria
900 1137 980 1201 de
1016 1135 1342 1200 communi
1377 1132 1693 1198 sententia
1729 1131 2242 1210 constitueretur3
2278 1133 2561 1197 iactaba—

500 1246 613 1298 tur
657 1231 827 1308 enim
873 1228 1266 1314 temporibus
1310 1227 1436 1292 illis
1481 1248 1781 1292 nummus
1826 1226 1915 1290 sie
1926 1273 1944 1303 ,
1996 1237 2071 1290 ut
2113 1248 2301 1292 nemo
2346 1236 2563 1312 posset

505 1327 688 1403 seire,
727 1325 881 1409 quid
916 1323 1201 1389 haberet.
1275 1321 1787 1407 conscripserunt
1822 1321 2243 1386 communiter
2282 1321 2561 1386 edietum

505 1443 653 1488 eum
698 1442 908 1506 poena
952 1429 1143 1503 atque
1189 1417 1424 1482 iudicio
1469 1416 2059 1499 constitueruntque
2102 1426 2176 1480 ut
2220 1437 2441 1481 omnes
2476 1415 2563 1480 si-

503 1516 640 1580 mul
675 1514 742 1578 in
762 1525 984 1579 *rostra
1017 1522 1164 1598 post
1195 1510 1528 1576 meridiem
1561 1510 1993 1576 escenderent.
2082 1519 2147 1574 et
2194 1511 2386 1574 ceteri
2420 1509 2563 1593 qui·
2646 1561 2651 1566 .
2764 1565 2769 1573 .

505 1611 653 1675 dem
699 1610 860 1673 alius
907 1608 1062 1674 alio:
1099 1606 1366 1672 'Marius
1415 1606 1498 1670 ab
1545 1605 1863 1670 subselliis
1906 1606 1977 1669 in
2020 1614 2227 1669 rostra
2258 1615 2433 1669 recta
2466 1605 2563 1668 id-

507 1726 664 1788 que,
713 1703 886 1786 quod
933 1701 1352 1766 communiter
1398 1699 1798 1784 conpositum
1844 1699 2085 1774 fuerat,
2134 1699 2307 1762 solus
2344 1697 2561 1762 edixit.

508 1806 578 1882 et
626 1819 702 1860 ea
753 1817 885 1872 res,
939 1793 994 1858 si
1047 1794 1332 1876 quaeris,
1387 1793 1447 1857 ei
1497 1815 1733 1878 magno
1788 1791 2014 1856 honori
2058 1791 2208 1856 fuit:
2263 1791 2563 1856 omnibus

505 1889 666 1954 vicis
703 1899 980 1962 statuae,
1019 1888 1101 1951 ad
1137 1909 1246 1952 eas
1283 1897 1415 1964 tus,
1464 1887 1661 1963 oerei3
1717 1887 1873 1970 quid
1908 1887 2145 1950 multa?
2197 1907 2387 1951 nemo
2422 1909 2565 1951 um·-

507 2006 700 2068 quam
747 1981 1140 2046 multitudini
1188 1981 1313 2044 fuit
1357 1980 1580 2045 carior.
1670 1981 1830 2045 haee
1876 1991 2050 2057 sunt,
2096 2001 2262 2064 quae
2308 1991 2565 2045 contur-

507 2080 664 2142 bent
713 2077 782 2141 in
833 2074 1286 2141 deliberatione
1339 2097 1467 2138 non
1517 2096 1901 2158 numquam,
1958 2097 2105 2139 oum
2156 2074 2253 2152 id,
2317 2074 2386 2138 in
2436 2077 2567 2158 quo'

507 2171 783 2236 violatur
825 2169 1111 2253 aequitas
1127 2218 1144 2247 ,
1189 2191 1319 2257 non
1361 2170 1452 2234 ita
1495 2193 1833 2254 magnum,
1888 2170 2047 2234 illud
2092 2181 2335 2246 autem,
2391 2170 2566 2253 quod

506 2290 590 2332 ex
626 2287 702 2331 eo
737 2265 1010 2351 paritur,
1060 2285 1482 2350 permagnum
1519 2263 1800 2340 videtur,
1846 2276 1920 2328 ut
1953 2263 2167 2329 Mario
2202 2264 2565 2351 praeripere

2598 1989 2651 2030 81

509 2361 770 2446 collegis
833 2369 898 2425 et
957 2358 1228 2422 tribunis
1291 2357 1466 2443 plebi
1527 2358 1903 2443 popularem
1966 2358 2241 2443 gratiam
2292 2380 2423 2424 non
2473 2361 2611 2424 ita·

505 2468 725 2540 turpe,
761 2454 1087 2519 consulem
1125 2454 1208 2516 ob
1245 2475 1387 2518 eam
1420 2475 1556 2517 rem
1590 2453 1759 2529 fieri,
1796 2452 1966 2536 quod
2004 2453 2128 2516 sibi
2160 2464 2297 2517 tum
2332 2475 2566 2540 propo·-

504 2560 750 2626 suerat,
798 2549 982 2613 valde
1026 2547 1182 2612 utile
1224 2546 1580 2612 videbatur.
1672 2547 1785 2612 sed
1830 2547 2114 2611 omnium
2162 2569 2295 2612 una
2336 2549 2565 2634 regula

505 2655 632 2719 est,
680 2665 874 2727 quam
922 2641 1038 2706 tibi
1085 2639 1272 2727 cupio
1319 2664 1458 2707 esse
1502 2641 1929 2706 notissimam:
1985 2651 2096 2706 aut
2148 2641 2335 2718 illud,
2391 2643 2565 2726 quod

503 2739 658 2803 utile
696 2737 966 2814 videtur,
1003 2747 1190 2822 turpe
1225 2759 1308 2800 ne
1345 2737 1456 2812 sit,
1493 2745 1633 2810 aut,
1672 2736 1727 2798 si
1762 2745 1946 2820 turpe
1984 2746 2108 2812 est,
2155 2757 2237 2798 ne
2272 2736 2565 2800 videatur

507 2854 646 2896 esse
682 2831 855 2894 utile.
946 2829 1101 2912 quid
1146 2829 1381 2913 igitur?
1423 2849 1849 2912 possumusne
1896 2839 2009 2890 aut
2052 2828 2235 2892 illum
2279 2828 2565 2892 Marium

506 2924 714 2990 virum
760 2923 1002 2987 bonum
1046 2922 1329 2986 iudicare
1375 2932 1488 2986 aut
1532 2921 1744 2987 hune?
1808 2921 2059 3006 explica
2103 2933 2294 3004 atque
2338 2933 2565 3011 excute

505 3016 1005 3101 intellegentiam
1057 3025 1264 3092 tuam,
1316 3026 1392 3080 ut
1441 3016 1711 3092 videas,
1743 3037 1909 3098 quae
1962 3015 2043 3079 sit
2085 3015 2153 3078 in
2202 3039 2277 3080 ea
2321 3017 2563 3102 species
2628 3046 2634 3052 ·

507 3107 778 3198 [forma]
827 3121 892 3175 et
933 3109 1109 3174 notio
1155 3109 1276 3174 viri
1311 3109 1483 3174 boni.
1573 3108 1748 3174 eadit
1783 3131 1937 3194 ergo
1972 3109 2285 3174 invirum
2321 3111 2564 3177 bonum

505 3203 762 3270 mentiri
799 3201 1208 3268 emolumenti
1242 3203 1343 3268 sui
1379 3225 1593 3280 causa,
1631 3204 1981 3280 criminari,
2017 3205 2408 3291 praeripere,
2444 3207 2565 3270 fal·-

505 3299 675 3365 lere?
727 3297 887 3363 nihil
932 3296 1218 3384 profecto
1261 3297 1495 3362 minus.
1585 3309 1683 3362 est
1729 3320 1883 3384 ergo
1927 3298 2059 3362 ulla
2102 3321 2204 3364 res
2250 3301 2410 3364 tanti
2454 3311 2565 3364 aut

509 3389 910 3459 commodum
945 3393 1151 3457 ullum
1184 3402 1316 3456 tam
1345 3393 1797 3478 expetendum,
1834 3403 1907 3456 ut
1934 3393 2053 3457 viri
2082 3393 2234 3457 boni
2263 3404 2327 3458 et
2353 3395 2565 3479 splen-

2598 3323 2650 3363 82

507 3487 729 3553 dorem
765 3497 828 3552 et
862 3507 1097 3552 nomen
1131 3486 1424 3551 amittas?
1493 3486 1648 3571 quid
1685 3497 1783 3551 est
1818 3487 1992 3570 quod
2029 3487 2277 3551 adferre
2315 3497 2564 3551 tantum
2610 3522 2622 3528 -

507 3581 746 3648 utilitas
798 3581 950 3658 ista,
1005 3601 1170 3667 quae
1225 3580 1482 3658 dicitur,
1534 3581 1767 3666 possit,
1816 3591 2129 3663 quantum
2174 3580 2456 3656 auferre,
2509 3581 2565 3645 si

509 3677 664 3741 boni
714 3675 834 3740 viri
883 3696 1118 3740 nomen
1171 3675 1499 3761 eripuerit,
1553 3675 1748 3754 fidem
1794 3675 2227 3758 iustitiamque
2274 3675 2563 3756 detraxe-

506 3771 628 3833 rit?
699 3765 886 3855 [quid
923 3769 1090 3834 enim
1125 3769 1415 3844 interest,
1463 3781 1678 3833 utrum
1715 3793 1794 3834 ex
1830 3767 2087 3833 homine
2125 3791 2193 3833 se
2238 3779 2565 3832 convertat

513 3861 654 3944 quis
707 3863 778 3926 in
827 3863 1112 3941 beluam,
1169 3887 1250 3928 an
1304 3863 1577 3930 hominis
1627 3863 1839 3948 figura
1890 3863 2330 3928 inmanitatem
2381 3865 2565 3947 gerat
2660 3932 2663 3936 ,

514 3956 736 4020 beluae
747 3953 806 4039 ?]

641 4046 857 4130 Quid?
909 4052 1020 4134 qui
1064 4052 1277 4118 omnia
1321 4063 1496 4117 recta
1547 4062 1610 4116 et
1654 4050 1921 4116 honesta
1972 4051 2353 4137 neglegunt,
2409 4050 2561 4116 dum
2596 4063 2668 4117 21

1776 4359 1791 4376 ⁰
1847 4356 1862 4373 ⁰
1912 4346 2062 4398 ’⁸0:³2
