3292 4559
947 269 1030 339 66
1522 232 1525 235 ’
1557 277 1639 360 111.
1676 276 1949 335 'runnu
1982 272 2386 334 omanoms

945 432 1078 475 non
1112 416 1342 472 natura
1377 400 1841 470 administrari?
1874 410 1975 479 ut,
2020 398 2075 465 si
2111 399 2222 485 qui
2267 393 2474 465 dentis
2510 408 2575 465 et
2606 392 3017 485 pubertatem

946 512 1181 569 natura
1232 500 1402 566 dicat
1452 496 1785 573 exsistere,
1834 495 2050 580 ipsum
2100 504 2317 559 autem
2368 492 2720 569 hominem,
2773 492 2881 558 cui
2932 516 3015 559 ea

948 596 1288 672 exsistant,
1342 614 1474 658 non
1508 601 1798 657 constare
1833 600 2095 665 natura,
2145 608 2279 652 non
2321 587 2652 674 intellegat
2684 608 2792 665 ea,
2842 607 3015 672 quae

948 691 1238 758 ecferant
1254 687 1496 773 aliquid
1521 709 1604 753 ex
1621 707 1782 761 sese,
1817 680 2230 769 perfectiores
2257 680 2495 747 habere
2521 691 2785 746 naturas
2813 702 3013 766 quam

950 809 1048 863 ea,
1085 806 1250 870 quae
1284 806 1368 850 ex
1400 782 1478 848 iis
1512 779 1893 848 ecferantur.

847 897 918 954 34
1017 877 1390 945 Omnium
1433 887 1651 943 autem
1692 894 1940 950 rerum,
1991 893 2160 957 quae
2200 863 2434 937 natura
2467 868 3012 945 administrantur,

950 973 1292 1040 seminator
1326 981 1391 1037 et
1424 981 1599 1037 sator
1633 977 1698 1035 et
1741 990 2003 1078 parens,
2037 975 2112 1031 ut
2144 965 2236 1031 ita
2270 964 2509 1042 dicam,
2546 974 2739 1048 atque
2774 964 3013 1030 educa-

945 1079 1047 1135 tor
1084 1079 1148 1135 et
1181 1068 1344 1133 altor
1376 1075 1474 1131 est
1507 1062 1791 1130 mundus
1825 1061 2167 1145 omniaque
2203 1059 2369 1128 sicut
2399 1058 2690 1125 membra
2714 1069 2781 1124 et
2811 1058 3013 1143 partis

947 1181 1096 1228 suas
1130 1162 1488 1227 nutricatur
1523 1171 1584 1225 et
1623 1157 1924 1224 continet.
1977 1155 2154 1241 quod
2186 1154 2243 1221 si
2274 1153 2498 1218 mundi
2533 1164 2746 1240 partes
2780 1163 3013 1217 natura

947 1257 1500 1330 administrantur,
1552 1274 1816 1318 necesse
1859 1261 1955 1317 est
2002 1248 2317 1317 mundum
2357 1247 2572 1334 ipsum
2623 1259 2854 1314 natura
2896 1249 3013 1313 ad-

947 1349 1320 1423 ministrari,
1385 1346 1566 1413 cuius
1629 1345 1892 1430 quidem
1953 1342 2411 1409 administratio
2461 1341 2631 1408 -nihil
2689 1342 2883 1409 habet
2942 1344 3014 1408 in

937 1466 1020 1508 ase
1073 1443 1250 1526 quod
1298 1440 1679 1527 reprehendi
1729 1439 1960 1526 possit3
2022 1461 2103 1504 ex
2153 1438 2232 1504 iis
2283 1437 2455 1504 enim
2504 1437 2780 1516 naturis,
2843 1457 3011 1524 quae

855 1559 908 1600 111
951 1548 1160 1614 erant,
1213 1537 1388 1620 quod
1431 1535 1602 1602 effici
1646 1534 1961 1621 optimum
2000 1532 2210 1620 potuit
2242 1530 2545 1598 effectum
2578 1543 2695 1598 est.
2785 1533 3011 1598 doceat

949 1652 1105 1718 ergo
1141 1631 1370 1716 aliquis
1405 1630 1688 1717 potuisse
1721 1629 1984 1706 melius3
2032 1627 2147 1694 sed
2177 1648 2367 1693 nemo
2401 1647 2712 1712 umquam
2757 1627 3012 1693 docebit

950 1737 1036 1804 et,
1073 1725 1128 1791 si
1164 1725 1306 1810 quis
1343 1725 1661 1810 corrigere
1697 1721 1940 1808 aliquid
1973 1723 2173 1798 volet,
2209 1732 2323 1787 aut
2356 1720 2634 1787 deterius
2669 1720 2863 1788 faciet
2895 1735 3012 1787 aut

950 1817 1047 1895 id,
1093 1819 1266 1904 quod
1311 1819 1449 1891 fieri
1482 1840 1615 1885 non
1647 1816 1955 1904 potuerit,
1992 1815 2400 1882 desiderabit.
2489 1816 2663 1900 quod
2698 1815 2753 1881 si
2787 1838 3010 1882 omnes

948 1913 1172 1978 mundi
1221 1924 1436 2000 partes
1487 1912 1580 1978 ita
1632 1911 2013 1978 constRutae
2065 1920 2243 1988 sunt,
2298 1919 2372 1974 ut
2421 1930 2631 1994 neque
2684 1910 2769 1975 ad
2819 1933 3010 1976 usum

947 2007 1238 2074 meliores
1291 2007 1616 2095 potuerint
1667 2028 1809 2072 esse
1859 2027 2071 2090 neque
2125 2004 2210 2070 ad
2263 2004 2543 2090 speciem
2592 2004 3009 2090 pulchriores,

947 2103 1310 2178 videamus,
1355 2114 1573 2168 utrum
1608 2123 1688 2167 ea
1722 2100 2069 2165 fortuitane
2106 2099 2234 2164 sint
2267 2122 2351 2164 an
2386 2120 2464 2164 eo
2500 2109 2701 2178 818111,
2739 2120 2867 2184 quo
2903 2122 3013 2165 co-

948 2195 1214 2261 haerere
1248 2196 1424 2258 nullo
1457 2194 1651 2260 modo
1687 2194 2013 2280 potuerint
2046 2193 2171 2258 nisi
2214 2215 2407 2258 sensu
2441 2190 2813 2260 moderante
2849 2194 3013 2263 divi-

948 2309 1163 2373 naque
1204 2287 1624 2373 providentia.
1712 2287 1768 2352 si
1810 2287 2014 2374 igitur,
2040 2287 2304 2353 meliora
2337 2298 2485 2352 sunt
2529 2309 2637 2364 ea,
2682 2308 2849 2372 quae
2894 2311 3013 2353 na-

949 2392 1126 2458 tura,
1170 2401 1366 2463 quam
1399 2380 1538 2456 illa,
1589 2402 1758 2464 quae
1793 2392 1930 2446 arte
1973 2381 2259 2467 perfecta
2293 2391 2470 2459 sunt,
2514 2403 2636 2447 nec
2670 2404 2774 2447 ars
2812 2382 3009 2448 efficit

951 2475 1297 2560 quicquam
1332 2475 1468 2539 sine
1504 2475 1769 2552 ratione,
1802 2498 1886 2541 ne
1916 2486 2149 2541 natura
2184 2475 2444 2560 quidem
2478 2476 2742 2542 rationis
2779 2499 3008 2562 expers

951 2579 1050 2635 est
1092 2568 1408 2634 habenda.
1499 2568 1611 2652 qui
1652 2567 1851 2655 igitur
1897 2570 2221 2647 convenit,
2276 2570 2532 2656 signum
2567 2581 2681 2636 aut
2722 2571 3012 2637 tabulam

951 2664 1190 2749 pictam
1227 2686 1374 2729 cum
1411 2663 1767 2750 aspexeris,
1806 2664 1964 2730 scire
2001 2663 2353 2729 adhibitam
2386 2687 2528 2731 esse
2563 2676 2794 2744 artem,
2832 2688 3013 2732 cum-

949 2779 1077 2842 que
1109 2758 1336 2844 procul
1370 2779 1631 2822 cursum
1665 2757 1907 2844 navigii
1943 2758 2205 2836 videris,
2248 2781 2379 2824 non
2425 2759 2718 2825 dubitare
2752 2761 2908 2845 quin
2942 2762 3012 2827 id

947 2852 1192 2918 ratione
1229 2862 1424 2938 atque
1451 2862 1586 2917 arte
1613 2862 1967 2931 moveatur,
2005 2863 2117 2918 aut
2151 2875 2299 2919 cum
2326 2854 2631 2919 solarium
2656 2855 2760 2919 vel
2788 2855 3011 2920 discri-

950 2956 1135 3030 ptum
1161 2946 1376 3010 velex
1401 2967 1570 3029 aqua
1597 2946 2044 3031 contemplere,
2079 2946 2450 3033 intellegere
2478 2947 2786 3014 declarari
2819 2948 3010 3014 horas

952 3048 1110 3114 arte,
1143 3059 1274 3102 non
1308 3060 1482 3117 casu,
1519 3039 1833 3106 mundum
1870 3051 2083 3107 autem
2094 3088 2114 3119 ,
2148 3041 2261 3126 qui
2297 3051 2363 3107 et
2396 3041 2512 3107 has
2546 3041 2719 3128 ipsas
2756 3043 2907 3108 artis
2946 3056 3015 3111 et

952 3153 1174 3197 earum
1209 3133 1478 3200 artifices
1513 3145 1579 3200 et
1612 3146 1847 3202 cuncta
1872 3137 2331 3223 conplectatur,
2368 3137 2615 3203 consilli
2649 3148 2714 3203 et
2748 3137 3012 3203 rationis

856 3245 910 3287 ss
954 3248 1096 3292 esse
1131 3238 1455 3314 expertem
1496 3229 1763 3316 putare?
1813 3229 1989 3315 quod
2033 3231 2087 3296 si
2130 3231 2201 3296 in
2235 3230 2570 3317 Scythiam
2606 3242 2718 3298 aut
2759 3231 2829 3296 in
2862 3233 3015 3296 Bri-

949 3322 1234 3388 tanniam
1270 3324 1602 3410 sphaeram
1631 3327 1862 3412 aliquis
1886 3328 2103 3394 tulerit
2137 3327 2323 3407 hanc,
2360 3351 2556 3414 quam
2581 3352 2790 3416 nuper
2822 3330 3015 3396 fami-

946 3417 1122 3484 liaris
1156 3429 1372 3485 noster
1405 3421 1618 3489 effecit
1651 3421 2063 3500 Posidonius,
2101 3423 2283 3489 cuius
2320 3424 2611 3510 singulae
2644 3424 3013 3492 conversio-

946 3535 1063 3578 nes
1096 3512 1268 3579 idem
1304 3514 1642 3581 efficiunt
1623 3540 1693 3580 111
1728 3516 1863 3581 8018
1895 3528 1963 3582 81
1992 3516 2062 3581 111
2094 3517 2249 3582 111118
2284 3528 2349 3583 81
2389 3518 2459 3583 111
2492 3519 2778 3603 quinque
2813 3519 3015 3584 stellis

949 3607 1337 3685 errantibus,
1381 3609 1556 3694 quod
1591 3608 1867 3675 efficitur
1909 3609 1979 3674 in
2013 3610 2191 3677 caelo
2220 3611 2495 3699 singulis
2533 3612 2759 3691 diebus
2794 3624 2861 3679 et
2893 3636 3018 3679 no-

951 3701 1190 3780 ctibus,
1244 3702 1387 3786 quis
1423 3704 1491 3767 in
1523 3703 1637 3768 illa
1681 3702 1980 3770 barbaria
2013 3705 2265 3772 dubitet
2306 3706 2465 3792 quin
2499 3730 2577 3773 ea
2622 3707 2893 3795 sphaera
2930 3709 3019 3774 sit

851 3808 920 3864 35
950 3797 1236 3884 perfecta
1276 3798 1560 3862 ratione?
1613 3798 1679 3862 hi
1726 3809 1943 3866 autem
1986 3801 2283 3867 dubitant
2318 3802 2399 3868 de
2443 3803 2716 3882 mundo,
2762 3825 2845 3870 ex
2878 3825 3015 3887 quo

950 3900 1018 3954 et
1061 3890 1349 3979 oriuntur
1392 3902 1456 3958 et
1497 3891 1663 3959 fiunt
1705 3894 1950 3973 omnia,
2006 3918 2241 3962 casune
2284 3896 2423 3984 ipse
2468 3897 2549 3962 sit
2595 3896 2862 3964 effectus
2897 3909 3019 3963 aut

952 3983 1331 4049 necessitate
1364 3985 1581 4070 aliqua
1623 4011 1708 4053 an
1742 3988 1985 4055 ratione
2022 4011 2101 4056 ac
2132 4002 2347 4056 mente
2383 3991 2629 4068 divina,
2676 4002 2741 4058 81
2776 3991 3019 4056 Archi-—

953 4073 1208 4140 medem
1260 4077 1642 4146 arbitrantur
1690 4082 1837 4169 plus
1890 4083 2231 4152 valuisse'
2211 4108 2280 4150 m
2324 4085 2647 4151 imitandis
2701 4084 3018 4172 sphaerae
