<?xml version="1.0" encoding="UTF-8"?>
<!DOCTYPE html PUBLIC "-//W3C//DTD XHTML 1.0 Transitional//EN"
    "http://www.w3.org/TR/xhtml1/DTD/xhtml1-transitional.dtd">
<html xmlns="http://www.w3.org/1999/xhtml" xml:lang="en" lang="en">
 <head>
  <title>
</title>
<meta http-equiv="Content-Type" content="text/html;charset=utf-8" />
  <meta name='ocr-system' content='tesseract 3.04.00' />
  <meta name='ocr-capabilities' content='ocr_page ocr_carea ocr_par ocr_line ocrx_word'/>
</head>
<body>
  <div class='ocr_page' id='page_1' title='image "./mtulliiciceroni03unkngoog_0368.png"; bbox 0 0 3292 4559; ppageno 0'>
   <div class='ocr_carea' id='block_1_1' title="bbox 687 404 739 445">
    <p class='ocr_par' dir='ltr' id='par_1_1' title="bbox 687 404 739 445">
     <span class='ocr_line' id='line_1_1' title="bbox 687 404 739 445; baseline -0.038 0"><span class='ocrx_word' id='word_1_1' title='bbox 687 404 739 445; x_wconf 74' lang='lat'>29</span> 
     </span>
    </p>
   </div>
   <div class='ocr_carea' id='block_1_2' title="bbox 688 1343 740 1383">
    <p class='ocr_par' dir='ltr' id='par_1_2' title="bbox 688 1343 740 1383">
     <span class='ocr_line' id='line_1_2' title="bbox 688 1343 740 1383; baseline -0.019 0"><span class='ocrx_word' id='word_1_2' title='bbox 688 1343 740 1383; x_wconf 73' lang='lat'>30</span> 
     </span>
    </p>
   </div>
   <div class='ocr_carea' id='block_1_3' title="bbox 671 2244 741 2357">
    <p class='ocr_par' dir='ltr' id='par_1_3' title="bbox 671 2244 741 2357">
     <span class='ocr_line' id='line_1_3' title="bbox 671 2244 741 2297; baseline 0 0"><span class='ocrx_word' id='word_1_3' title='bbox 671 2244 741 2297; x_wconf 90' lang='grc'>10</span> 
     </span>
     <span class='ocr_line' id='line_1_4' title="bbox 687 2317 735 2357; baseline -0.042 0"><span class='ocrx_word' id='word_1_4' title='bbox 687 2317 735 2357; x_wconf 77' lang='lat'>31</span> 
     </span>
    </p>
   </div>
   <div class='ocr_carea' id='block_1_4' title="bbox 687 3125 740 3165">
    <p class='ocr_par' dir='ltr' id='par_1_4' title="bbox 687 3125 740 3165">
     <span class='ocr_line' id='line_1_5' title="bbox 687 3125 740 3165; baseline 0 0"><span class='ocrx_word' id='word_1_5' title='bbox 687 3125 740 3165; x_wconf 77' lang='lat'>32</span> 
     </span>
    </p>
   </div>
   <div class='ocr_carea' id='block_1_5' title="bbox 774 243 2219 310">
    <p class='ocr_par' dir='ltr' id='par_1_5' title="bbox 774 243 2219 310">
     <span class='ocr_line' id='line_1_6' title="bbox 774 243 2219 310; baseline -0.001 -1"><span class='ocrx_word' id='word_1_6' title='bbox 774 243 859 309; x_wconf 89' lang='lat'>10</span> <span class='ocrx_word' id='word_1_7' title='bbox 1389 252 1467 307; x_wconf 86' lang='grc' dir='ltr'>Μ.</span> <span class='ocrx_word' id='word_1_8' title='bbox 1503 249 1778 310; x_wconf 80' lang='lat' dir='ltr'>TULLII</span> <span class='ocrx_word' id='word_1_9' title='bbox 1813 250 2219 307; x_wconf 77' lang='lat' dir='ltr'>CICERONIS</span> 
     </span>
    </p>
   </div>
   <div class='ocr_carea' id='block_1_6' title="bbox 770 375 2841 2626">
    <p class='ocr_par' dir='ltr' id='par_1_6' title="bbox 771 375 2839 933">
     <span class='ocr_line' id='line_1_7' title="bbox 772 375 2833 459; baseline -0 -15"><span class='ocrx_word' id='word_1_10' title='bbox 772 390 946 445; x_wconf 85' lang='lat' dir='ltr'>recte</span> <span class='ocrx_word' id='word_1_11' title='bbox 989 378 1092 454; x_wconf 86' lang='lat' dir='ltr'>fit,</span> <span class='ocrx_word' id='word_1_12' title='bbox 1139 377 1193 441; x_wconf 88' lang='lat' dir='ltr'>si</span> <span class='ocrx_word' id='word_1_13' title='bbox 1239 386 1336 441; x_wconf 89' lang='lat' dir='ltr'>est</span> <span class='ocrx_word' id='word_1_14' title='bbox 1370 375 1822 441; x_wconf 84' lang='lat' dir='ltr'>voluntarium.</span> <span class='ocrx_word' id='word_1_15' title='bbox 1914 387 2061 439; x_wconf 86' lang='lat' dir='ltr'>sunt</span> <span class='ocrx_word' id='word_1_16' title='bbox 2097 375 2289 441; x_wconf 87' lang='lat' dir='ltr'>etiam</span> <span class='ocrx_word' id='word_1_17' title='bbox 2324 376 2437 459; x_wconf 86' lang='lat' dir='ltr'>qui</span> <span class='ocrx_word' id='word_1_18' title='bbox 2472 387 2589 441; x_wconf 90' lang='lat' dir='ltr'>aut</span> <span class='ocrx_word' id='word_1_19' title='bbox 2624 376 2833 443; x_wconf 87' lang='lat' dir='ltr'>studio</span> 
     </span>
     <span class='ocr_line' id='line_1_8' title="bbox 771 469 2833 554; baseline -0.001 -17"><span class='ocrx_word' id='word_1_20' title='bbox 771 475 865 539; x_wconf 91' lang='lat' dir='ltr'>rei</span> <span class='ocrx_word' id='word_1_21' title='bbox 907 472 1238 537; x_wconf 87' lang='lat' dir='ltr'>familiaris</span> <span class='ocrx_word' id='word_1_22' title='bbox 1282 471 1557 536; x_wconf 90' lang='lat' dir='ltr'>tuendae</span> <span class='ocrx_word' id='word_1_23' title='bbox 1605 480 1719 533; x_wconf 88' lang='lat' dir='ltr'>aut</span> <span class='ocrx_word' id='word_1_24' title='bbox 1762 470 1908 533; x_wconf 89' lang='lat' dir='ltr'>odio</span> <span class='ocrx_word' id='word_1_25' title='bbox 1960 470 2241 554; x_wconf 81' lang='lat' dir='ltr'>quodam</span> <span class='ocrx_word' id='word_1_26' title='bbox 2276 469 2611 533; x_wconf 89' lang='lat' dir='ltr'>hominum</span> <span class='ocrx_word' id='word_1_27' title='bbox 2648 494 2833 535; x_wconf 88' lang='lat' dir='ltr'>suum</span> 
     </span>
     <span class='ocr_line' id='line_1_9' title="bbox 772 563 2839 652; baseline -0 -21"><span class='ocrx_word' id='word_1_28' title='bbox 772 590 844 631; x_wconf 87' lang='lat' dir='ltr'>se</span> <span class='ocrx_word' id='word_1_29' title='bbox 887 568 1218 652; x_wconf 86' lang='lat' dir='ltr'><strong>negotium</strong></span> <span class='ocrx_word' id='word_1_30' title='bbox 1263 588 1456 650; x_wconf 89' lang='lat' dir='ltr'>agere</span> <span class='ocrx_word' id='word_1_31' title='bbox 1502 564 1717 629; x_wconf 88' lang='lat' dir='ltr'>dicant</span> <span class='ocrx_word' id='word_1_32' title='bbox 1750 584 1873 628; x_wconf 88' lang='lat' dir='ltr'>nec</span> <span class='ocrx_word' id='word_1_33' title='bbox 1908 563 2121 629; x_wconf 86' lang='lat' dir='ltr'>facere</span> <span class='ocrx_word' id='word_1_34' title='bbox 2158 564 2459 647; x_wconf 87' lang='lat' dir='ltr'>cuiquam</span> <span class='ocrx_word' id='word_1_35' title='bbox 2494 564 2839 631; x_wconf 81' lang='lat' dir='ltr'>videantur</span> 
     </span>
     <span class='ocr_line' id='line_1_10' title="bbox 772 657 2837 743; baseline -0.001 -16"><span class='ocrx_word' id='word_1_36' title='bbox 772 661 1100 727; x_wconf 82' lang='lat' dir='ltr'>iniuriam:</span> <span class='ocrx_word' id='word_1_37' title='bbox 1137 660 1249 743; x_wconf 89' lang='lat' dir='ltr'>qui</span> <span class='ocrx_word' id='word_1_38' title='bbox 1284 660 1482 723; x_wconf 82' lang='lat' dir='ltr'>altero</span> <span class='ocrx_word' id='word_1_39' title='bbox 1517 678 1754 743; x_wconf 85' lang='lat' dir='ltr'>genere</span> <span class='ocrx_word' id='word_1_40' title='bbox 1788 657 2137 723; x_wconf 87' lang='lat' dir='ltr'>iniustitiae</span> <span class='ocrx_word' id='word_1_41' title='bbox 2172 670 2425 737; x_wconf 88' lang='lat' dir='ltr'>vacant,</span> <span class='ocrx_word' id='word_1_42' title='bbox 2461 660 2529 723; x_wconf 90' lang='lat' dir='ltr'>in</span> <span class='ocrx_word' id='word_1_43' title='bbox 2558 659 2837 724; x_wconf 83' lang='lat' dir='ltr'>alterum</span> 
     </span>
     <span class='ocr_line' id='line_1_11' title="bbox 774 751 2839 837; baseline -0 -17"><span class='ocrx_word' id='word_1_44' title='bbox 774 756 1137 831; x_wconf 86' lang='lat' dir='ltr'>incurrunt3</span> <span class='ocrx_word' id='word_1_45' title='bbox 1202 755 1504 819; x_wconf 88' lang='lat' dir='ltr'>deserunt</span> <span class='ocrx_word' id='word_1_46' title='bbox 1567 752 1737 817; x_wconf 88' lang='lat' dir='ltr'>enim</span> <span class='ocrx_word' id='word_1_47' title='bbox 1791 751 1959 817; x_wconf 85' lang='lat' dir='ltr'>vitae</span> <span class='ocrx_word' id='word_1_48' title='bbox 2016 752 2415 830; x_wconf 88' lang='lat' dir='ltr'>societatem,</span> <span class='ocrx_word' id='word_1_49' title='bbox 2468 753 2617 837; x_wconf 87' lang='lat' dir='ltr'>quia</span> <span class='ocrx_word' id='word_1_50' title='bbox 2668 756 2839 819; x_wconf 80' lang='lat' dir='ltr'><strong>nihil</strong></span> 
     </span>
     <span class='ocr_line' id='line_1_12' title="bbox 775 846 2757 933; baseline -0.001 -19"><span class='ocrx_word' id='word_1_51' title='bbox 775 849 1112 914; x_wconf 86' lang='lat' dir='ltr'>conferunt</span> <span class='ocrx_word' id='word_1_52' title='bbox 1145 848 1211 912; x_wconf 89' lang='lat' dir='ltr'>in</span> <span class='ocrx_word' id='word_1_53' title='bbox 1250 869 1394 912; x_wconf 90' lang='lat' dir='ltr'>eam</span> <span class='ocrx_word' id='word_1_54' title='bbox 1431 847 1644 923; x_wconf 89' lang='lat' dir='ltr'>studii,</span> <span class='ocrx_word' id='word_1_55' title='bbox 1681 846 1839 910; x_wconf 88' lang='lat' dir='ltr'>nihil</span> <span class='ocrx_word' id='word_1_56' title='bbox 1876 868 2127 933; x_wconf 80' lang='lat' dir='ltr'>operae,</span> <span class='ocrx_word' id='word_1_57' title='bbox 2162 846 2322 911; x_wconf 87' lang='lat' dir='ltr'>nihil</span> <span class='ocrx_word' id='word_1_58' title='bbox 2356 846 2757 913; x_wconf 77' lang='lat' dir='ltr'><strong>facultatum.</strong></span> 
     </span>
    </p>

    <p class='ocr_par' dir='ltr' id='par_1_7' title="bbox 770 940 2841 2249">
     <span class='ocr_line' id='line_1_13' title="bbox 904 940 2841 1028; baseline -0.001 -20"><span class='ocrx_word' id='word_1_59' title='bbox 904 942 1230 1025; x_wconf 82' lang='lat' dir='ltr'><strong>Quoniam</strong></span> <span class='ocrx_word' id='word_1_60' title='bbox 1265 942 1460 1027; x_wconf 86' lang='lat' dir='ltr'>igitur</span> <span class='ocrx_word' id='word_1_61' title='bbox 1497 941 1747 1005; x_wconf 91' lang='lat' dir='ltr'>duobus</span> <span class='ocrx_word' id='word_1_62' title='bbox 1782 940 2127 1025; x_wconf 86' lang='lat' dir='ltr'>generibus</span> <span class='ocrx_word' id='word_1_63' title='bbox 2161 940 2507 1007; x_wconf 83' lang='lat' dir='ltr'>iniustitiae</span> <span class='ocrx_word' id='word_1_64' title='bbox 2543 944 2841 1028; x_wconf 88' lang='lat' dir='ltr'>proposi-</span> 
     </span>
     <span class='ocr_line' id='line_1_14' title="bbox 773 1035 2833 1119; baseline -0.001 -16"><span class='ocrx_word' id='word_1_65' title='bbox 773 1038 854 1103; x_wconf 89' lang='lat' dir='ltr'>tis</span> <span class='ocrx_word' id='word_1_66' title='bbox 899 1036 1308 1102; x_wconf 83' lang='lat' dir='ltr'>adiunximus</span> <span class='ocrx_word' id='word_1_67' title='bbox 1357 1058 1582 1100; x_wconf 85' lang='lat' dir='ltr'>causas</span> <span class='ocrx_word' id='word_1_68' title='bbox 1619 1035 1953 1118; x_wconf 88' lang='lat' dir='ltr'>utriusque</span> <span class='ocrx_word' id='word_1_69' title='bbox 1988 1036 2239 1119; x_wconf 86' lang='lat' dir='ltr'>generis</span> <span class='ocrx_word' id='word_1_70' title='bbox 2276 1056 2510 1119; x_wconf 87' lang='lat' dir='ltr'>easque</span> <span class='ocrx_word' id='word_1_71' title='bbox 2547 1058 2651 1099; x_wconf 89' lang='lat' dir='ltr'>res</span> <span class='ocrx_word' id='word_1_72' title='bbox 2686 1048 2833 1100; x_wconf 88' lang='lat' dir='ltr'>ante</span> 
     </span>
     <span class='ocr_line' id='line_1_15' title="bbox 775 1128 2833 1213; baseline -0.001 -17"><span class='ocrx_word' id='word_1_73' title='bbox 775 1132 1250 1206; x_wconf 88' lang='lat' dir='ltr'>constituimus,</span> <span class='ocrx_word' id='word_1_74' title='bbox 1305 1129 1539 1212; x_wconf 90' lang='lat' dir='ltr'>quibus</span> <span class='ocrx_word' id='word_1_75' title='bbox 1593 1128 1835 1193; x_wconf 84' lang='lat' dir='ltr'>iustitia</span> <span class='ocrx_word' id='word_1_76' title='bbox 1888 1128 2347 1205; x_wconf 78' lang='lat' dir='ltr'>contineretur,</span> <span class='ocrx_word' id='word_1_77' title='bbox 2412 1128 2603 1194; x_wconf 86' lang='lat' dir='ltr'>facile</span> <span class='ocrx_word' id='word_1_78' title='bbox 2658 1131 2833 1213; x_wconf 85' lang='lat' dir='ltr'>quod</span> 
     </span>
     <span class='ocr_line' id='line_1_16' title="bbox 777 1222 2837 1307; baseline 0 -18"><span class='ocrx_word' id='word_1_79' title='bbox 777 1226 1089 1307; x_wconf 90' lang='lat' dir='ltr'>cuiusque</span> <span class='ocrx_word' id='word_1_80' title='bbox 1144 1223 1448 1307; x_wconf 89' lang='lat' dir='ltr'>temporis</span> <span class='ocrx_word' id='word_1_81' title='bbox 1501 1222 1785 1287; x_wconf 87' lang='lat' dir='ltr'>officium</span> <span class='ocrx_word' id='word_1_82' title='bbox 1840 1224 1922 1287; x_wconf 89' lang='lat' dir='ltr'>sit</span> <span class='ocrx_word' id='word_1_83' title='bbox 1974 1223 2351 1307; x_wconf 89' lang='lat' dir='ltr'>poterimus,</span> <span class='ocrx_word' id='word_1_84' title='bbox 2404 1222 2529 1287; x_wconf 86' lang='lat' dir='ltr'>nisi</span> <span class='ocrx_word' id='word_1_85' title='bbox 2582 1237 2837 1289; x_wconf 84' lang='lat' dir='ltr'>nosmet</span> 
     </span>
     <span class='ocr_line' id='line_1_17' title="bbox 773 1316 2839 1403; baseline 0 -22"><span class='ocrx_word' id='word_1_86' title='bbox 773 1319 946 1403; x_wconf 87' lang='lat' dir='ltr'>ipsos</span> <span class='ocrx_word' id='word_1_87' title='bbox 983 1316 1172 1381; x_wconf 85' lang='lat' dir='ltr'>valde</span> <span class='ocrx_word' id='word_1_88' title='bbox 1207 1316 1563 1381; x_wconf 79' lang='lat' dir='ltr'><strong>amabimus</strong></span> <span class='ocrx_word' id='word_1_89' title='bbox 1577 1364 1594 1393; x_wconf 91' lang='lat'>‚</span> <span class='ocrx_word' id='word_1_90' title='bbox 1629 1317 1933 1381; x_wconf 88' lang='lat' dir='ltr'>iudicare.</span> <span class='ocrx_word' id='word_1_91' title='bbox 2024 1327 2120 1381; x_wconf 89' lang='lat' dir='ltr'>est</span> <span class='ocrx_word' id='word_1_92' title='bbox 2154 1316 2325 1381; x_wconf 89' lang='lat' dir='ltr'>enim</span> <span class='ocrx_word' id='word_1_93' title='bbox 2363 1316 2635 1381; x_wconf 85' lang='lat' dir='ltr'>difficilis</span> <span class='ocrx_word' id='word_1_94' title='bbox 2672 1338 2839 1381; x_wconf 89' lang='lat' dir='ltr'>cura</span> 
     </span>
     <span class='ocr_line' id='line_1_18' title="bbox 771 1406 2835 1493; baseline 0 -19"><span class='ocrx_word' id='word_1_95' title='bbox 771 1432 986 1475; x_wconf 89' lang='lat' dir='ltr'>rerum</span> <span class='ocrx_word' id='word_1_96' title='bbox 1031 1410 1412 1473; x_wconf 85' lang='lat' dir='ltr'>alienarum:</span> <span class='ocrx_word' id='word_1_97' title='bbox 1459 1429 1853 1493; x_wconf 83' lang='lat' dir='ltr'>quamquam</span> <span class='ocrx_word' id='word_1_98' title='bbox 1898 1410 2325 1476; x_wconf 75' lang='lat' dir='ltr'>Terentianus</span> <span class='ocrx_word' id='word_1_99' title='bbox 2374 1409 2483 1475; x_wconf 90' lang='lat' dir='ltr'>ille</span> <span class='ocrx_word' id='word_1_100' title='bbox 2520 1406 2835 1475; x_wconf 82' lang='lat' dir='ltr'>Chremes</span> 
     </span>
     <span class='ocr_line' id='line_1_19' title="bbox 773 1502 2835 1589; baseline 0.002 -23"><span class='ocrx_word' id='word_1_101' title='bbox 773 1503 1066 1567; x_wconf 85' lang='lat' dir='ltr'>‘humani</span> <span class='ocrx_word' id='word_1_102' title='bbox 1117 1502 1275 1567; x_wconf 85' lang='lat' dir='ltr'>nihil</span> <span class='ocrx_word' id='word_1_103' title='bbox 1329 1526 1370 1567; x_wconf 88' lang='lat' dir='ltr'>a</span> <span class='ocrx_word' id='word_1_104' title='bbox 1421 1525 1490 1567; x_wconf 89' lang='lat' dir='ltr'>se</span> <span class='ocrx_word' id='word_1_105' title='bbox 1544 1503 1824 1568; x_wconf 87' lang='lat' dir='ltr'>alienum</span> <span class='ocrx_word' id='word_1_106' title='bbox 1878 1504 2119 1589; x_wconf 86' lang='lat' dir='ltr'>putat3’</span> <span class='ocrx_word' id='word_1_107' title='bbox 2192 1504 2306 1569; x_wconf 90' lang='lat' dir='ltr'>sed</span> <span class='ocrx_word' id='word_1_108' title='bbox 2366 1514 2613 1581; x_wconf 86' lang='lat' dir='ltr'>tamen,</span> <span class='ocrx_word' id='word_1_109' title='bbox 2676 1506 2835 1587; x_wconf 85' lang='lat' dir='ltr'>quia</span> 
     </span>
     <span class='ocr_line' id='line_1_20' title="bbox 770 1590 2832 1684; baseline 0.001 -23"><span class='ocrx_word' id='word_1_110' title='bbox 770 1595 978 1683; x_wconf 88' lang='lat' dir='ltr'>magis</span> <span class='ocrx_word' id='word_1_111' title='bbox 1031 1620 1108 1662; x_wconf 88' lang='lat' dir='ltr'>ea</span> <span class='ocrx_word' id='word_1_112' title='bbox 1158 1596 1544 1683; x_wconf 79' lang='lat' dir='ltr'>percipimus</span> <span class='ocrx_word' id='word_1_113' title='bbox 1597 1590 1795 1680; x_wconf 82' lang='lat' dir='ltr'>atque</span> <span class='ocrx_word' id='word_1_114' title='bbox 1840 1597 2146 1665; x_wconf 85' lang='lat' dir='ltr'>sentimus</span> <span class='ocrx_word' id='word_1_115' title='bbox 2158 1644 2177 1675; x_wconf 90' lang='lat'>,</span> <span class='ocrx_word' id='word_1_116' title='bbox 2230 1619 2397 1682; x_wconf 86' lang='lat' dir='ltr'>quae</span> <span class='ocrx_word' id='word_1_117' title='bbox 2441 1598 2629 1663; x_wconf 88' lang='lat' dir='ltr'>nobis</span> <span class='ocrx_word' id='word_1_118' title='bbox 2676 1599 2832 1684; x_wconf 86' lang='lat' dir='ltr'>ipsis</span> 
     </span>
     <span class='ocr_line' id='line_1_21' title="bbox 777 1691 2833 1777; baseline 0.001 -22"><span class='ocrx_word' id='word_1_119' title='bbox 777 1702 890 1755; x_wconf 89' lang='lat' dir='ltr'>aut</span> <span class='ocrx_word' id='word_1_120' title='bbox 946 1714 1254 1777; x_wconf 85' lang='lat' dir='ltr'>prospera</span> <span class='ocrx_word' id='word_1_121' title='bbox 1315 1703 1428 1755; x_wconf 87' lang='lat' dir='ltr'>aut</span> <span class='ocrx_word' id='word_1_122' title='bbox 1479 1691 1749 1757; x_wconf 82' lang='lat' dir='ltr'>adversa</span> <span class='ocrx_word' id='word_1_123' title='bbox 1802 1692 2135 1771; x_wconf 84' lang='lat' dir='ltr'>eveniunt,</span> <span class='ocrx_word' id='word_1_124' title='bbox 2206 1712 2397 1775; x_wconf 89' lang='lat' dir='ltr'>quam</span> <span class='ocrx_word' id='word_1_125' title='bbox 2458 1692 2602 1769; x_wconf 87' lang='lat' dir='ltr'>illa,</span> <span class='ocrx_word' id='word_1_126' title='bbox 2661 1714 2833 1775; x_wconf 84' lang='lat' dir='ltr'>quae</span> 
     </span>
     <span class='ocr_line' id='line_1_22' title="bbox 775 1786 2833 1871; baseline 0 -20"><span class='ocrx_word' id='word_1_127' title='bbox 775 1787 1033 1865; x_wconf 87' lang='lat' dir='ltr'>ceteris,</span> <span class='ocrx_word' id='word_1_128' title='bbox 1088 1808 1254 1870; x_wconf 87' lang='lat' dir='ltr'>quae</span> <span class='ocrx_word' id='word_1_129' title='bbox 1301 1786 1487 1869; x_wconf 84' lang='lat' dir='ltr'>quasi</span> <span class='ocrx_word' id='word_1_130' title='bbox 1529 1786 1723 1871; x_wconf 85' lang='lat' dir='ltr'>longo</span> <span class='ocrx_word' id='word_1_131' title='bbox 1766 1786 2102 1851; x_wconf 87' lang='lat' dir='ltr'>intervallo</span> <span class='ocrx_word' id='word_1_132' title='bbox 2143 1786 2471 1851; x_wconf 87' lang='lat' dir='ltr'>interiecto</span> <span class='ocrx_word' id='word_1_133' title='bbox 2514 1787 2833 1864; x_wconf 76' lang='lat' dir='ltr'>videmuS,</span> 
     </span>
     <span class='ocr_line' id='line_1_23' title="bbox 777 1879 2835 1963; baseline 0 -18"><span class='ocrx_word' id='word_1_134' title='bbox 777 1880 962 1945; x_wconf 87' lang='lat' dir='ltr'>aliter</span> <span class='ocrx_word' id='word_1_135' title='bbox 1023 1881 1104 1945; x_wconf 88' lang='lat' dir='ltr'>de</span> <span class='ocrx_word' id='word_1_136' title='bbox 1170 1880 1294 1945; x_wconf 89' lang='lat' dir='ltr'>illis</span> <span class='ocrx_word' id='word_1_137' title='bbox 1349 1902 1424 1945; x_wconf 88' lang='lat' dir='ltr'>ac</span> <span class='ocrx_word' id='word_1_138' title='bbox 1477 1880 1559 1945; x_wconf 89' lang='lat' dir='ltr'>de</span> <span class='ocrx_word' id='word_1_139' title='bbox 1613 1879 1799 1945; x_wconf 88' lang='lat' dir='ltr'>nobis</span> <span class='ocrx_word' id='word_1_140' title='bbox 1850 1880 2226 1945; x_wconf 81' lang='lat' dir='ltr'>iudica-mus·</span> <span class='ocrx_word' id='word_1_141' title='bbox 2316 1881 2617 1963; x_wconf 79' lang='lat' dir='ltr'>quocirca</span> <span class='ocrx_word' id='word_1_142' title='bbox 2668 1882 2835 1945; x_wconf 88' lang='lat' dir='ltr'>bene</span> 
     </span>
     <span class='ocr_line' id='line_1_24' title="bbox 773 1974 2834 2061; baseline -0 -22"><span class='ocrx_word' id='word_1_143' title='bbox 773 1976 1172 2061; x_wconf 88' lang='lat' dir='ltr'>praecipiunt</span> <span class='ocrx_word' id='word_1_144' title='bbox 1223 1976 1334 2058; x_wconf 91' lang='lat' dir='ltr'>qui</span> <span class='ocrx_word' id='word_1_145' title='bbox 1385 1986 1602 2041; x_wconf 86' lang='lat' dir='ltr'>vetant</span> <span class='ocrx_word' id='word_1_146' title='bbox 1658 1975 2002 2059; x_wconf 85' lang='lat' dir='ltr'>quicquam</span> <span class='ocrx_word' id='word_1_147' title='bbox 2057 1998 2275 2061; x_wconf 86' lang='lat' dir='ltr'>agere,</span> <span class='ocrx_word' id='word_1_148' title='bbox 2338 1975 2515 2059; x_wconf 88' lang='lat' dir='ltr'>quod</span> <span class='ocrx_word' id='word_1_149' title='bbox 2578 1974 2834 2040; x_wconf 76' lang='lat' dir='ltr'>dubites</span> 
     </span>
     <span class='ocr_line' id='line_1_25' title="bbox 775 2069 2833 2155; baseline 0.001 -22"><span class='ocrx_word' id='word_1_150' title='bbox 775 2090 1055 2151; x_wconf 88' lang='lat' dir='ltr'>aequum</span> <span class='ocrx_word' id='word_1_151' title='bbox 1091 2070 1172 2133; x_wconf 89' lang='lat' dir='ltr'>sit</span> <span class='ocrx_word' id='word_1_152' title='bbox 1205 2092 1286 2134; x_wconf 91' lang='lat' dir='ltr'>an</span> <span class='ocrx_word' id='word_1_153' title='bbox 1321 2069 1612 2153; x_wconf 88' lang='lat' dir='ltr'>iniquum</span> <span class='ocrx_word' id='word_1_154' title='bbox 1624 2094 1642 2147; x_wconf 91' lang='lat'>;</span> <span class='ocrx_word' id='word_1_155' title='bbox 1680 2069 1969 2151; x_wconf 85' lang='lat' dir='ltr'>aequitas</span> <span class='ocrx_word' id='word_1_156' title='bbox 2004 2071 2175 2135; x_wconf 91' lang='lat' dir='ltr'>enim</span> <span class='ocrx_word' id='word_1_157' title='bbox 2209 2071 2381 2135; x_wconf 91' lang='lat' dir='ltr'>lucet</span> <span class='ocrx_word' id='word_1_158' title='bbox 2413 2069 2554 2155; x_wconf 88' lang='lat' dir='ltr'>ipsa</span> <span class='ocrx_word' id='word_1_159' title='bbox 2589 2092 2708 2155; x_wconf 90' lang='lat' dir='ltr'>per</span> <span class='ocrx_word' id='word_1_160' title='bbox 2742 2092 2833 2146; x_wconf 87' lang='lat' dir='ltr'>se,</span> 
     </span>
     <span class='ocr_line' id='line_1_26' title="bbox 774 2161 2250 2249; baseline 0.001 -23"><span class='ocrx_word' id='word_1_161' title='bbox 774 2161 1088 2227; x_wconf 83' lang='lat' dir='ltr'>dubitatio</span> <span class='ocrx_word' id='word_1_162' title='bbox 1125 2164 1574 2249; x_wconf 85' lang='lat' dir='ltr'>cogitationem</span> <span class='ocrx_word' id='word_1_163' title='bbox 1611 2164 1929 2249; x_wconf 85' lang='lat' dir='ltr'>significat</span> <span class='ocrx_word' id='word_1_164' title='bbox 1962 2163 2250 2229; x_wconf 89' lang='lat' dir='ltr'>iniuriae.</span> 
     </span>
    </p>

    <p class='ocr_par' dir='ltr' id='par_1_8' title="bbox 773 2254 2835 2626">
     <span class='ocr_line' id='line_1_27' title="bbox 905 2254 2835 2343; baseline 0.001 -22"><span class='ocrx_word' id='word_1_165' title='bbox 905 2254 1040 2321; x_wconf 84' lang='lat' dir='ltr'>Sed</span> <span class='ocrx_word' id='word_1_166' title='bbox 1073 2257 1363 2321; x_wconf 86' lang='lat' dir='ltr'>incidunt</span> <span class='ocrx_word' id='word_1_167' title='bbox 1397 2280 1590 2343; x_wconf 88' lang='lat' dir='ltr'>saepe</span> <span class='ocrx_word' id='word_1_168' title='bbox 1626 2269 1949 2343; x_wconf 88' lang='lat' dir='ltr'>tempora,</span> <span class='ocrx_word' id='word_1_169' title='bbox 1996 2281 2143 2323; x_wconf 91' lang='lat' dir='ltr'>cum</span> <span class='ocrx_word' id='word_1_170' title='bbox 2191 2282 2295 2336; x_wconf 89' lang='lat' dir='ltr'>ea,</span> <span class='ocrx_word' id='word_1_171' title='bbox 2342 2278 2507 2341; x_wconf 87' lang='lat' dir='ltr'>quae</span> <span class='ocrx_word' id='word_1_172' title='bbox 2550 2257 2835 2323; x_wconf 78' lang='lat' dir='ltr'>maxime</span> 
     </span>
     <span class='ocr_line' id='line_1_28' title="bbox 773 2348 2831 2436; baseline 0.001 -24"><span class='ocrx_word' id='word_1_173' title='bbox 773 2348 1071 2413; x_wconf 87' lang='lat' dir='ltr'>videntur</span> <span class='ocrx_word' id='word_1_174' title='bbox 1123 2349 1320 2434; x_wconf 86' lang='lat' dir='ltr'>digna</span> <span class='ocrx_word' id='word_1_175' title='bbox 1372 2374 1510 2415; x_wconf 87' lang='lat' dir='ltr'>esse</span> <span class='ocrx_word' id='word_1_176' title='bbox 1561 2352 1733 2415; x_wconf 88' lang='lat' dir='ltr'>iusto</span> <span class='ocrx_word' id='word_1_177' title='bbox 1784 2351 2041 2417; x_wconf 87' lang='lat' dir='ltr'>homine</span> <span class='ocrx_word' id='word_1_178' title='bbox 2094 2374 2325 2435; x_wconf 90' lang='lat' dir='ltr'>eoque,</span> <span class='ocrx_word' id='word_1_179' title='bbox 2380 2374 2575 2436; x_wconf 90' lang='lat' dir='ltr'>quem</span> <span class='ocrx_word' id='word_1_180' title='bbox 2621 2353 2831 2417; x_wconf 84' lang='lat' dir='ltr'>virum</span> 
     </span>
     <span class='ocr_line' id='line_1_29' title="bbox 774 2444 2831 2532; baseline 0.002 -25"><span class='ocrx_word' id='word_1_181' title='bbox 774 2444 1014 2508; x_wconf 90' lang='lat' dir='ltr'>bonum</span> <span class='ocrx_word' id='word_1_182' title='bbox 1085 2444 1385 2521; x_wconf 82' lang='lat' dir='ltr'>dicimus,</span> <span class='ocrx_word' id='word_1_183' title='bbox 1458 2458 1931 2511; x_wconf 87' lang='lat' dir='ltr'>commutantur</span> <span class='ocrx_word' id='word_1_184' title='bbox 1991 2448 2279 2532; x_wconf 87' lang='lat' dir='ltr'>fiuntque</span> <span class='ocrx_word' id='word_1_185' title='bbox 2342 2448 2686 2523; x_wconf 88' lang='lat' dir='ltr'>contraria,</span> <span class='ocrx_word' id='word_1_186' title='bbox 2758 2458 2831 2511; x_wconf 92' lang='lat' dir='ltr'>ut</span> 
     </span>
     <span class='ocr_line' id='line_1_30' title="bbox 773 2537 2832 2626; baseline 0.002 -26"><span class='ocrx_word' id='word_1_187' title='bbox 773 2537 1038 2602; x_wconf 88' lang='lat' dir='ltr'>reddere</span> <span class='ocrx_word' id='word_1_188' title='bbox 1077 2539 1456 2624; x_wconf 88' lang='lat' dir='ltr'>depositum,</span> <span class='ocrx_word' id='word_1_189' title='bbox 1493 2539 1706 2605; x_wconf 81' lang='lat' dir='ltr'>facere</span> <span class='ocrx_word' id='word_1_190' title='bbox 1742 2540 2145 2626; x_wconf 88' lang='lat' dir='ltr'>promissum,</span> <span class='ocrx_word' id='word_1_191' title='bbox 2183 2563 2475 2625; x_wconf 88' lang='lat' dir='ltr'>quaeque</span> <span class='ocrx_word' id='word_1_192' title='bbox 2510 2542 2832 2625; x_wconf 86' lang='lat' dir='ltr'>pertinent</span> 
     </span>
    </p>
   </div>
   <div class='ocr_carea' id='block_1_7' title="bbox 759 2631 2831 2721">
    <p class='ocr_par' dir='ltr' id='par_1_9' title="bbox 759 2631 2831 2721">
     <span class='ocr_line' id='line_1_31' title="bbox 759 2631 2831 2721; baseline 0.002 -26"><span class='ocrx_word' id='word_1_193' title='bbox 759 2631 858 2696; x_wconf 77' lang='lat' dir='ltr'>&#39;ad</span> <span class='ocrx_word' id='word_1_194' title='bbox 904 2632 1240 2698; x_wconf 87' lang='lat' dir='ltr'>veritatem</span> <span class='ocrx_word' id='word_1_195' title='bbox 1285 2644 1348 2698; x_wconf 92' lang='lat' dir='ltr'>et</span> <span class='ocrx_word' id='word_1_196' title='bbox 1393 2634 1477 2697; x_wconf 87' lang='lat' dir='ltr'>ad</span> <span class='ocrx_word' id='word_1_197' title='bbox 1521 2634 1745 2711; x_wconf 84' lang='lat' dir='ltr'>fidem,</span> <span class='ocrx_word' id='word_1_198' title='bbox 1792 2658 1871 2699; x_wconf 89' lang='lat' dir='ltr'>ea</span> <span class='ocrx_word' id='word_1_199' title='bbox 1912 2636 2191 2721; x_wconf 84' lang='lat' dir='ltr'>migrare</span> <span class='ocrx_word' id='word_1_200' title='bbox 2235 2636 2557 2701; x_wconf 89' lang='lat' dir='ltr'>interdum</span> <span class='ocrx_word' id='word_1_201' title='bbox 2602 2644 2666 2699; x_wconf 91' lang='lat' dir='ltr'>et</span> <span class='ocrx_word' id='word_1_202' title='bbox 2699 2658 2831 2699; x_wconf 90' lang='lat' dir='ltr'>non</span> 
     </span>
    </p>
   </div>
   <div class='ocr_carea' id='block_1_8' title="bbox 771 2727 2835 4128">
    <p class='ocr_par' dir='ltr' id='par_1_10' title="bbox 771 2727 2835 4128">
     <span class='ocr_line' id='line_1_32' title="bbox 775 2727 2829 2814; baseline 0.001 -25"><span class='ocrx_word' id='word_1_203' title='bbox 775 2747 1028 2792; x_wconf 87' lang='lat' dir='ltr'>servare</span> <span class='ocrx_word' id='word_1_204' title='bbox 1062 2727 1136 2791; x_wconf 88' lang='lat' dir='ltr'>fit</span> <span class='ocrx_word' id='word_1_205' title='bbox 1169 2727 1428 2792; x_wconf 88' lang='lat' dir='ltr'>iustum.</span> <span class='ocrx_word' id='word_1_206' title='bbox 1501 2727 1726 2793; x_wconf 87' lang='lat' dir='ltr'>referri</span> <span class='ocrx_word' id='word_1_207' title='bbox 1762 2729 1935 2794; x_wconf 86' lang='lat' dir='ltr'>enim</span> <span class='ocrx_word' id='word_1_208' title='bbox 1971 2730 2154 2794; x_wconf 90' lang='lat' dir='ltr'>decet</span> <span class='ocrx_word' id='word_1_209' title='bbox 2189 2729 2271 2795; x_wconf 89' lang='lat' dir='ltr'>ad</span> <span class='ocrx_word' id='word_1_210' title='bbox 2308 2752 2403 2806; x_wconf 89' lang='lat' dir='ltr'>ea,</span> <span class='ocrx_word' id='word_1_211' title='bbox 2441 2751 2607 2813; x_wconf 89' lang='lat' dir='ltr'>quae</span> <span class='ocrx_word' id='word_1_212' title='bbox 2640 2728 2829 2814; x_wconf 88' lang='lat' dir='ltr'>posui</span> 
     </span>
     <span class='ocr_line' id='line_1_33' title="bbox 771 2820 2833 2909; baseline 0.001 -24"><span class='ocrx_word' id='word_1_213' title='bbox 771 2820 1105 2907; x_wconf 86' lang='lat' dir='ltr'>principio,</span> <span class='ocrx_word' id='word_1_214' title='bbox 1141 2822 1560 2889; x_wconf 84' lang='lat' dir='ltr'>fundamenta</span> <span class='ocrx_word' id='word_1_215' title='bbox 1594 2823 1901 2888; x_wconf 85' lang='lat' dir='ltr'>iustitiae:</span> <span class='ocrx_word' id='word_1_216' title='bbox 1939 2824 2218 2909; x_wconf 86' lang='lat' dir='ltr'>primum</span> <span class='ocrx_word' id='word_1_217' title='bbox 2252 2835 2326 2888; x_wconf 92' lang='lat' dir='ltr'>ut</span> <span class='ocrx_word' id='word_1_218' title='bbox 2359 2847 2439 2887; x_wconf 92' lang='lat' dir='ltr'>ne</span> <span class='ocrx_word' id='word_1_219' title='bbox 2469 2824 2572 2888; x_wconf 91' lang='lat' dir='ltr'>cui</span> <span class='ocrx_word' id='word_1_220' title='bbox 2597 2843 2833 2888; x_wconf 87' lang='lat' dir='ltr'>nocea-</span> 
     </span>
     <span class='ocr_line' id='line_1_34' title="bbox 773 2916 2830 2991; baseline 0.001 -13"><span class='ocrx_word' id='word_1_221' title='bbox 773 2926 896 2991; x_wconf 90' lang='lat' dir='ltr'>tur,</span> <span class='ocrx_word' id='word_1_222' title='bbox 933 2916 1163 2980; x_wconf 85' lang='lat' dir='ltr'>deinde</span> <span class='ocrx_word' id='word_1_223' title='bbox 1197 2927 1270 2980; x_wconf 88' lang='lat' dir='ltr'>ut</span> <span class='ocrx_word' id='word_1_224' title='bbox 1306 2918 1628 2982; x_wconf 88' lang='lat' dir='ltr'>communi</span> <span class='ocrx_word' id='word_1_225' title='bbox 1663 2918 1919 2983; x_wconf 86' lang='lat' dir='ltr'>utilitati</span> <span class='ocrx_word' id='word_1_226' title='bbox 1954 2918 2284 2983; x_wconf 81' lang='lat' dir='ltr'>serviatur.</span> <span class='ocrx_word' id='word_1_227' title='bbox 2373 2941 2450 2984; x_wconf 90' lang='lat' dir='ltr'>ea</span> <span class='ocrx_word' id='word_1_228' title='bbox 2485 2940 2633 2982; x_wconf 91' lang='lat' dir='ltr'>cum</span> <span class='ocrx_word' id='word_1_229' title='bbox 2670 2928 2830 2983; x_wconf 86' lang='lat' dir='ltr'>tem-</span> 
     </span>
     <span class='ocr_line' id='line_1_35' title="bbox 772 3012 2833 3095; baseline 0.001 -23"><span class='ocrx_word' id='word_1_230' title='bbox 772 3029 928 3091; x_wconf 86' lang='lat' dir='ltr'>pore</span> <span class='ocrx_word' id='word_1_231' title='bbox 973 3021 1474 3088; x_wconf 87' lang='lat' dir='ltr'>commutantur,</span> <span class='ocrx_word' id='word_1_232' title='bbox 1523 3022 1949 3077; x_wconf 87' lang='lat' dir='ltr'>commutatur</span> <span class='ocrx_word' id='word_1_233' title='bbox 1996 3012 2281 3077; x_wconf 86' lang='lat' dir='ltr'>officium</span> <span class='ocrx_word' id='word_1_234' title='bbox 2315 3023 2379 3077; x_wconf 93' lang='lat' dir='ltr'>et</span> <span class='ocrx_word' id='word_1_235' title='bbox 2411 3034 2540 3076; x_wconf 91' lang='lat' dir='ltr'>non</span> <span class='ocrx_word' id='word_1_236' title='bbox 2576 3034 2833 3095; x_wconf 86' lang='lat' dir='ltr'>semper</span> 
     </span>
     <span class='ocr_line' id='line_1_36' title="bbox 775 3101 2830 3190; baseline 0.001 -26"><span class='ocrx_word' id='word_1_237' title='bbox 775 3110 873 3165; x_wconf 86' lang='lat' dir='ltr'>est</span> <span class='ocrx_word' id='word_1_238' title='bbox 926 3101 1117 3165; x_wconf 83' lang='lat' dir='ltr'>idem.</span> <span class='ocrx_word' id='word_1_239' title='bbox 1205 3114 1418 3188; x_wconf 87' lang='lat' dir='ltr'>potest</span> <span class='ocrx_word' id='word_1_240' title='bbox 1472 3105 1640 3170; x_wconf 90' lang='lat' dir='ltr'>enim</span> <span class='ocrx_word' id='word_1_241' title='bbox 1695 3105 1982 3170; x_wconf 89' lang='lat' dir='ltr'>accidere</span> <span class='ocrx_word' id='word_1_242' title='bbox 2032 3106 2415 3190; x_wconf 86' lang='lat' dir='ltr'>promissum</span> <span class='ocrx_word' id='word_1_243' title='bbox 2462 3104 2723 3189; x_wconf 87' lang='lat' dir='ltr'>aliquod</span> <span class='ocrx_word' id='word_1_244' title='bbox 2770 3122 2830 3168; x_wconf 83' lang='lat' dir='ltr'>et</span> 
     </span>
     <span class='ocr_line' id='line_1_37' title="bbox 775 3198 2829 3289; baseline 0.001 -31"><span class='ocrx_word' id='word_1_245' title='bbox 775 3206 1190 3289; x_wconf 72' lang='lat' dir='ltr'>conventum,</span> <span class='ocrx_word' id='word_1_246' title='bbox 1235 3207 1309 3261; x_wconf 89' lang='lat' dir='ltr'>ut</span> <span class='ocrx_word' id='word_1_247' title='bbox 1343 3198 1410 3261; x_wconf 90' lang='lat' dir='ltr'>id</span> <span class='ocrx_word' id='word_1_248' title='bbox 1447 3198 1616 3264; x_wconf 87' lang='lat' dir='ltr'>effici</span> <span class='ocrx_word' id='word_1_249' title='bbox 1655 3200 1737 3264; x_wconf 91' lang='lat' dir='ltr'>sit</span> <span class='ocrx_word' id='word_1_250' title='bbox 1769 3200 1992 3265; x_wconf 88' lang='lat' dir='ltr'>inutile</span> <span class='ocrx_word' id='word_1_251' title='bbox 2026 3200 2130 3264; x_wconf 85' lang='lat' dir='ltr'>vel</span> <span class='ocrx_word' id='word_1_252' title='bbox 2168 3200 2256 3276; x_wconf 87' lang='lat' dir='ltr'>ei,</span> <span class='ocrx_word' id='word_1_253' title='bbox 2303 3199 2405 3263; x_wconf 91' lang='lat' dir='ltr'>cui</span> <span class='ocrx_word' id='word_1_254' title='bbox 2440 3200 2829 3283; x_wconf 87' lang='lat' dir='ltr'>promissum</span> 
     </span>
     <span class='ocr_line' id='line_1_38' title="bbox 773 3288 2828 3382; baseline 0.002 -30"><span class='ocrx_word' id='word_1_255' title='bbox 773 3288 883 3366; x_wconf 88' lang='lat' dir='ltr'>sit,</span> <span class='ocrx_word' id='word_1_256' title='bbox 935 3290 1038 3354; x_wconf 82' lang='lat' dir='ltr'>vel</span> <span class='ocrx_word' id='word_1_257' title='bbox 1092 3291 1178 3367; x_wconf 88' lang='lat' dir='ltr'>ei,</span> <span class='ocrx_word' id='word_1_258' title='bbox 1233 3292 1343 3374; x_wconf 92' lang='lat' dir='ltr'>qui</span> <span class='ocrx_word' id='word_1_259' title='bbox 1399 3293 1786 3382; x_wconf 82' lang='lat' dir='ltr'>promiserit:</span> <span class='ocrx_word' id='word_1_260' title='bbox 1839 3316 1992 3357; x_wconf 89' lang='lat' dir='ltr'>nam</span> <span class='ocrx_word' id='word_1_261' title='bbox 2046 3294 2129 3370; x_wconf 88' lang='lat' dir='ltr'>si,</span> <span class='ocrx_word' id='word_1_262' title='bbox 2183 3304 2257 3358; x_wconf 92' lang='lat' dir='ltr'>ut</span> <span class='ocrx_word' id='word_1_263' title='bbox 2306 3294 2375 3358; x_wconf 90' lang='lat' dir='ltr'>in</span> <span class='ocrx_word' id='word_1_264' title='bbox 2426 3293 2664 3357; x_wconf 88' lang='lat' dir='ltr'>fabulis</span> <span class='ocrx_word' id='word_1_265' title='bbox 2709 3304 2828 3367; x_wconf 89' lang='lat' dir='ltr'>est,</span> 
     </span>
     <span class='ocr_line' id='line_1_39' title="bbox 771 3384 2827 3474; baseline 0 -25"><span class='ocrx_word' id='word_1_266' title='bbox 771 3384 1116 3470; x_wconf 87' lang='lat' dir='ltr'>Neptunus</span> <span class='ocrx_word' id='word_1_267' title='bbox 1151 3388 1324 3471; x_wconf 89' lang='lat' dir='ltr'>quod</span> <span class='ocrx_word' id='word_1_268' title='bbox 1359 3388 1612 3453; x_wconf 90' lang='lat' dir='ltr'>Theseo</span> <span class='ocrx_word' id='word_1_269' title='bbox 1647 3388 2025 3474; x_wconf 85' lang='lat' dir='ltr'>promiserat</span> <span class='ocrx_word' id='word_1_270' title='bbox 2058 3411 2188 3453; x_wconf 90' lang='lat' dir='ltr'>non</span> <span class='ocrx_word' id='word_1_271' title='bbox 2223 3388 2499 3465; x_wconf 84' lang='lat' dir='ltr'>fecisset,</span> <span class='ocrx_word' id='word_1_272' title='bbox 2536 3387 2827 3451; x_wconf 86' lang='lat' dir='ltr'>Theseus</span> 
     </span>
     <span class='ocr_line' id='line_1_40' title="bbox 771 3480 2825 3565; baseline -0.001 -22"><span class='ocrx_word' id='word_1_273' title='bbox 771 3480 1130 3565; x_wconf 89' lang='lat' dir='ltr'>Hippolyto</span> <span class='ocrx_word' id='word_1_274' title='bbox 1165 3480 1295 3546; x_wconf 77' lang='lat' dir='ltr'>filio</span> <span class='ocrx_word' id='word_1_275' title='bbox 1329 3504 1460 3549; x_wconf 91' lang='lat' dir='ltr'>non</span> <span class='ocrx_word' id='word_1_276' title='bbox 1495 3494 1662 3548; x_wconf 87' lang='lat' dir='ltr'>esset</span> <span class='ocrx_word' id='word_1_277' title='bbox 1698 3482 1987 3559; x_wconf 87' lang='lat' dir='ltr'>orbatus3</span> <span class='ocrx_word' id='word_1_278' title='bbox 2024 3506 2107 3547; x_wconf 85' lang='lat' dir='ltr'>ex</span> <span class='ocrx_word' id='word_1_279' title='bbox 2140 3482 2343 3547; x_wconf 82' lang='lat' dir='ltr'>tribus</span> <span class='ocrx_word' id='word_1_280' title='bbox 2374 3481 2545 3546; x_wconf 87' lang='lat' dir='ltr'>enim</span> <span class='ocrx_word' id='word_1_281' title='bbox 2572 3480 2825 3564; x_wconf 86' lang='lat' dir='ltr'>optatis,</span> 
     </span>
     <span class='ocr_line' id='line_1_41' title="bbox 771 3572 2829 3662; baseline 0 -26"><span class='ocrx_word' id='word_1_282' title='bbox 771 3583 846 3637; x_wconf 90' lang='lat' dir='ltr'>ut</span> <span class='ocrx_word' id='word_1_283' title='bbox 880 3575 1194 3651; x_wconf 86' lang='lat' dir='ltr'>scribitur,</span> <span class='ocrx_word' id='word_1_284' title='bbox 1232 3576 1354 3641; x_wconf 92' lang='lat' dir='ltr'>hoc</span> <span class='ocrx_word' id='word_1_285' title='bbox 1389 3588 1528 3641; x_wconf 87' lang='lat' dir='ltr'>erat</span> <span class='ocrx_word' id='word_1_286' title='bbox 1559 3577 1838 3653; x_wconf 85' lang='lat' dir='ltr'>tertium,</span> <span class='ocrx_word' id='word_1_287' title='bbox 1874 3577 2049 3659; x_wconf 89' lang='lat' dir='ltr'>quod</span> <span class='ocrx_word' id='word_1_288' title='bbox 2084 3577 2163 3641; x_wconf 91' lang='lat' dir='ltr'>de</span> <span class='ocrx_word' id='word_1_289' title='bbox 2192 3575 2534 3662; x_wconf 83' lang='lat' dir='ltr'>Hippolyti</span> <span class='ocrx_word' id='word_1_290' title='bbox 2566 3572 2829 3639; x_wconf 85' lang='lat' dir='ltr'>interitu</span> 
     </span>
     <span class='ocr_line' id='line_1_42' title="bbox 771 3666 2829 3755; baseline 0 -24"><span class='ocrx_word' id='word_1_291' title='bbox 771 3666 971 3732; x_wconf 87' lang='lat' dir='ltr'>iratus</span> <span class='ocrx_word' id='word_1_292' title='bbox 1016 3670 1286 3753; x_wconf 82' lang='lat' dir='ltr'>optavit,</span> <span class='ocrx_word' id='word_1_293' title='bbox 1335 3692 1462 3753; x_wconf 91' lang='lat' dir='ltr'>quo</span> <span class='ocrx_word' id='word_1_294' title='bbox 1505 3671 1843 3755; x_wconf 83' lang='lat' dir='ltr'>impetrato</span> <span class='ocrx_word' id='word_1_295' title='bbox 1886 3670 1952 3733; x_wconf 91' lang='lat' dir='ltr'>in</span> <span class='ocrx_word' id='word_1_296' title='bbox 1990 3670 2303 3735; x_wconf 86' lang='lat' dir='ltr'>maximos</span> <span class='ocrx_word' id='word_1_297' title='bbox 2337 3670 2549 3733; x_wconf 87' lang='lat' dir='ltr'>luctus</span> <span class='ocrx_word' id='word_1_298' title='bbox 2583 3666 2829 3732; x_wconf 88' lang='lat' dir='ltr'>incidit.</span> 
     </span>
     <span class='ocr_line' id='line_1_43' title="bbox 771 3761 2835 3849; baseline 0 -24"><span class='ocrx_word' id='word_1_299' title='bbox 771 3784 892 3827; x_wconf 89' lang='lat' dir='ltr'>nec</span> <span class='ocrx_word' id='word_1_300' title='bbox 925 3764 1238 3847; x_wconf 90' lang='lat' dir='ltr'>promissa</span> <span class='ocrx_word' id='word_1_301' title='bbox 1271 3764 1467 3849; x_wconf 84' lang='lat' dir='ltr'>igitur</span> <span class='ocrx_word' id='word_1_302' title='bbox 1501 3764 1815 3829; x_wconf 83' lang='lat' dir='ltr'>servanda</span> <span class='ocrx_word' id='word_1_303' title='bbox 1848 3776 1998 3829; x_wconf 88' lang='lat' dir='ltr'>sunt</span> <span class='ocrx_word' id='word_1_304' title='bbox 2034 3786 2138 3840; x_wconf 85' lang='lat' dir='ltr'>ea,</span> <span class='ocrx_word' id='word_1_305' title='bbox 2174 3784 2341 3847; x_wconf 87' lang='lat' dir='ltr'>quae</span> <span class='ocrx_word' id='word_1_306' title='bbox 2378 3763 2503 3827; x_wconf 86' lang='lat' dir='ltr'>sint</span> <span class='ocrx_word' id='word_1_307' title='bbox 2536 3762 2644 3838; x_wconf 87' lang='lat' dir='ltr'>iis,</span> <span class='ocrx_word' id='word_1_308' title='bbox 2683 3761 2835 3844; x_wconf 89' lang='lat' dir='ltr'>qui-</span> 
     </span>
     <span class='ocr_line' id='line_1_44' title="bbox 772 3854 2831 3941; baseline -0 -23"><span class='ocrx_word' id='word_1_309' title='bbox 772 3854 896 3919; x_wconf 89' lang='lat' dir='ltr'>bus</span> <span class='ocrx_word' id='word_1_310' title='bbox 948 3856 1339 3939; x_wconf 85' lang='lat' dir='ltr'>promiseris,</span> <span class='ocrx_word' id='word_1_311' title='bbox 1403 3858 1680 3933; x_wconf 88' lang='lat' dir='ltr'>inutilia,</span> <span class='ocrx_word' id='word_1_312' title='bbox 1734 3878 1882 3932; x_wconf 85' lang='lat' dir='ltr'>nec,</span> <span class='ocrx_word' id='word_1_313' title='bbox 1949 3858 2003 3921; x_wconf 92' lang='lat' dir='ltr'>si</span> <span class='ocrx_word' id='word_1_314' title='bbox 2054 3857 2201 3941; x_wconf 90' lang='lat' dir='ltr'>plus</span> <span class='ocrx_word' id='word_1_315' title='bbox 2253 3856 2370 3921; x_wconf 90' lang='lat' dir='ltr'>tibi</span> <span class='ocrx_word' id='word_1_316' title='bbox 2422 3878 2503 3921; x_wconf 90' lang='lat' dir='ltr'>ea</span> <span class='ocrx_word' id='word_1_317' title='bbox 2552 3867 2831 3919; x_wconf 87' lang='lat' dir='ltr'>noceant</span> 
     </span>
     <span class='ocr_line' id='line_1_45' title="bbox 775 3938 2831 4037; baseline -0 -26"><span class='ocrx_word' id='word_1_318' title='bbox 775 3970 968 4031; x_wconf 86' lang='lat' dir='ltr'>quam</span> <span class='ocrx_word' id='word_1_319' title='bbox 1019 3938 1114 4013; x_wconf 87' lang='lat' dir='ltr'>illi</span> <span class='ocrx_word' id='word_1_320' title='bbox 1164 3950 1435 4037; x_wconf 87' lang='lat' dir='ltr'>prosint,</span> <span class='ocrx_word' id='word_1_321' title='bbox 1501 3951 1605 4015; x_wconf 91' lang='lat' dir='ltr'>cui</span> <span class='ocrx_word' id='word_1_322' title='bbox 1658 3949 2052 4035; x_wconf 87' lang='lat' dir='ltr'>promiseris,</span> <span class='ocrx_word' id='word_1_323' title='bbox 2116 3960 2337 4014; x_wconf 89' lang='lat' dir='ltr'>contra</span> <span class='ocrx_word' id='word_1_324' title='bbox 2390 3948 2677 4013; x_wconf 85' lang='lat' dir='ltr'>officium</span> <span class='ocrx_word' id='word_1_325' title='bbox 2730 3959 2831 4011; x_wconf 87' lang='lat' dir='ltr'>est</span> 
     </span>
     <span class='ocr_line' id='line_1_46' title="bbox 773 4042 2833 4128; baseline -0 -23"><span class='ocrx_word' id='word_1_326' title='bbox 773 4042 980 4107; x_wconf 86' lang='lat' dir='ltr'>maius</span> <span class='ocrx_word' id='word_1_327' title='bbox 1013 4044 1326 4127; x_wconf 88' lang='lat' dir='ltr'>anteponi·</span> <span class='ocrx_word' id='word_1_328' title='bbox 1345 4043 1593 4120; x_wconf 87' lang='lat' dir='ltr'>minori,</span> <span class='ocrx_word' id='word_1_329' title='bbox 1629 4054 1731 4121; x_wconf 89' lang='lat' dir='ltr'>ut,</span> <span class='ocrx_word' id='word_1_330' title='bbox 1768 4043 1823 4108; x_wconf 89' lang='lat' dir='ltr'>si</span> <span class='ocrx_word' id='word_1_331' title='bbox 1859 4044 2259 4109; x_wconf 88' lang='lat' dir='ltr'>constitueris</span> <span class='ocrx_word' id='word_1_332' title='bbox 2296 4042 2575 4128; x_wconf 88' lang='lat' dir='ltr'>cuipiam</span> <span class='ocrx_word' id='word_1_333' title='bbox 2609 4052 2675 4107; x_wconf 87' lang='lat' dir='ltr'>te</span> <span class='ocrx_word' id='word_1_334' title='bbox 2712 4042 2833 4105; x_wconf 86' lang='lat' dir='ltr'>ad-</span> 
     </span>
    </p>
   </div>
  </div>
 </body>
</html>
