3292 4559
600 266 649 319 X
658 266 710 313 ΙΙ
1388 268 1728 312 ADNOTATIO
1767 268 2016 313 CRITICA.

601 398 735 453 quae
756 383 809 434 si
830 382 956 435 deae
981 390 1379 451 sunt.quarum
1398 380 1460 436 C.
1480 383 1682 455 -un-
1715 398 1815 451 que
1849 380 1912 451 C,
1949 382 2187 453 Tyroque
2223 382 2333 437 alii.
2369 383 2504 455 1160.
2543 384 2659 456 qui
2691 386 2894 439 idem'

599 460 752 511 rinae
784 456 1043 529 Madvig:
1078 457 1291 524 fiir-inae
1317 498 1331 513 .
1360 458 1535 525 furiae
1568 458 1631 514 C.
1657 460 1676 529 11
1715 457 2005 513 Davisius:
2035 460 2237 531 quidem
2261 458 2326 515 G.
2345 490 2414 501 —
2443 462 2676 533 aliaque
2705 460 2862 515 Da-

595 542 685 589 47.
714 535 962 588 nobismet
985 532 1111 604 ipsis
1130 531 1193 589 G.
1210 562 1285 575 -
1308 534 1592 605 accipimus
1616 532 1680 589 Ο.
1714 533 1910 589 visius:
1929 544 2084 607 atque
2099 534 2171 604 V,
2191 552 2298 591 om.
2317 536 2506 591 ceteri.
2549 536 2649 593 Cf.
2667 538 2723 608 ἓ.
2743 534 2854 591 62.
2960 530 2961 533 '

608 617 629 679 11
650 612 1071 681 48.Pas1p]zaeet
1085 612 1249 666 Aeeta
1266 612 1542 667 ePerseide
1550 628 1680 666 nos:
1725 613 1744 679 11
1769 616 1850 665 63.
1869 614 2020 665 modo
2041 628 2149 667 om.
2169 612 2232 668 G.
2253 644 2322 653 —
2341 614 2592 669 Orbonae
2609 616 2698 667 ad
2715 630 2852 668 om.

592 690 847 759 pasiphae
872 699 920 741 et
945 704 1037 741 eae
1055 705 1083 741 e
1101 688 1310 757 perside
1324 686 1511 759 AHV,
1530 688 1680 759 pasi-
1716 685 1788 757 03
1809 688 2071 759 suppleta
2089 693 2220 744 sunt
2236 704 2304 745 ex
2326 689 2501 744 Plinii
2526 689 2604 745 N.
2625 688 2715 743 H.
2751 688 2848 743 ΙΙ.

592 766 697 836 phe
713 774 761 819 et
788 783 881 819 eae
899 765 1146 835 persidae
1161 764 1230 833 B,
1249 766 1469 835 pasiphe
1495 774 1545 819 et
1570 782 1629 819 ee
1655 782 1683 817 e
1717 764 1764 835 ξ.
1805 769 1886 817 16.
1931 768 1950 833 11
2003 771 2084 819 64.
2131 766 2460 837 philosophia
2504 768 2846 839 aspellatm·

593 844 805 911 perside
818 842 886 911 E,
910 843 1131 911 pasiphe
1154 851 1203 896 et
1226 852 1340 896 etae
1365 842 1595 911 eperside
1610 840 1678 909 P,
1714 839 1955 911 Kayser.
1985 872 2052 882 —
2078 844 2310 896 dicamus
2349 844 2568 912 indigna
2597 842 2868 897 naturis·

598 920 867 989 Pamphae’
887 929 933 973 et
959 919 1143 973 Aeetes
1176 936 1206 971 e
1230 919 1474 972 Perseide
1504 916 1686 973 Erue··
1715 916 1975 989 Madvig:
2001 919 2260 973 diealiusu
2275 921 2444 989 iynais
2461 918 2718 987 AHPV,
2745 921 2836 971 di-

596 994 767 1065 stius,
812 998 1079 1067 Pasiphae·
1108 1014 1137 1049 e
1170 996 1413 1051 Perseide
1456 994 1573 1049 alii.
1611 1024 1681 1035 --
1717 1012 1897 1049 eamus
1932 996 2092 1065 diyna
2117 995 2196 1048 dis
2221 995 2295 1064 B,
2333 997 2570 1050 dicamus
2596 998 2836 1065 diqnaz's

596 1071 973 1145 filiaeCQ‘illae
981 1073 1161 1145 A).—
1176 1072 1294 1125 nati
1300 1068 1680 1127 Schoemann:
1714 1073 1778 1126 de
1795 1073 1888 1141 dys
1903 1070 1969 1124 E.
2003 1070 2160 1125 Fort.
2187 1074 2423 1126 dieamus
2449 1074 2677 1143 indiqna
2697 1074 2832 1127 ani-

598 1158 759 1204 natae
776 1147 838 1204 C.
860 1180 925 1189 --
955 1150 1181 1219 absyrtio
1206 1148 1297 1203 vel
1325 1148 1537 1202 absirtio
1556 1146 1619 1203 C.
1655 1150 1676 1218 11
1713 1150 1830 1203 mis.
1848 1178 1918 1188 —
1935 1148 2075 1218 quod
2091 1176 2115 1188 -
2131 1178 2155 1189 -
2173 1150 2313 1219 quod
2325 1148 2657 1205 Ernestius:
2687 1150 2831 1219 quid

598 1232 684 1281 50.
702 1227 1013 1281 leonaticum
1032 1225 1103 1281 C:
1120 1229 1231 1281 Leo
1248 1236 1495 1281 natarum
1511 1224 1680 1279 Lam-
1716 1226 1925 1297 --quid
1940 1222 2001 1279 C.
2025 1254 2090 1265 --
2117 1234 2192 1277 est
2217 1234 2264 1279 et
2289 1236 2346 1279 ut
2371 1244 2480 1281 esse
2505 1224 2568 1279 O.
2590 1256 2664 1265 —
2694 1224 2825 1280 La-

602 1302 791 1371 binus,
826 1304 1079 1359 Leoidum
1109 1302 1524 1375 wyttenbaeh,
1570 1302 1682 1355 Leo
1715 1317 1918 1356 cunam
1943 1300 2309 1356 indicavimus
2335 1318 2463 1356 cum
2489 1301 2818 1375 Madvigio,

555 1434 557 1442 ,
596 1381 829 1433 anticum
864 1379 1105 1452 Kayser.
1143 1382 1164 1451 11
1196 1388 1281 1435 51.
1313 1380 1383 1434 ob
1417 1396 1532 1433 eam
1565 1394 1682 1449 spe·
1716 1377 1814 1449 qui
1830 1378 2056 1448 supplet
2071 1390 2178 1431 non
2196 1396 2304 1432 esse
2318 1380 2444 1433 scio.
2486 1376 2687 1449 Vulgo
2709 1379 2820 1433 ad·

597 1458 728 1510 ciem
753 1457 879 1527 quia
904 1474 1123 1511 causam
1149 1456 1212 1512 O.
1240 1488 1309 1497 —
1332 1457 1481 1510 habet
1502 1455 1681 1511 Erne-
1715 1455 1857 1509 dunt
1879 1473 2037 1525 quam
2064 1460 2195 1509 ante
2223 1456 2414 1527 qualis·
2437 1440 2457 1526 11
2493 1460 2576 1509 65.
2597 1458 2697 1509 sed
2715 1474 2817 1509 ne-

596 1532 765 1587 stius:
780 1534 967 1589 habeat
983 1532 1045 1588 G.
1066 1534 1252 1589 -Iris
1267 1534 1403 1588 Ant.
1412 1532 1682 1604 Augusti·
1715 1550 1978 1605 quaquam
2029 1532 2236 1586 lacuna
2285 1548 2401 1586 non
2452 1532 2710 1587 indicata
2737 1530 2809 1586 O.

598 1626 731 1663 nus:
768 1625 877 1665 om.
914 1609 978 1665 C.
1006 1640 1077 1651 -·
1112 1611 1361 1663 coloratis
1385 1608 1680 1663 Davisius.
1709 1608 1936 1663 Desunt
1959 1610 2138 1665 multa
2165 1614 2224 1663 et
2249 1609 2318 1664 de
2347 1609 2579 1663 deorum
2613 1608 2808 1681 provi·

568 1698 573 1703 ’
596 1688 867 1740 coloratus
883 1685 947 1741 C.
973 1689 995 1755 11
1028 1692 1113 1741 52.
1140 1687 1299 1741 Maso
1326 1686 1463 1741 Ant.
1480 1686 1679 1757 Augu·
1715 1685 1908 1741 dentia
1934 1692 1993 1741 et
2017 1685 2088 1741 de
2116 1702 2254 1741 eura
2277 1685 2467 1740 divina
2481 1702 2671 1740 rerum
2697 1685 2806 1739 hu-

598 1763 802 1819 atinus:
830 1780 1008 1817 marso
1035 1762 1099 1817 O.
1126 1792 1197 1803 ·--
1219 1764 1495 1817 Almonem
1521 1762 1679 1819 Ursi·
1713 1780 2020 1819 manarum.
2047 1765 2068 1831 11
2091 1768 2178 1818 66.
2194 1780 2458 1833 parumne
2484 1760 2566 1817 Gr:
2593 1764 2803 1817 niobem

596 1856 1042 1895 nus:anemonem
1053 1837 1373 1908 O,Anienem
1382 1838 1678 1895 Heindorf.
1709 1858 1970 1911 parumne
1997 1839 2119 1909 ΑΕ,
2155 1842 2218 1893 ni
2239 1841 2416 1895 orbem
2432 1856 2700 1910 parumne
2724 1839 2800 1907 V,

606 1919 629 1987 11
655 1922 739 1971 53.
758 1934 846 1970 eos
862 1932 989 1971 nos:
1004 1917 1099 1970 Itos
1109 1913 1260 1971 0.-
1276 1918 1545 1987 Dionysus
1558 1916 1680 1970 Da·
1713 1918 1862 1971 niobe
1879 1935 2144 1987 parumne
2165 1916 2233 1986 B,
2260 1918 2316 1971 in
2340 1918 2507 1971 iouem
2531 1932 2801 1987 parumne

601 1994 793 2049 visius:
814 1994 1077 2063 dionysius
1094 1991 1157 2047 O.
1174 2022 1247 2035 —-
1262 2004 1309 2047 et
1327 1996 1543 2047 Tmolus
1558 1992 1680 2048 Da·
1713 1994 1790 2063 H,
1819 2012 1891 2049 an
1915 1996 2080 2049 iobem
2095 2012 2360 2065 parumne
2375 1993 2444 2048 P.
2467 2025 2526 2032 —-
2550 1995 2641 2046 dat
2665 2010 2723 2045 se
2747 1993 2802 2046 ei

596 2071 797 2125 visius:
824 2072 1027 2124 ouiolus
1052 2070 1125 2138 A,
1154 2072 1356 2124 oiuolos
1380 2068 1449 2138 B,
1482 2072 1680 2125 euiolus
1713 2089 1798 2125 res
1823 2070 2063 2141 Kayser.
2089 2102 2160 2111 —
2183 2073 2260 2124 mi
2281 2069 2504 2126 Osann:
2530 2070 2656 2122 mvii
2677 2068 2740 2123 C.
2766 2071 2788 2139 11

598 2146 779 2214 HPV,
800 2149 995 2200 emolus
1013 2146 1079 2198 E.
1104 2148 1123 2215 11
1152 2152 1236 2199 54.
1253 2148 1377 2201 Iove
1396 2150 1561 2199 altero
1579 2165 1678 2201 na-
1715 2154 1796 2201 67.
1817 2164 2080 2219 posquam
2095 2146 2176 2199 A:
2195 2157 2479 2217 postquam
2498 2162 2624 2197 cum
2643 2150 2794 2199 cete·

600 2234 685 2276 tae
717 2239 844 2275 nos:
880 2230 1038 2275 natae
1069 2223 1187 2274 ioue
1218 2224 1383 2275 altero
1419 2230 1579 2275 natae
1612 2222 1676 2291 O,
1711 2223 1788 2277 ris
1825 2222 1894 2277 Τ.
1957 2222 2042 2277 cf.
2079 2221 2302 2275 Ritschi
2333 2224 2396 2275 in
2429 2220 2572 2273 Mus.
2606 2220 2791 2276 Rhen.

598 2308 757 2354 natae
802 2300 927 2352 Iove
970 2300 1136 2351 altero
1169 2295 1477 2366 Heindorf,
1522 2308 1680 2352 natae
1712 2298 1842 2355 VII.
1868 2315 1926 2370 p.
1947 2305 2045 2353 571
2065 2314 2149 2367 sq.
2176 2300 2194 2365 11
2223 2302 2303 2352 68.
2333 2315 2398 2351 ao
2423 2300 2632 2351 misceri
2651 2295 2790 2352 Rib-

597 2378 723 2431 Iove
748 2378 991 2429 altero-et
1018 2374 1176 2427 Neda
1204 2372 1460 2427 Creuzer.
1478 2404 1549 2413 -
1574 2384 1676 2428 ter-
1713 2375 1886 2429 beck:
1905 2374 2182 2429 admisceri
2193 2372 2256 2429 O.
2282 2375 2302 2443 11
2331 2380 2577 2443 69.saepe
2594 2373 2788 2429 Manu·

596 2454 703 2507 tiae
726 2452 882 2506 Piero
907 2450 1023 2506 Iao.
1052 2448 1366 2505 Gronovius
1390 2453 1449 2503 et
1468 2446 1549 2504 G:
1573 2459 1678 2504 ter-
1712 2452 1850 2505 tius:
1869 2468 2070 2521 semper
2081 2447 2219 2505 G.--
2232 2450 2490 2520 pestifera
2499 2460 2572 2505 est
2585 2449 2786 2506 Schoe-

596 2530 703 2582 tiae
717 2528 834 2581 ioue
849 2529 997 2582 tertio
1016 2528 1169 2597 piero
1188 2524 1252 2581 Ο.
1268 2556 1341 2567 --
1358 2526 1562 2593 dicitur,
1580 2542 1679 2573 *¹³*
1711 2544 1906 2584 mann:
1927 2526 2184 2597 pestifera
2205 2529 2308 2581 sint
2331 2526 2607 2598 ABEPV,
2625 2530 2785 2597 pesti-

597 2608 768 2675 Ialysi
796 2620 927 2659 nos:
962 2604 1153 2657 dicitur
1176 2603 1334 2671 ialysi
1364 2600 1436 2671 C,
1472 2604 1678 2669 dicitur,
1711 2605 1834 2673 fera
1847 2607 1914 2658 sit
1939 2604 2014 2657 H.
2037 2604 2058 2675 11
2087 2609 2170 2657 72.
2195 2622 2352 2673 saepe
2375 2604 2630 2677 Madvig:
2655 2622 2780 2657 sem·

590 2692 751 2753 pater
766 2682 937 2751 Ialysi
954 2680 1220 2735 Davisius
1234 2719 1249 2749 ,
1278 2679 1493 2747 dicitur,
1524 2696 1680 2733 avum
1706 2700 1806 2751 per
1849 2680 1914 2737 Ο.
1962 2681 1984 2752 11
2037 2686 2120 2734 73.
2165 2699 2328 2751 neque
2369 2684 2507 2735 unde
2550 2682 2782 2749 auferam

598 2760 769 2828 Ialysi
816 2758 1053 2813 Marsus.
1108 2788 1173 2799 -
1230 2756 1444 2823 Camiri,
1498 2757 1677 2825 Lindi,
1711 2756 1941 2827 AEHP,
1971 2775 2038 2811 ne
2061 2760 2188 2829 quid
2210 2760 2330 2811 inde
2344 2758 2586 2826 auferam
2602 2757 2666 2827 B,
2693 2776 2778 2811 ne-

595 2836 782 2902 Rhodi,
802 2836 1010 2907 quintus
1036 2849 1168 2887 nos:
1190 2833 1385 2887 cameri
1397 2833 1684 2887 tinderhodi
1711 2853 1812 2907 que
1835 2833 2232 2908 tindesauferam
2248 2834 2319 2891 V.
2343 2834 2364 2906 11
2393 2840 2476 2890 74.
2501 2852 2691 2888 sessum
2715 2837 2779 2887 ite

594 2912 807 2983 quintus
834 2910 907 2979 O,
948 2912 1152 2965 Camiri
1180 2919 1229 2964 et
1252 2910 1435 2977 Lindi,
1472 2911 1680 2981 quintus
1707 2930 1938 2983 praecor
1963 2910 2078 2983 (vel
2095 2913 2314 2983 precor)
2342 2910 2405 2967 C.
2424 2942 2494 2953 --
2519 2912 2576 2965 id
2597 2928 2649 2964 se
2661 2910 2774 2965 Da·

596 2986 715 3042 alii.
752 2989 773 3057 11
832 2992 917 3040 55.
964 2986 1097 3041 Nilo
1134 2984 1215 3042 G:
1258 2987 1315 3040 in
1362 2987 1471 3039 nilo
1509 2986 1572 3042 G.
1607 3016 1681 3029 -—-
1712 2990 1908 3044 visius:
1945 2990 2018 3043 ad
2049 3005 2106 3042 se
2137 2986 2316 3057 AEV,
2353 2998 2408 3043 at
2439 3006 2497 3041 se
2519 2986 2686 3041 BHP.
2709 3016 2776 3028 —

598 3066 790 3119 Phileas
818 3061 1033 3118 Graleus
1059 3063 1160 3135 (ad
1183 3062 1385 3117 Iambl.
1415 3061 1487 3118 de
1510 3070 1677 3135 myst.
1711 3067 1900 3120 ueneni
1921 3064 2042 3120 eod.
2071 3064 2288 3137 Regius
2311 3064 2552 3119 Davisii:
2589 3082 2778 3118 uenena

598 3140 761 3209 VIII,
800 3139 903 3211 3.):
950 3156 1081 3209 opas
1116 3138 1179 3194 O.
1214 3169 1285 3181 -
1316 3141 1557 3194 memalio
1603 3140 1676 3197 C:
1713 3142 1994 3211 C.—·le9e
2009 3141 2306 3197 laetoriaC.
2333 3142 2354 3213 11
2380 3148 2461 3197 75.
2482 3158 2630 3195 caesa
2646 3142 2774 3193 acci·

598 3218 669 3273 C:
700 3218 937 3275 Menalio
966 3215 1083 3271 alii.
1106 3216 1127 3287 11
1163 3221 1247 3271 56.
1270 3217 1543 3271 Coronidis
1559 3216 1678 3273 Da·
1713 3221 1868 3273 disset
1884 3220 2103 3289 abieyna
2125 3217 2311 3274 Varro
2331 3218 2421 3288 (L.
2441 3218 2510 3271 L.
2530 3216 2652 3287 VH,
2672 3216 2772 3287 33.)

596 3293 797 3349 visius:
814 3293 1074 3362 foronidis
1090 3291 1153 3347 C.
1172 3322 1241 3333 —
1258 3310 1474 3347 oausam
1500 3295 1556 3347 in
1574 3296 1679 3349 Ae·
1713 3301 1773 3351 et
1795 3294 2118 3351 Priscianus
2143 3294 2308 3367 (VII,
2337 3296 2399 3363 8,
2425 3294 2565 3365 41.)ε
2605 3310 2772 3347 caesae

592 3381 807 3443 yyptum
824 3369 1155 3425 Lactantius
1174 3368 1335 3441 (Inst.
1354 3370 1403 3440 I,
1426 3370 1524 3441 6.):
1552 3388 1678 3425 cau·
1713 3374 2018 3427 accidissent
2045 3372 2228 3441 abiqne
2245 3370 2308 3427 C.
2335 3374 2354 3441 11
2381 3378 2460 3426 77.
2491 3381 2570 3438 ut,
2597 3372 2643 3423 si
2660 3370 2769 3423 Da·

597 3446 1389 3594 ffissssiffgiffiifflss
1410 3446 1579 3593 52:32
1598 3448 1682 3579 (ἐξ
1711 3448 1993 3581 timi?
2017 3447 2768 3595 30312125221522535225‘

716 3580 721 3585 “
1375 3562 1387 3575 ι
1663 3565 1677 3593 ,
1794 3556 1864 3567 ·-··-
2097 3559 2121 3570 -
2141 3558 2164 3568 -
2755 3564 2764 3575 .

599 3602 793 3669 1710th
815 3599 1169 3669 Lactantius,
1198 3602 1362 3655 Thom
1388 3600 1503 3654 alii.
1540 3604 1559 3669 11
1594 3608 1679 3655 57.
1713 3566 1961 3674 Μαᾶνίέ.
1981 3546 2058 3645 3-
2087 3604 2418 3673 philosophos
2453 3600 2762 3655 Lambinus:

598 3677 821 3743 Νόμιον
846 3676 1116 3735 Huetius:
1142 3678 1434 3731 nomionem
1460 3675 1521 3731 O.
1548 3680 1569 3744 11
1594 3684 1678 3732 58.
1711 3680 2024 3749 philosophis
2051 3679 2114 3735 C.
2143 3682 2164 3751 11
2193 3684 2278 3733 82.
2307 3680 2460 3733 etiam
2489 3676 2762 3732 Heindorf:

599 3752 793 3813 Cabiro
820 3752 937 3807 Iac.
957 3752 1299 3809 Gronovius:
1326 3754 1507 3822 caprio
1530 3752 1589 3808 O.
1609 3783 1678 3795 -—
1711 3766 1760 3809 et
1777 3754 1840 3811 C.
1865 3756 1884 3827 11
1911 3762 1996 3810 83.
2023 3758 2176 3827 idque
2191 3754 2528 3809 Lambinus:
2554 3763 2691 3824 atque
2713 3758 2764 3806 et

596 3830 689 3887 cui
712 3829 942 3886 Sabazia
966 3829 1281 3886 Manutius:
1311 3830 1457 3886 cuius
1484 3831 1682 3885 abazea
1713 3833 1864 3903 atqui
1887 3831 1951 3887 C.
1969 3862 2042 3873 --
2068 3842 2196 3886 esset
2213 3873 2226 3886 .
2246 3834 2402 3885 etiam
2429 3828 2758 3898 Gulielmius:

598 3904 661 3961 O.
694 3907 819 3975 1159.
848 3907 919 3959 eli
942 3904 1015 3960 C:
1040 3907 1197 3961 Elide.
1212 3906 1283 3961 T.
1336 3906 1585 3977 OfiEpp.
1606 3909 1681 3962 ad
1713 3918 1842 3963 esset
1861 3949 1875 3963 .
1893 3911 2000 3963 iam
2023 3907 2084 3963 C.
2113 3909 2134 3979 11
2157 3914 2242 3963 84.
2261 3924 2378 3962 cum
2405 3906 2529 3962 ood.
2545 3905 2754 3975 Rehdig.

594 3980 951 4051 famil-XIII,
967 3986 1051 4051 26,
1066 3987 1203 4035 2.-
1222 3985 1491 4055 Cyproque
1510 3984 1678 4041 Creu·
1715 3990 1772 4041 et
1795 3984 2054 4056 Madvig:
2082 3984 2223 4055 quod
2239 3984 2300 4039 C.
2321 4014 2391 4025 -—
2417 3985 2472 4037 in
2500 3984 2758 4053 tyrannidis

600 4074 697 4121 zer
722 4057 813 4123 (ex
829 4057 1091 4129 Ampelio
1110 4064 1169 4119 et
1188 4060 1268 4117 Io.
1288 4060 1504 4133 Lydo):
1532 4080 1678 4131 cyro·
1693 4060 1992 4130 ,roqumBz
2020 4064 2076 4115 in
2095 4062 2348 4133 :ypanidis
2363 4078 2548 4130 roqum
2563 4056 2754 4127 AEPV,
