3292 4559
708 274 838 342 190
1210 278 1225 298 ¹
1321 286 1399 343 M.
1436 286 1714 344 TULLII
1749 284 2148 343 CICERONIS

708 410 937 497 angui,
974 410 1091 477 sed
1122 420 1195 477 ut
1227 408 1297 475 in
1332 408 1513 476 cunis
1550 409 1745 480 fuerit
1781 408 2012 495 anguis
2045 430 2176 475 non
2211 379 2344 477 tam
2379 422 2480 477 est
2513 408 2774 489 mirum,

609 530 621 538 ·
704 506 770 571 in
820 504 1083 571 Solonio
1127 504 1529 591 praesertim,
1586 505 1703 571 ubi
1746 505 1831 571 ad
1877 505 2095 571 focum
2139 527 2384 591 angues
2427 506 2778 573 nundinari

608 905 661 946 67

602 2088 654 2127 68

590 2882 643 2923 69

706 599 931 666 solent.
1036 622 1191 665 nam
1242 599 1417 685 quod
1468 599 1841 686 haruspices
1891 600 2386 686 responderunt,
2446 599 2610 667 nihil
2659 600 2774 665 illo

706 694 961 772 clarius,
994 693 1155 761 nihil
1181 693 1459 760 nobilius
1487 695 1646 774 fore,
1683 694 1880 761 miror
1908 694 2060 761 deos
2087 694 2438 761 inmortalis
2473 694 2774 761 histrioni

704 790 923 857 futuro
957 791 1311 857 claritatem
1348 790 1722 867 ostendisse,
1758 792 2002 857 nullam
2036 790 2391 857 ostendisse
2425 788 2761 857 Africano.

707 894 901 969 atque
925 882 1120 952 etiam
1148 907 1189 950 a
1212 894 1277 951 te
1292 885 1701 953 Flaminiana
1734 896 1987 951 ostenta
2019 886 2309 952 conlecta
2343 896 2523 951 sunt:
2561 884 2763 971 ‘quod

703 979 843 1065 ipse
878 988 945 1045 et
971 1000 1176 1064 equus
1210 980 1349 1047 eius
1382 990 1645 1066 repente
1673 980 2080 1047 conciderit’:
2114 1002 2246 1047 non
2281 1003 2437 1047 sane
2471 980 2760 1047 mirabile

586 1074 591 1079 ’
703 1074 827 1137 hoc
862 1073 1154 1157 quidem3
1209 1074 1416 1158 ‘quod
1452 1074 1640 1141 evelli
1674 1075 1866 1164 primi
1908 1073 2143 1141 hastati
2185 1074 2446 1163 signum
2477 1097 2612 1142 non
2643 1096 2763 1162 po-

702 1167 922 1233 tuerit'
935 1192 954 1231 a
1008 1167 1229 1234 timide
1273 1168 1546 1235 fortasse
1589 1168 1858 1255 signifer
1891 1168 2238 1246 evellebat,
2283 1169 2458 1253 quod
2489 1168 2769 1237 fidenter

702 1262 1016 1328 infixerat.
1104 1286 1256 1328 nam
1290 1261 1595 1348 Dionysii
1640 1285 1843 1348 equus
1878 1261 2035 1348 quid
2071 1263 2283 1329 attulit
2326 1264 2764 1331 admirationis

700 1356 877 1440 quod
928 1356 1184 1422 emersit
1230 1380 1267 1423 e
1310 1357 1572 1423 flumine
1624 1357 1924 1442 quodque
1975 1356 2201 1423 habuit
2251 1358 2393 1444 apis
2445 1358 2508 1423 in
2559 1358 2764 1424 iuba?

700 1450 814 1516 sed
859 1450 1011 1534 quia
1054 1450 1237 1517 brevi
1279 1461 1568 1537 tempore
1608 1474 1882 1537 regnare
1925 1452 2166 1537 coepit,
2219 1452 2394 1536 quod
2439 1452 2768 1519 acciderat

700 1566 856 1610 casu
889 1544 1023 1609 vim
1055 1543 1283 1610 habuit
1315 1546 1567 1611 ostenti.
1658 1552 1756 1611 ‘at
1788 1544 2320 1613 Lacedaemoniis
2353 1547 2424 1612 in
2457 1548 2764 1615 Herculis

698 1639 851 1703 fano
886 1662 1065 1705 arma
1099 1651 1451 1707 sonuerunt
1482 1639 1899 1724 eiusdemque
1935 1640 2042 1706 dei
2057 1640 2300 1707 Thebis
2328 1642 2556 1707 valvae
2581 1642 2764 1707 clau-

699 1756 808 1799 sae
845 1733 1057 1799 subito
1094 1756 1163 1800 se
1198 1744 1615 1821 aperuerunt,
1661 1757 1866 1819 eaque
1899 1745 2112 1811 scuta,
2155 1757 2325 1821 quae
2357 1736 2618 1801 fixerant
2651 1760 2764 1801 su-

674 1827 895 1907 blime
938 1829 1098 1907 fixa,
1152 1840 1303 1894 sunt
1346 1828 1527 1895 humi
1567 1830 1872 1897 inventa-⁹
1959 1830 2188 1897 horum
2235 1853 2385 1897 cum
2426 1832 2567 1898 fieri
2601 1833 2767 1899 nihil

694 1924 975 2009 potuerit
1000 1923 1139 1990 sine
1175 1924 1391 2009 aliquo
1420 1935 1623 2003 motu,
1656 1925 1813 2009 quid
1839 1936 1938 1991 est
1963 1948 2077 1991 cur
2105 1925 2410 1991 divinitus
2439 1949 2518 1993 ea
2544 1928 2768 2013 potius

593 2015 663 2068 32
700 2040 897 2101 quam
932 2040 1089 2084 casu
1122 2019 1295 2085 facta
1330 2041 1469 2086 esse
1506 2018 1834 2085 dicamus?
1886 2026 1984 2084 ‘at
2025 2020 2093 2085 in
2128 2018 2456 2105 Lysandri
2507 2032 2768 2089 statuae

697 2112 907 2197 capite
951 2111 1228 2198 Delphis
1274 2114 1515 2179 exstitit
1559 2136 1795 2179 corona
1838 2135 1921 2179 ex
1965 2114 2206 2199 asperis
2253 2114 2468 2181 herbis
2505 2127 2572 2182 et
2615 2118 2769 2201 qui-

697 2208 845 2271 dem
892 2205 1145 2271 subito.’
1232 2206 1450 2273 itane?
1490 2229 1714 2273 censes
1759 2218 1908 2273 ante
1945 2228 2246 2273 coronam
2289 2209 2528 2275 herbae
2563 2212 2768 2275 exsti-

694 2301 845 2365 tisse
878 2320 1074 2382 quam
1110 2311 1491 2385 conceptum
1530 2322 1672 2365 esse
1707 2302 1966 2366 semen?
2009 2301 2278 2368 herbam
2313 2314 2530 2369 autem
2567 2328 2765 2391 aspe-

690 2417 831 2458 ram
866 2393 1058 2459 credo
1094 2393 1312 2457 avium
1346 2405 1678 2479 congestu,
1713 2415 1844 2459 non
1877 2394 2162 2462 humano
2199 2409 2373 2476 satu3
2407 2398 2539 2464 iam
2576 2399 2766 2484 quic-

692 2486 849 2571 quid
880 2486 949 2549 in
984 2486 1195 2571 capite
1230 2497 1348 2563 est,
1382 2487 1451 2551 id
1486 2508 1760 2555 coronae
1795 2487 2000 2555 simile
2035 2490 2242 2556 videri
2278 2504 2512 2578 potest.
2599 2516 2763 2559 nam

690 2578 865 2664 quod
902 2580 1129 2645 eodem
1172 2591 1457 2666 tempore
1503 2582 1721 2647 stellas
1765 2604 1994 2650 aureas
2032 2582 2321 2652 Castoris
2367 2598 2432 2654 et
2463 2586 2762 2655 Pollucis

688 2674 965 2760 Delphis
999 2674 1241 2762 positas
1268 2674 1583 2743 decidisse
1609 2698 1819 2761 neque
1847 2700 1957 2745 eas
1992 2700 2270 2764 usquam
2295 2694 2581 2767 repertas
2609 2705 2764 2750 esse

688 2769 933 2847 dixisti,
984 2769 1203 2835 furum
1254 2768 1322 2833 id
1375 2770 1583 2857 magis
1629 2771 1876 2837 factum
1919 2794 2116 2857 quam
2163 2775 2432 2841 deorum
2476 2776 2762 2843 videtur.

688 2864 909 2931 simiae
962 2884 1115 2929 vero
1166 2862 1567 2931 Dodonaeae
1629 2866 2082 2952 inprobitatem
2141 2868 2423 2937 historiis
2479 2869 2762 2938 Graecis

684 2958 1055 3022 mandatam
1090 2979 1231 3023 esse
1268 2958 1573 3025 demiror:
1620 2961 1782 3045 quid
1821 2963 2034 3029 minus
2068 2964 2304 3029 mirum
2340 2986 2536 3049 quam
2570 2966 2760 3032 illam

684 3050 1357 3117 monstruosissumam
1390 3052 1664 3121 bestiam
1699 3077 1928 3122 urnam
1964 3058 2290 3136 evertisse,
2327 3059 2513 3125 sortis
2541 3060 2762 3127 dissu-
2859 3084 2864 3089 ·

683 3143 975 3230 pavisse?
1018 3155 1083 3209 et
1115 3157 1357 3231 negant
1401 3146 1686 3215 historici
1718 3148 2250 3218 Lacedaemoniis
2286 3153 2492 3219 ullum
2535 3164 2760 3221 osten-

682 3250 821 3303 tum
870 3236 996 3305 hoc
1046 3239 1288 3306 tristius
1339 3241 1668 3307 accidisse.
1763 3266 1916 3310 nam
1967 3245 2079 3311 illa
2127 3246 2454 3331 praedicta
2505 3248 2758 3316 Veien-

682 3333 865 3411 tium,
902 3333 958 3398 si
984 3334 1163 3399 lacus
1180 3334 1479 3399 Albanus
1496 3335 1919 3405 redundasset
1946 3338 2132 3423 isque
2145 3340 2213 3404 in
2233 3363 2410 3409 mare
2435 3342 2757 3424 fluxisset,

680 3426 958 3493 Romam
990 3428 1340 3514 perituram
1349 3452 1370 3508 3
1408 3428 1463 3495 si
1495 3450 1824 3514 repressus
1861 3445 2050 3511 esset,
2085 3433 2284 3500 Veios
2317 3450 2358 3489 ὓ
2375 3450 2414 3490 ⁴*
2447 3436 2542 3503 ita
2573 3460 2757 3523 aqua

680 3521 945 3587 Albana
996 3522 1275 3589 deducta
1326 3523 1411 3587 ad
1461 3522 1802 3589 utilitatem
1855 3526 1993 3611 agri
2039 3527 2424 3608 suburbani,
2475 3553 2611 3597 non
2662 3534 2753 3598 ad

682 3636 897 3681 arcem
930 3616 1283 3700 urbemque
1317 3616 1734 3683 retinendam.
1824 3626 1919 3685 ‘at
1952 3621 2146 3706 paulo
2181 3635 2328 3706 post
2361 3624 2582 3691 audita
2618 3632 2754 3693 vox

682 3720 780 3773 est
812 3709 1148 3786 monentis,
1184 3720 1259 3773 ut
1291 3709 1702 3794 providerent
1731 3736 1816 3780 ne
1844 3737 1884 3779 a
1903 3712 2112 3782 Gallis
2127 3716 2340 3786 Roma
2375 3732 2748 3806 caperetur3

680 3824 762 3865 ex
815 3824 893 3867 eo
945 3802 1078 3867 Aio
1131 3801 1459 3886 Loquenti
1512 3828 1692 3873 aram
1751 3808 1820 3873 in
1878 3831 2049 3875 nova
2099 3811 2208 3876 via
2257 3818 2745 3883 consecratam?

679 3893 837 3976 quid
872 3894 1066 3979 ergo?
1107 3894 1277 3961 Aius
1313 3897 1435 3965 iste
1468 3898 1800 3985 Loquens,
1835 3925 1984 3968 cum
2020 3926 2169 3970 eum
2204 3928 2396 3973 nemo
2429 3921 2638 3987 norat,
2675 3921 2748 3976 et

677 3984 890 4049 aiebat
924 3998 989 4051 et
1022 3987 1407 4071 loquebatur
1442 3991 1557 4081 [ex
1584 4016 1664 4061 eo
1689 4018 1922 4061 nomen
1939 3997 2254 4085 invenit}
2291 4013 2516 4086 postea
2541 4025 2744 4087 quam

676 4090 742 4143 et
792 4077 1010 4145 sedem
1062 4093 1128 4149 et
1158 4106 1356 4157 ⁴aram
1410 4100 1475 4155 et
1524 4111 1762 4155 nomen
1813 4090 2090 4169 invenit,
2141 4093 2500 4161 obmutuit?
2559 4098 2744 4183 quod
