3292 4559
1073 259 1153 323 12
1689 259 1767 315 m.
1803 253 2077 314 TULLn
2113 206 2514 309 mcnssoms

973 416 1021 455 ss
1069 390 1240 479 quod
1290 388 1429 455 fieri
1479 380 1610 451 non
1661 389 1922 469 potest„
1987 400 2102 444 cur
2144 386 2359 441 autem
2404 373 2750 459 quicquam
2800 371 3148 459 ignoraret

1069 487 1316 551 animus
1349 479 1644 556 hominis,
1682 476 1736 541 si
1764 484 1931 541 esset
1968 472 2163 539 deus?
2195 491 2325 556 quo
2352 469 2543 537 modo
2576 490 2767 556 porro
2797 468 2955 535 deus
2983 467 3142 546 iste,

1065 583 1117 647 si
1161 580 1319 647 nihil
1362 586 1530 643 esset
1572 571 1695 638 nisi
1742 569 2023 645 animus,
2078 577 2192 633 aut
2233 565 2468 630 infixus
2504 576 2615 629 aut
2658 562 2911 628 infusus
2954 573 3141 629 esset

1065 683 1129 743 in
1165 672 1443 740 mundo?
1493 679 1633 733 tum
1668 661 2110 749 Xenophanes
2125 709 2144 739 ,
2188 660 2299 746 qui
2342 670 2555 725 mente
2600 657 2901 723 adiuncta
2935 679 3140 723 omne

1065 779 1412 855 praeterea,
1451 761 1625 848 quod
1654 768 1823 825 esset
1845 757 2184 833 infinitum,
2222 755 2418 820 deum
2444 752 2648 818 voluit
2674 774 2835 830 esse,
2871 750 2953 816 de
2981 750 3139 838 ipsa

1063 871 1275 927 mente
1309 860 1469 925 item
1499 851 2016 941 reprehenditur,
2060 860 2132 915 ut
2167 849 2392 926 ceteri,
2441 848 2523 913 de
2556 846 2869 912 infinitate
2905 857 3134 911 autem

1065 952 1533 1028 vehementius,
1581 950 1651 1013 in
1686 968 1817 1033 qua
1849 945 2009 1012 nihil
2050 965 2259 1029 neque
2296 943 2574 1009 sentiens
2610 962 2822 1026 neque
2858 940 3134 1005 coniun-

1065 1067 1239 1119 ctum
1282 1057 1494 1136 potest
1537 1065 1697 1111 esse.
1786 1065 1939 1107 nam
1981 1038 2400 1106 Parmenides
2447 1037 2709 1122 quidem
2751 1033 3135 1101 commenti-

1065 1151 1234 1211 cium
1269 1140 1575 1229 quiddam
1613 1159 1885 1203 coronae
1922 1135 2126 1201 simile
2170 1132 2399 1211 efficit3
2446 1130 2774 1219 στεφάνην
2819 1129 3129 1216 appellat,

1065 1239 1424 1307 continente
1460 1231 1689 1300 ardore
1723 1231 1885 1297 lucis
1920 1229 2171 1306 orbem,
2215 1226 2327 1312 qui
2363 1226 2579 1313 cingat
2613 1225 2863 1291 caelum
2875 1271 2893 1302 ,
2928 1245 3131 1308 quem

1065 1330 1342 1416 appellat
1394 1328 1615 1394 deum:
1679 1327 1748 1391 in
1799 1346 1929 1409 quo
1981 1338 2192 1408 neque
2252 1322 2528 1407 figuram
2578 1319 2860 1385 divinam
2912 1339 3131 1402 neque

1065 1446 1321 1491 sensum
1374 1422 1719 1506 quisquam
1776 1418 2086 1506 suspicari
2143 1427 2382 1502 potest3
2453 1417 2783 1500 multaque
2836 1415 3128 1481 eiusdem

1061 1522 1227 1584 vindi
1270 1527 1583 1583 monstra:
1638 1515 1877 1600 quippe
1914 1513 2028 1598 qui
2072 1513 2344 1589 bellum,
2397 1511 2511 1596 qui
2545 1510 2958 1588 discordiam,
3011 1510 3129 1593 qui

1065 1611 1476 1699 cupiditatem
1511 1620 1851 1693 ceteraque
1884 1607 2141 1695 generis
2175 1605 2463 1672 eiusdem
2498 1605 2584 1669 ad
2617 1605 2810 1671 deum
2844 1617 3124 1683 revocet,

1061 1731 1226 1791 quae
1272 1706 1378 1771 vel
1429 1704 1654 1770 morbo
1699 1704 1801 1770 vel
1858 1723 2083 1769 somno
2127 1700 2233 1767 vel
2277 1699 2596 1766 oblivione
2648 1700 2750 1766 vel
2803 1709 3123 1765 vetustate

1065 1803 1372 1877 delentur,
1412 1799 1764 1882 eademque
1792 1798 1873 1863 de
1912 1796 2245 1873 sideribus,
2281 1816 2448 1879 quae
2476 1793 2861 1880 reprehensa
2893 1793 2960 1858 in
2999 1793 3122 1857 alio

961 1899 1025 1947 12
1061 1899 1190 1960 inm
1243 1894 1312 1959 in
1362 1894 1484 1961 hoc
1531 1894 1921 1961 omittantur.
2009 1891 2439 1978 Empedocles
2483 1901 2698 1957 autem
2742 1890 2946 1956 multa
2997 1888 3124 1954 alia

1061 2011 1329 2075 peccans
1364 1988 1433 2054 in
1462 1989 1729 2055 deorum
1758 1986 2058 2073 opinione
2094 1987 2482 2072 turpissume
2516 1984 2780 2063 labitur3
2818 1994 3122 2070 quattuor

1061 2087 1231 2151 enim
1265 2096 1559 2161 naturas,
1606 2106 1689 2149 ex
1726 2083 1961 2167 quibus
1999 2082 2215 2146 omnia
2250 2092 2542 2145 constare
2579 2090 2825 2156 censet,
2872 2079 3121 2143 divinas

1061 2203 1201 2243 esse
1246 2177 1412 2253 volt,
1466 2198 1626 2260 quas
1674 2187 1739 2242 et
1782 2175 1962 2241 nasci
1997 2185 2063 2240 et
2105 2174 2429 2260 exstingui
2470 2174 2881 2260 perspicuum
2917 2183 3013 2238 est
3056 2185 3119 2238 et

1061 2294 1253 2339 sensu
1289 2270 1464 2335 omni
1499 2292 1733 2335 carere.
1823 2292 1943 2335 nec
1976 2275 2134 2335 vero'
2157 2268 2567 2355 Protagoras,
2604 2270 2714 2354 qui
2751 2291 2891 2335 sese
2926 2282 3120 2353 negat

1061 2365 1317 2431 manino
1357 2364 1438 2430 de
1474 2364 1610 2429 deis
1645 2363 1883 2429 habere
1920 2363 2094 2448 quod
2129 2363 2389 2447 liqueat,
2426 2363 2570 2439 sint,
2604 2385 2736 2429 non
2772 2365 2926 2441 sint,
2963 2386 3116 2449 qua-

1061 2463 1233 2527 leave
1272 2459 1418 2535 sint,
1455 2458 1802 2542 quicquam
1836 2457 2092 2523 videtur
2121 2456 2201 2522 de
2226 2468 2455 2522 natura
2488 2457 2755 2523 deorum
2791 2459 3107 2546 suspicari.

1061 2554 1256 2639 quid?
1297 2550 1741 2629 Democritus,
1780 2551 1888 2635 qui
1924 2562 2063 2616 tum
2095 2550 2408 2638 imagines
2444 2574 2791 2636 earumque
2826 2553 3119 2619 circumi-

1061 2663 1165 2715 tus
1201 2647 1268 2711 in
1304 2646 1571 2712 deorum
1604 2668 1874 2713 numero
1910 2646 2135 2723 refert,
2188 2657 2325 2711 tum
2359 2646 2537 2712 illam
2571 2658 2897 2726 naturam,
2951 2670 3116 2733 quae

1061 2740 1372 2827 imagines
1408 2740 1636 2805 fundat
1674 2762 1751 2806 ac
1784 2740 2013 2817 mittat,
2051 2750 2187 2806 tum
2222 2740 2555 2807 scientiam
2588 2741 3117 2829 intellegentiam·

1057 2859 1185 2920 que
1234 2844 1549 2913 nostram,
1603 2856 1817 2901 nonne
1869 2834 1939 2900 in
1983 2836 2263 2900 maximo
2309 2857 2520 2902 errore
2571 2839 2901 2903 versatur?
2972 2861 3117 2904 cum

1058 2931 1230 2995 idem
1265 2928 1543 3008 omninO,
1582 2928 1736 3015 quia
1770 2929 1930 2995 nihil
1965 2953 2215 3017 semper
2249 2952 2367 2995 suo
2404 2942 2577 2997 statu
2612 2943 2888 3010 maneat,
2926 2944 3115 3019 neget

1061 3047 1201 3091 esse
1254 3024 1599 3109 quicquam
1659 3025 2143 3110 sempiternum,
2205 3048 2418 3092 nonne
2472 3026 2666 3092 deum
2720 3027 2975 3093 omnino
3026 3028 3117 3092 ita

1061 3119 1253 3193 fouit,
1307 3129 1380 3183 ut
1422 3119 1667 3185 nullam
1706 3119 2069 3205 opinionem
2104 3120 2242 3187 eius
2286 3121 2604 3205 reliquam
2636 3119 2871 3187 faciat?
2923 3122 3116 3206 quid?

1061 3219 1189 3287 affr,
1225 3233 1352 3296 quo
1377 3212 1710 3299 Diogenes
1739 3214 2183 3300 Apolloniates
2217 3214 2420 3280 utitur
2454 3216 2595 3294 deo,
2634 3237 2827 3300 quem
2862 3239 3114 3283 sensum

961 3327 1013 3367 aa
1061 3307 1296 3373 habere
1339 3318 1550 3393 potest
1594 3318 1705 3374 aut
1748 3330 1945 3394 quam
1988 3311 2263 3377 formam
2310 3309 2453 3376 dei?
2519 3311 2650 3375 iam
2704 3311 2782 3377 de
2826 3310 3113 3378 Platonis

1057 3403 1484 3468 inconstantia
1532 3403 1799 3491 longum
1842 3416 1940 3471 est
1992 3407 2234 3484 dicere,
2290 3406 2402 3489 qui
2443 3406 2513 3471 in
2556 3405 2825 3473 Timaeo
2871 3418 3114 3493 patrem

1057 3499 1244 3563 huius
1298 3498 1524 3563 mundi
1575 3500 1889 3565 nominari
1940 3511 2136 3587 neget
2186 3522 2403 3587 posse,
2466 3501 2535 3566 in
2586 3501 2847 3588 Legum
2900 3513 3110 3567 autem

1057 3595 1261 3669 libris,
1316 3591 1474 3677 quid
1511 3593 1592 3659 sit
1627 3595 1885 3660 omnino
1923 3595 2082 3661 deus
2095 3643 2114 3673 ,
2168 3595 2421 3679 anquiri
2457 3606 2749 3682 oportere
2795 3619 2927 3662 non
2971 3618 3113 3665 cen-

1057 3699 1209 3751 seat.
1302 3686 1479 3771 quod
1522 3711 1672 3755 vero
1720 3690 1858 3755 sine
1907 3710 2173 3774 corpore
2219 3689 2351 3754 ullo
2396 3690 2590 3755 deum
2626 3689 2762 3756 volt
2794 3713 2964 3770 esse,
3010 3688 3110 3778 [ut

1061 3779 1298 3846 Graeci
1333 3781 1570 3860 dicunt,
1609 3778 2023 3867 ἇσιόματον,]
2060 3782 2130 3846 id
2165 3783 2353 3867 quale
2391 3806 2529 3849 esse
2564 3784 2795 3871 possit,
2830 3786 3110 3871 intellegi

1057 3895 1185 3935 non
1220 3883 1458 3958 potest,
1512 3890 1727 3943 careat
1764 3876 1937 3942 enim
1972 3899 2165 3942 sensu
2198 3900 2459 3943 necesse
2497 3890 2621 3955 est,
2670 3890 2883 3946 careat
2919 3880 3106 3947 etiam

1057 3967 1420 4051 prudentia,
1475 3981 1694 4037 careat
1728 3972 2092 4055 voluptate,
2148 3992 2314 4056 quae
2350 3972 2565 4037 omnia
2608 3996 2739 4038 una
2775 3996 2923 4039 cum
2959 3975 3103 4040 deo·

1057 4084 1197 4127 rum
1239 4064 1500 4133 notione
1548 4064 2145 4151 conprehendimus.
2233 4066 2407 4134 idem
2442 4079 2506 4134 et
2550 4067 2621 4133 in
2654 4066 2922 4136 Timaeo
2958 4069 3102 4135 dicit
