3292 4559
1007 234 1116 289 DE
1161 237 1260 293 BE
1293 237 1636 295 PUBLIOA
1670 238 1715 291 1.
1752 238 1993 293 66-69.
2404 219 2529 289 175

476 367 621 451 ipsa
652 363 960 430 servitute
995 360 1230 427 adficit.
1319 361 1413 426 sic
1449 361 1663 425 omnia
1694 360 1911 436 nimia,
1950 380 2099 424 cum
2132 357 2287 423 vel
2268 380 2337 421 m
2371 366 2533 421 tem·

477 460 744 545 pestalte
789 455 994 522 Velm
1036 456 1210 541 agris
1255 455 1422 521 vel
1403 480 1472 520 m
1516 455 1889 541 corporibus
1930 454 2198 519 laetiora
2251 449 2345 538 [p.
2382 438 2531 516 2‘57.

475 552 756 625 fuerunt,
792 550 862 615 in
895 548 1210 615 contraria
1243 548 1378 615 fere
1415 560 1893 626 convertuntur,
1930 547 2338 630 maximeque
2372 543 2484 611 id
2466 568 2535 609 m

477 644 672 712 rebus
719 642 994 729 publicis
1047 643 1289 720 evenit,
1341 642 1665 727 nimiaque
1716 642 1827 709 illa
1866 642 2127 709 libertas
2172 650 2237 705 et
2281 638 2534 725 populis

475 748 544 802 et
595 737 859 823 privatis
910 737 978 801 in
1027 736 1294 803 nimiam
1347 737 1719 804 servitutem
1774 737 1971 812 cedit3
2025 736 2242 817 itaque
2288 745 2369 801 ex'
2413 732 2535 799 hac

433 878 438 890 .
475 832 760 898 maxima
793 827 1085 895 libertate
1120 840 1430 917 tyrannus
1467 830 1756 916 gignitur
1790 841 1853 895 et
1885 830 1997 895 illa
2028 826 2444 893 iniustissima
2472 836 2537 891 et

475 924 822 989 durissima
872 921 1164 988 servitus.
1253 946 1334 987 ex
1386 922 1510 999 hoc
1561 924 1733 989 enim
1790 923 2030 1008 populo
2082 920 2389 985 indomito
2434 918 2535 983 vel

479 1015 694 1101 potius
728 1014 970 1079 inmani
1005 1015 1305 1101 deligitur
1339 1015 1538 1099 aliqui
1573 1017 1953 1101 plerumque
1987 1015 2122 1080 dux
2150 1024 2370 1081 contra
2392 1011 2535 1077 illos

481 1110 802 1196 principes
837 1109 1140 1193 adffiictos
1177 1109 1306 1175 iam
1341 1119 1406 1175 et
1442 1110 1743 1195 depulsos
1778 1112 1950 1189 loce,
1988 1110 2219 1183 audax,
2274 1106 2368 1194 [p.
2388 1104 2535 1174 258.

481 1206 779 1289 inpurus,
825 1214 1198 1269 consectans
1243 1214 1540 1288 proterve
1585 1205 1752 1270 bene
1796 1228 1987 1290 saepe
2034 1204 2115 1271 de
2168 1226 2239 1269 re
2282 1202 2539 1287 publica

485 1297 772 1375 meritos,
825 1298 1062 1383 populo
1117 1298 1482 1383 gratificans
1537 1309 1603 1365 et
1654 1299 1863 1365 aliena
1916 1309 1981 1365 et
2032 1322 2177 1375 sua;
2232 1297 2336 1363 cui
2386 1295 2540 1379 quia

483 1392 733 1481 privato
780 1401 930 1456 sunt
964 1392 1241 1476 oppositi
1275 1392 1562 1469 timores,
1611 1393 1844 1459 dantur
1877 1393 2143 1478 imperia
2178 1402 2241 1457 et
2275 1414 2353 1457 ea
2386 1411 2539 1456 con-

484 1487 846 1563 tinuantur,
887 1486 1222 1572 praesidiis
1258 1487 1448 1553 etiam
1461 1534 1480 1563 ,
1529 1498 1604 1553 ut
1635 1487 1913 1553 Athenis
1954 1486 2356 1563 Pisistratus,
2400 1506 2541 1551 sae-

483 1579 777 1666 piuntur,
841 1591 1162 1665 postremo
1175 1628 1194 1657 ,
1256 1604 1298 1645 a
1349 1580 1582 1664 quibus
1643 1580 1940 1666 producti
1990 1591 2168 1657 sunt,
2232 1578 2543 1645 exsistunt

485 1696 709 1739 eorum
758 1674 1044 1759 ipsorum
1097 1676 1379 1759 tyranni:
1437 1697 1598 1759 quos
1635 1676 1691 1739 si
1742 1675 1896 1739 boni
1940 1683 2415 1761 oppresserunt,
2470 1682 2543 1735 ut

486 1788 679 1851 saepe
713 1767 816 1843 fit,
851 1778 1172 1831 recreatur
1207 1768 1460 1845 civitas,
1497 1769 1596 1833 sin
1633 1769 1940 1845 audaces,
1973 1768 2047 1833 fit
2077 1766 2205 1850 illla
2261 1764 2351 1852 [p.
2394 1764 2537 1830 133,

487 1860 713 1935 facti0,
759 1883 964 1945 genus
1009 1861 1184 1925 aliud
1228 1874 1675 1947 tyrannorum,
1722 1864 2073 1947 eademque
2119 1860 2317 1927 oritur
2351 1859 2545 1925 etiam

489 1977 571 2019 ex
603 1953 712 2019 illo
749 1976 940 2039 saepe
975 1955 1374 2041 optimatium
1407 1958 1737 2042 praeelaro
1766 1966 1962 2033 stata,
1996 1976 2147 2021 cum
2170 1954 2343 2040 ipsos
2370 1953 2544 2038 prin-

486 2050 662 2134 cipes
699 2048 912 2133 aliqua
945 2050 1224 2133 pravitas
1265 2050 1345 2115 de
1381 2051 1487 2116 via
1522 2051 1800 2117 deflexit.
1867 2051 1959 2117 sic
1995 2061 2323 2133 tamquam
2348 2048 2544 2133 pilam

487 2142 745 2227 rapiunt
787 2142 953 2209 inter
995 2166 1064 2207 se
1107 2144 1203 2208 rei
1247 2145 1546 2231 publicae
1580 2156 1819 2211 statum
1856 2145 2111 2229 tyranni
2146 2144 2229 2208 ab
2262 2142 2543 2228 regibus,

487 2237 573 2301 ab
607 2236 685 2302 iis
722 2246 937 2301 autem
971 2236 1288 2321 principes
1329 2250 1442 2303 aut
1475 2239 1719 2326 populi,
1756 2262 1795 2304 a
1828 2239 2063 2322 quibus
2098 2247 2211 2304 aut
2236 2236 2543 2301 factiones

489 2340 605 2394 aut
638 2329 910 2415 tyranni,
947 2352 1066 2395 nec
1101 2330 1338 2397 diutius
1373 2354 1686 2416 umquam
1720 2342 1969 2399 tenetur
2002 2332 2175 2397 idem
2210 2330 2304 2397 rei
2334 2327 2547 2415 publi·-

492 2446 606 2489 cae
650 2423 898 2489 modus.
987 2424 1161 2507 quod
1202 2424 1294 2491 ita
1337 2447 1486 2491 cum
1539 2427 1651 2503 sit,
1694 2448 1768 2491 ea·
1802 2427 2005 2491 tribus
2039 2424 2261 2511 primis
2296 2421 2547 2509 generi·
2580 2400 2650 2511 ἐξ

473 2518 613 2589 ,bus
647 2518 838 2626 longe
855 2528 1154 2627 praestat
1187 2542 1334 2585 mea
1369 2520 1685 2586 sententia
1712 2520 1983 2606 regium,
2024 2518 2033 2605 Ι
2070 2518 2247 2605 regio
2288 2514 2379 2602 [p.
2402 2514 2545 2581 134.

492 2622 708 2676 autem
749 2612 874 2696 ipsi
918 2614 1269 2697 praestabit
1312 2613 1410 2691 id,
1455 2614 1631 2699 quod
1680 2615 1797 2679 erit
1832 2624 2174 2697 aequatum
2210 2624 2274 2677 et
2308 2622 2548 2693 tempe·-

493 2716 704 2769 ratum
738 2728 820 2769 ex
854 2706 1056 2770 tribus
1092 2708 1346 2792 optimis
1381 2730 1596 2773 rerum
1630 2708 2034 2791 publicarum
2068 2706 2303 2781 modis3
2340 2703 2550 2788 placet

495 2798 668 2863 enim
719 2819 857 2861 esse
911 2798 1218 2881 quiddam
1271 2800 1338 2862 in
1389 2823 1458 2865 re
1510 2800 1771 2884 publica
1821 2809 2151 2885 praestans
2205 2808 2269 2861 et
2311 2795 2548 2880 regale,

496 2907 637 2953 esse
682 2888 857 2953 aliud
902 2891 1265 2956 auctoritati
1307 2893 1671 2978 principum
1704 2893 2075 2979 inpartitum
2108 2913 2185 2956 ac
2218 2888 2549 2964 tributum,

497 3005 638 3048 esse
683 2982 994 3066 quasdam
1039 3007 1140 3049 res
1189 2995 1472 3049 servatas
1518 2986 1755 3051 iudicio
1792 2986 2229 3068 voluntatique
2264 2982 2551 3047 multitu-

497 3076 684 3147 dinis.
789 3076 950 3143 haec
1010 3077 1375 3143 constitutio
1438 3080 1717 3164 primum
1778 3079 1973 3146 habet
2034 3077 2553 3162 aequabilitatem

500 3170 823 3254 quandam
876 3195 1205 3257 magnam,
1260 3194 1391 3256 qua
1443 3196 1659 3239 carere
1714 3174 1951 3239 diutius
2005 3173 2114 3239 vix
2163 3181 2434 3257 possunt
2476 3170 2552 3234 li-

503 3264 684 3347 belri,
732 3264 958 3331 deinde
1003 3266 1474 3332 firmitudinem.
1535 3268 1737 3351 'quod
1773 3278 1836 3333 et
1868 3267 1978 3333 illa
2011 3266 2219 3351 prima
2272 3263 2365 3350 [p.
2406 3263 2549 3328 163.

499 3359 686 3422 facile
722 3359 789 3421 in
825 3361 1140 3424 contraria
1174 3361 1332 3425 vitia
1367 3373 1843 3438 convertuntur,
1879 3372 1951 3425 ut
1986 3360 2249 3427 exsistat
2285 3381 2364 3423 ex
2399 3378 2551 3441 rege

501 3452 818 3527 dominus,
863 3476 944 3518 ex
979 3454 1388 3539 optimatibus
1426 3455 1644 3532 factio,
1692 3479 1773 3522 ex
1806 3455 2043 3541 populo
2080 3452 2270 3517 turba
2304 3461 2368 3515 et
2403 3470 2555 3514 oon-

501 3546 690 3624 fusi0,
725 3546 1024 3631 quodque
1058 3549 1200 3633 ipsa
1233 3571 1472 3634 genera
1511 3548 1855 3635 generibus
1884 3570 2075 3633 saepe
2103 3553 2554 3610 conmutantur

502 3640 713 3716 noviei,
775 3641 898 3706 hoc
958 3642 1026 3706 in
1086 3642 1209 3707 hac
1261 3644 1477 3707 iuncta
1529 3642 1984 3727 moderateque
2035 3640 2351 3726 permixta
2402 3658 2553 3703 con-

506 3734 878 3802 formatione
940 3737 1033 3802 rei
1096 3737 1391 3822 publicae
1453 3760 1584 3801 non
1637 3738 1839 3801 ferme
1892 3736 2027 3801 sine
2079 3733 2329 3819 magnis
2380 3731 2553 3818 prin-

505 3830 720 3913 cipum
771 3832 940 3897 vitiis
994 3833 1206 3899 evenit
1216 3858 1234 3909 3
1297 3854 1426 3897 non
1479 3843 1577 3898 est
1629 3831 1800 3897 enim
1854 3853 2047 3897 causa
2100 3826 2550 3902 conversionis,

507 3924 618 3990 ubi
653 3925 870 3992 in2suo
909 3924 920 4014 Ι
957 3928 1228 4015 quisque
1265 3939 1360 3993 est
1393 3928 1600 4013 gradu
1635 3926 1901 3991 firmiter
1934 3924 2227 3993 conloea-
2273 3921 2365 4009 [p.
2408 3921 2550 3987 164.

509 4036 610 4089 tus
646 4032 710 4086 et
742 4046 870 4090 nou
905 4022 1124 4089 subest
1160 4044 1286 4109 quo
1321 4022 1692 4109 praecipitet
1727 4043 1803 4087 ac
1839 4020 2111 4109 decidat.
