3292 4559
939 235 949 244 ’
1052 231 1063 236 ”
1104 245 1210 300 DE
1245 239 1576 298 ormcns
1611 241 1661 297 1.
1697 241 1969 296 98—104.
2347 267 2351 274 -
2478 227 2560 294 31

507 373 645 442 fere
681 369 1016 479 descriptio
1053 364 1302 452 officii]
1382 364 1791 432 efficiendum
1824 374 2040 429 autem
2076 373 2175 428 est
2206 373 2281 429 ut
2314 364 2560 451 adpeti·
2597 382 2673 424 102

509 481 614 534 tus
675 465 904 533 rationi
965 462 1307 530 oboediant
1371 472 1644 570 eamque
1706 479 1915 542 neque
1975 469 2389 552 praecurrant
2442 481 2561 524 neo

509 572 768 648 propter
808 558 1131 645 pigritiam
1175 567 1289 621 aut
1329 556 1655 665 ignaviam
1708 554 2033 631 deserant,
2090 554 2341 637 sintque
2389 566 2562 620 tran-

507 654 688 740 quini
731 665 926 739 atque
969 651 1144 716 omni
1189 651 1386 716 animi
1429 649 1907 736 perturbatione
1958 653 2245 727 careant3
2300 673 2379 716 ex
2430 671 2559 734 quo

507 747 784 815 elucebit
816 747 1022 811 omnis
1059 744 1416 810 constantia
1449 743 1787 827 omnisque
1818 743 2191 808 moderatiO.
2263 767 2414 808 nam
2449 744 2562 854 qui

505 842 828 928 adpetitus
863 839 1120 928 longius
1156 849 1510 924 evagantur
1545 848 1611 902 et
1644 847 1991 922 tamquam,
2010 839 2398 904 exsultantes
2428 839 2559 904 sive

508 935 828 1022 cupiendo
873 934 1006 998 sive
1042 931 1350 1018 fugiendo
1385 953 1514 996 non
1550 931 1703 996 satis
1740 955 1781 995 a
1814 931 2059 996 ratione
2092 931 2470 1010 retinentur,
2516 933 2561 997 ii

509 1031 644 1094 sine
689 1027 886 1092 dubio
929 1027 1124 1092 finem
1169 1037 1233 1091 et
1277 1024 1541 1090 modum
1575 1035 1936 1102 transeunt3
1988 1025 2355 1108 relinquunt
2390 1025 2559 1090 enim

509 1134 573 1188 et
625 1121 908 1186 abiciunt
957 1118 1426 1185 oboedientiam
1477 1141 1600 1184 nec
1653 1119 1884 1185 rationi
1934 1131 2191 1205 parent,
2257 1121 2359 1186 cui
2414 1135 2563 1186 sunt

507 1216 779 1281 subiecti
821 1215 966 1300 lege
1009 1225 1302 1280 naturae:
1349 1237 1389 1278 a
1424 1213 1659 1297 quibus
1693 1235 1824 1278 non
1857 1213 2049 1282 modo
2086 1215 2279 1280 animi
2313 1226 2561 1302 pertur-

507 1311 771 1387 bantur,
815 1308 930 1374 sed
971 1309 1166 1376 etiam
1201 1329 1484 1394 corpora.
1572 1307 1722 1374 licet
1756 1331 1867 1373 ora
1902 1309 2043 1395 ipsa
2076 1332 2335 1376 cernere
2369 1310 2563 1378 irato-

507 1427 651 1470 rum
696 1415 809 1469 aut
851 1425 1101 1481 eorum,
1145 1402 1258 1488 qui
1301 1413 1414 1468 aut
1454 1403 1741 1470 lubidine
1782 1403 1999 1494 aliqua
2032 1415 2143 1470 aut
2177 1417 2351 1472 metu
2386 1428 2561 1474 com-

508 1500 664 1564 moti
698 1509 849 1564 sunt
883 1509 996 1564 aut
1028 1499 1357 1584 voluptate
1391 1497 1588 1564 nimia
1621 1498 1934 1584 gestiunt3
1972 1522 2243 1584 quorum
2274 1501 2559 1582 omnium

508 1594 746 1670 voltus,
809 1614 998 1658 voces
1013 1639 1033 1670 ,
1093 1610 1307 1658 motus
1370 1604 1703 1676 statusque
1754 1604 2099 1659 mutantur.
2188 1617 2269 1659 ex
2321 1596 2555 1678 quibus
2594 1613 2669 1654 103

507 1688 667 1754 illud
698 1687 1117 1772 intellegitur,
1151 1698 1224 1751 ut
1261 1687 1344 1752 ad
1378 1687 1574 1752 officii
1608 1688 1880 1752 formam
1916 1699 2328 1765 revertamur,
2364 1689 2561 1774 adpe-

509 1782 663 1845 titus
707 1781 914 1844 omnis
957 1781 1420 1847 contrahendos
1468 1781 1915 1865 sedandosque
1952 1805 2093 1847 esse
2126 1783 2559 1848 excitandam-

507 1897 636 1959 que
681 1873 1294 1940 animadversionem
1337 1885 1403 1939 et
1439 1875 1863 1959 diligentiam,
1910 1887 1983 1940 ut
2014 1899 2097 1942 ne
2132 1877 2289 1960 quid
2324 1888 2559 1946 temere

509 1991 587 2034 ac
630 1967 922 2044 fortuito,
965 1969 1430 2035 inconsiderate
1475 1969 2033 2056 neglegenterque
2072 1994 2358 2056 agamus.
2448 1997 2561 2041 ne-

509 2085 636 2146 que
679 2062 852 2128 enim
893 2062 984 2127 ita
1028 2063 1314 2148 generati
1349 2087 1388 2126 a
1421 2074 1652 2128 natura
1698 2087 1947 2140 summ,
1992 2076 2065 2130 ut
2111 2065 2195 2130 ad
2236 2065 2461 2132 ludum
2496 2079 2561 2134 et

507 2157 723 2221 iocum
766 2156 920 2221 facti
963 2178 1102 2222 esse
1145 2156 1505 2226 videamur:
1554 2158 1638 2222 ad
1683 2158 2085 2224 severitatem
2128 2159 2341 2244 potius
2378 2172 2441 2226 et
2477 2162 2562 2226 ad

510 2253 826 2335 quaedam
873 2252 1086 2317 studia
1126 2253 1424 2337 graviora
1468 2263 1661 2337 atque
1706 2253 1967 2335 maiora.
2054 2255 2209 2320 ludo
2244 2267 2461 2323 autem
2497 2269 2557 2323 et

507 2346 649 2410 ioco
691 2346 787 2411 uti
828 2346 937 2411 illo
981 2347 1240 2430 quidem
1281 2347 1460 2424 licet,
1505 2348 1618 2414 sed
1660 2348 1827 2414 sicut
1870 2370 2094 2414 somno
2138 2361 2203 2415 et
2236 2350 2557 2433 quietibus

508 2441 732 2506 ceteris
779 2452 946 2518 tum,
989 2463 1136 2506 cum
1178 2442 1482 2526 gravibus
1527 2442 1835 2526 seriisque
1886 2443 2079 2512 rebus
2133 2445 2285 2510 satis
2332 2446 2559 2512 feceri·-

505 2558 668 2601 mus.
758 2536 1095 2621 ipsumque
1129 2559 1335 2622 genus
1370 2537 1622 2602 iocandi
1658 2560 1789 2603 non
1821 2537 2157 2623 profusum
2195 2563 2315 2608 nec
2351 2540 2556 2606 inmo·-

508 2631 790 2708 destum,
835 2631 950 2696 sed
991 2630 1344 2716 ingenuum
1389 2642 1453 2698 et
1496 2631 1779 2698 facetum
1815 2655 1955 2698 esse
1992 2633 2201 2699 debet.
2281 2645 2353 2698 ut
2389 2636 2559 2700 enim

504 2725 720 2810 pueris
771 2746 901 2789 non
953 2747 1206 2791 omnem
1256 2727 1519 2792 ludendi
1563 2727 1887 2792 licentiam
1932 2727 2188 2805 damus,
2234 2729 2348 2794 sed
2394 2753 2555 2806 eam,

506 2840 672 2900 quae
716 2818 799 2881 ab
845 2818 1192 2882 honestatis
1237 2819 1590 2886 actionibus
1625 2843 1756 2885 non
1792 2821 1874 2884 sit
1908 2822 2142 2898 aliena,
2190 2823 2281 2886 sic
2314 2822 2381 2886 in
2414 2823 2555 2908 ipso

502 2913 646 2977 ioco
683 2911 940 2993 aliquod
974 2912 1159 2997 probi
1191 2913 1433 3001 ingenii
1457 2915 1677 2980 lumen
1705 2916 1971 2982 eluceat.
2034 2916 2271 3002 duplex
2298 2918 2556 2982 omnino
2595 2941 2667 2980 104

507 3015 604 3083 est
637 3004 888 3068 iocandi
921 3027 1155 3090 genus:
1193 3029 1391 3072 unum
1417 3008 1766 3086 inliberale,
1801 3009 2115 3094 petulans,
2150 3010 2556 3096 flagitiosum,

506 3101 876 3176 obscenum,
914 3100 1183 3164 alterum
1220 3103 1498 3186 elegam,
1535 3103 1885 3181 urbanum,
1918 3104 2347 3190 ingeniosum,
2386 3107 2558 3172 face-

506 3207 664 3260 tum.
752 3215 880 3278 quo
934 3217 1170 3280 genere
1214 3218 1344 3260 non
1387 3197 1580 3262 modo
1621 3197 1897 3264 Plautus
1941 3210 2158 3266 noster
2200 3211 2263 3266 et
2306 3201 2557 3266 Attico-

504 3313 648 3354 rum
684 3288 946 3372 antiqua
981 3289 1340 3368 comoedia,
1386 3291 1499 3356 sed
1543 3292 1739 3358 etiam
1768 3293 2290 3378 philosophorum
2326 3294 2556 3360 Socra·—

505 3382 778 3448 ticorum
836 3383 985 3448 libri
1041 3382 1258 3448 referti
1320 3396 1468 3450 sunt
1479 3371 1889 3472 ,Kmultaque
1952 3387 2297 3450 multorum
2350 3387 2555 3454 facete

505 3477 705 3554 dicta,
757 3488 830 3542 ut
883 3500 987 3554 ea,
1043 3493 1210 3560 quae
1254 3501 1294 3542 a
1337 3501 1488 3545 sene
1533 3477 1783 3545 Catone
1826 3480 2115 3546 conlecta
2159 3491 2335 3556 sunt,
2389 3502 2556 3567 quae

505 3583 740 3638 vocant
803 3567 1322 3658 ἀποφθέγματα.
1426 3573 1630 3639 facilis
1693 3573 1890 3660 igitur
1941 3585 2039 3640 est
2090 3574 2407 3638 distinctio
2460 3574 2557 3640 in-

505 3665 701 3753 genui
738 3677 802 3732 et
835 3666 1178 3731 inliberalis
1212 3667 1364 3733 ioci:
1402 3667 1562 3733 alter
1597 3679 1713 3745 est,
1752 3668 1805 3732 si
1838 3672 1907 3734 in
1942 3680 2227 3752 tempore
2264 3668 2336 3732 fit
2362 3678 2473 3733 aut
2502 3669 2555 3733 si

506 3761 768 3825 remisso
823 3761 1066 3838 anime,
1118 3785 1341 3846 mayno
1396 3761 1653 3828 homine
1706 3762 1969 3848 dignus,
2025 3763 2185 3827 alter
2226 3785 2307 3826 ne
2352 3761 2553 3827 libero

505 3854 795 3936 quidem,
851 3855 905 3918 si
955 3878 1170 3922 rerum
1222 3854 1600 3941 turpitudini
1655 3857 1995 3922 adhibetur
2046 3855 2389 3921 verborum
2441 3857 2556 3920 ob-

506 3946 800 4012 scenitas.
886 3948 1148 4014 ludendi
1191 3951 1382 4017 etiam
1425 3963 1522 4017 est
1573 3948 1837 4036 quidam
1890 3949 2118 4017 modus
2164 3951 2551 4028 retinendus,

509 4053 578 4105 ut
631 4063 713 4106 ne
763 4041 950 4108 nimis
1003 4043 1217 4110 omnia
1266 4046 1731 4132 profundamus
1785 4047 2062 4137 elatique
2116 4047 2441 4130 voluptate
2486 4047 2552 4112 in
