3292 4559
1030 226 1138 282 DE
1175 223 1505 282 OFFICHS
1541 225 1648 282 ΙΙΙ.
1688 225 1961 282 95-100.
2400 209 2523 276 107

457 351 814 420 mulatione
847 348 1424 437 perseveravisset?
1467 348 1602 433 qui,
1637 371 1787 414 eum
1822 346 2137 414 maximas
2170 369 2274 414 res
2308 367 2527 434 gesse-

457 449 548 514 rit
579 446 648 516 in
684 448 872 523 bello,
909 456 1127 510 tamen
1159 443 1322 510 haec
1358 441 1590 511 audiat·
1613 442 1699 508 ab
1730 441 1967 509 Aiace.-

809 581 990 647 cuius
1024 579 1164 665 ipse
1195 579 1497 666 princeps
1531 580 1689 644 iuris
1722 577 1977 645 iurandi
2010 577 2155 654 fuit,

809 673 985 759 quod
1019 695 1239 738 omnes
1275 671 1470 752 scitis,
1507 675 1680 739 solus
1713 671 2001 760 neglexit
2030 671 2259 739 fidem:

808 765 1022 834 furere
1059 767 1462 845 adsimulare,
1493 789 1580 834 ne
1617 767 1834 844 coiret,
1870 766 2118 831 institit.

811 861 986 950 quod
1013 860 1088 925 ni
1123 857 1460 926 Palamedi
1494 860 1834 946 perspicax
1866 857 2213 946 prudentia

807 953 994 1019 istius
1026 965 1363 1039 percepset
1393 953 1782 1018 malitiosam
1820 951 2177 1030 audaciam,

813 1047 940 1114 fide
969 1057 1260 1114 sacratae
1293 1046 1396 1112 ius
1431 1059 1742 1133 perpetuo
1774 1045 2047 1112 falleret.

459 1195 564 1261 illi
625 1214 780 1260 vero
839 1215 972 1258 non
1018 1192 1216 1258 modo
1273 1211 1421 1258 cum
1473 1191 1799 1269 hostibus,
1860 1213 2086 1260 verum
2138 1191 2333 1258 etiam
2384 1209 2533 1256 cum
2566 1218 2617 1269 9⁹

459 1287 800 1366 fluctibus,
835 1286 904 1352 id
935 1287 1116 1372 quod
1150 1286 1324 1364 fecit,
1360 1286 1667 1360 dimicare
1696 1287 1929 1354 melius
1962 1285 2089 1352 fuit
2120 1308 2317 1371 quam
2352 1285 2534 1352 dese-
2652 1355 2657 1362 ,

460 1405 612 1448 rere
661 1382 1168 1450 consentientem
1211 1379 1556 1448 Graeciam
1607 1381 1695 1446 ad
1747 1382 1989 1447 bellum
2032 1380 2325 1448 barbaris
2366 1380 2533 1446 infe-

460 1476 762 1542 rendum.
849 1475 968 1542 sed
1005 1475 1378 1542 omittamus
1427 1485 1492 1541 et
1535 1475 1796 1544 fabulas
1835 1487 1899 1542 et
1933 1488 2223 1542 externa:
2279 1475 2363 1542 ad
2390 1498 2534 1548 rem

460 1572 710 1636 tactam
743 1581 1156 1654 nostramque
1189 1571 1542 1636 veniamus.
1619 1571 1726 1636 M.
1762 1571 2003 1638 Atilius
2036 1569 2350 1656 Regula,
2378 1591 2535 1636 cum

463 1665 695 1730 consul
747 1664 982 1730 iterum
1024 1664 1095 1728 in
1146 1663 1378 1730 Africa
1430 1683 1512 1730 ex
1561 1663 1810 1730 insidiis
1861 1674 2089 1749 eaptus
2152 1673 2321 1743 esset
2369 1661 2533 1728 duce

462 1757 854 1844 Xanthippo
892 1757 1432 1835 Laoedaemonio,
1468 1758 1852 1844 imperatore
1886 1768 2105 1824 autem
2140 1767 2323 1842 patre
2346 1756 2535 1820 Han-

460 1851 702 1916 nibalis
745 1851 1150 1938 Hamilcare,
1201 1851 1449 1916 iuratus
1502 1853 1738 1918 missus
1792 1861 1891 1918 est
1940 1852 2024 1918 ad
2068 1862 2390 1928 senatum,
2441 1861 2533 1927 ut,

460 1946 596 2010 nisi
628 1945 860 2010 redditi
893 1956 1110 2012 essent
1139 1945 1380 2012 Poenis
1417 1947 1659 2032 captivi
1690 1947 1937 2012 nobiles
1973 1947 2265 2031 quidam,
2298 1945 2537 2010 rediret

460 2042 608 2127 ipse
660 2039 1155 2128 Karthaginem.
1243 2040 1300 2105 is
1352 2061 1502 2108 eum
1551 2040 1833 2106 Romam
1884 2041 2193 2119 venisset,
2246 2038 2535 2126 utilitatis

463 2133 752 2220 speciem
795 2133 1084 2212 videbat,
1129 2134 1245 2199 sed
1295 2157 1470 2213 eam,
1503 2146 1580 2200 ut
1609 2158 1714 2202 res
1750 2135 2060 2213 declarat,
2102 2134 2339 2200 falsam
2369 2129 2537 2199 iudi-

463 2229 670 2306 cavit3
706 2248 873 2313 quae
909 2240 1048 2294 erat
1079 2229 1252 2294 talis:
1289 2251 1549 2296 manere
1582 2230 1654 2294 in
1687 2230 1913 2316 patria,
1952 2251 2093 2298 esse
2131 2228 2358 2294 domui
2382 2249 2537 2294 suae

465 2348 624 2392 cum
657 2347 880 2402 uxore,
915 2347 1066 2390 cum
1098 2325 1320 2392 liberis
1329 2371 1352 2403 ,
1390 2347 1588 2410 quam
1621 2326 2053 2392 calamitatem
2086 2323 2438 2411 accepisset
2470 2324 2539 2388 in

463 2419 644 2484 bello
657 2467 676 2497 ,
739 2441 1145 2485 communem
1209 2419 1508 2486 fortunae
1559 2419 1829 2486 bellicae
1880 2420 2269 2486 iudicantem
2320 2429 2538 2485 tenere

465 2514 828 2582 consularis
874 2514 1204 2600 dignitatis
1237 2514 1536 2600 gradum.
1626 2515 1771 2600 quis
1810 2515 1979 2582 -haec
2010 2524 2207 2600 negat
2240 2535 2379 2580 esse
2403 2511 2540 2580 uti-

463 2609 597 2674 lia?
645 2629 843 2692 quem
888 2609 1151 2697 censes?
1201 2608 1580 2694 magnitudo
1627 2610 1825 2676 animi
1870 2620 1937 2676 et
1978 2607 2287 2674 fortitudo
2320 2617 2537 2694 negat.

464 2725 631 2767 num
695 2702 1140 2788 locupletiores
1203 2703 1460 2787 quaeris
1522 2704 1855 2768 auctores?
1925 2703 2156 2768 harum
2212 2701 2390 2766 enim
2442 2710 2540 2766 est
2566 2683 2643 2797 1²0}

466 2796 782 2860 virtutum
816 2796 1150 2880 proprium
1185 2796 1346 2860 nihil
1382 2794 1819 2873 extimescere,
1856 2795 2072 2860 omnia
2111 2796 2394 2859 humana
2430 2793 2541 2858 de·-

469 2888 754 2973 spicere,
797 2886 957 2951 nihil
1002 2888 1177 2970 quod
1223 2887 1467 2953 homini
1509 2888 1801 2955 accidere
1835 2888 2038 2974 possit
2070 2885 2540 2952 intolerandum

467 2991 724 3067 putare.
810 2979 1028 3062 itaque
1077 2980 1235 3063 quid
1278 2981 1470 3046 fecit?
1539 2982 1608 3045 in
1653 2992 1949 3048 senatum
1990 2980 2194 3058 venit,
2238 2979 2542 3045 mandata

471 3072 805 3158 exposuit,
869 3073 1255 3140 sententiam
1305 3097 1390 3142 ne
1443 3075 1686 3144 diceret
1735 3074 2085 3153 recusavit,
2150 3081 2377 3160 ‘quam
2428 3073 2541 3140 diu

468 3169 617 3234 iure
658 3167 930 3232 iurando
973 3167 1256 3234 hostium
1297 3179 1652 3248 teneretur,
1694 3192 1827 3236 nen
1862 3192 2001 3236 esse
2032 3192 2107 3236 se
2136 3168 2539 3237 senatorem'

471 3274 672 3345 atque
708 3262 870 3328 illud
901 3262 1099 3328 etiam
1129 3297 1250 3341 --,
1297 3271 1366 3328 ‘o
1401 3264 1665 3330 stultum
1698 3264 2055 3330 hominem’
2100 3263 2335 3330 dixerit
2362 3264 2542 3348 quis-

470 3357 652 3442 piam
703 3361 798 3421 ‘et
843 3367 1316 3442 repugnantem
1359 3358 1621 3424 utilitati
1667 3380 1821 3424 suae
1835 3356 1851 3422 1
1865 3359 1881 3386 '
1916 3391 2007 3404 ——
2037 3357 2221 3427 reddi
2246 3357 2541 3442 captivos

470 3449 742 3536 negavit
785 3471 926 3516 esse
973 3451 1160 3528 utile3
1205 3451 1349 3518 illos
1395 3452 1566 3518 enim
1598 3451 2027 3520 adulescentis
2058 3473 2204 3516 esse
2240 3460 2305 3516 et
2337 3450 2542 3516 bonos

474 3545 708 3622 duoes,
753 3567 826 3610 se
859 3545 989 3610 iam
1027 3544 1394 3612 confectum
1429 3556 1785 3612 senectute:
1839 3546 2020 3612 cuius
2051 3566 2205 3610 cum
2238 3542 2544 3610 valuisset

475 3638 822 3704 auctoritas
835 3688 855 3717 ,
891 3639 1128 3726 captivi
1161 3641 1394 3706 retenti
1423 3651 1608 3718 sunt,
1652 3641 1793 3726 ipse
1826 3640 2300 3726 Karthaginem
2333 3636 2541 3712 rediit,

475 3753 688 3815 neque
734 3755 883 3800 eum
926 3735 1158 3801 caritas
1203 3735 1452 3820 patriae
1495 3735 1763 3802 retinuit
1805 3757 1927 3804 nee
1962 3753 2243 3800 suanm.
2329 3749 2543 3816 neque

476 3847 634 3892 vero
678 3839 816 3892 tum
858 3829 1202 3916 ignorabat
1244 3852 1318 3896 se
1362 3829 1448 3896 ad
1497 3829 2013 3899 crudelissimum
2054 3828 2305 3894 hostem
2352 3837 2417 3894 et
2459 3823 2545 3890 ad

481 3921 797 4004 exquisita
843 3923 1160 4009 supplicia
1203 3924 1550 4011 proficisci,
1595 3924 1711 3991 sed
1757 3923 1858 3990 ius
1903 3923 2245 3990 iurandum
2289 3941 2545 3988 conser-

480 4016 768 4082 vandum
801 4019 1090 4104 putabat.
1169 4019 1390 4106 itaque
1426 4031 1588 4098 tum,
1623 4042 1774 4086 cum
1808 4017 2137 4106 vigilando
2170 4017 2541 4094 necabatur,
