3292 4559
780 314 864 379 38
1389 324 1466 377 Μ.
1506 320 1780 378 TULLII
1815 317 2218 377 CICERONIS

780 440 985 507 mines
1032 442 1081 506 a'
1116 440 1280 517 deis,
1330 438 1444 503 sed
1495 438 1619 524 ipsi
1673 436 1774 503 dei
1818 436 1984 501 inter
2034 456 2102 499 se
2156 434 2240 498 ab
2285 433 2424 499 aliis
2459 432 2566 498 alii
2616 437 2834 524 negle-

678 542 749 596 44
783 538 1037 612 gantur.
1098 535 1337 610 quanto
1376 523 1580 589 Stoici
1612 524 1840 588 melius
1854 569 1871 598 ,
1920 520 2032 605 qui
2068 544 2107 583 a
2142 519 2325 584 vobis
2359 520 2834 605 reprehendun-

782 612 913 677 tur!
980 626 1240 677 censent
1292 620 1510 675 autem
1562 608 1866 695 sapientis
1917 605 2310 691 sapientibus
2362 606 2556 670 etiam
2599 608 2832 693 ignotis

782 720 921 762 esse
982 698 1220 762 amicos
1232 720 1250 773 3
1309 695 1469 759 nihil
1530 706 1627 761 est
1687 694 1857 759 enim
1921 692 2152 755 virtute
2213 691 2576 771 amabilius,
2641 716 2832 777 quam

782 783 893 865 qui
956 783 1225 867 adeptus
1289 781 1447 857 erit,
1509 780 1902 863 ubicumquc
1969 776 2090 842 erit
2158 776 2474 862 gentium,
2547 802 2588 843 a
2647 779 2832 843 nobis

681 889 757 929 122
784 866 1104 953 diligetur.
1192 888 1307 933 vos
1354 878 1567 931 autem
1612 865 1766 949 quid
1799 864 1953 929 mali
1989 862 2181 938 datis,
2237 883 2382 927 cum
2423 866 2493 925 in
2527 863 2835 930 inbecilli-

782 963 913 1018 tate
960 952 1489 1039 gratificationem
1540 962 1607 1017 et
1659 947 2170 1016 benevolentiam
2220 947 2483 1033 ponitis!
2539 961 2612 1014 ut
2665 951 2835 1015 enim

784 1038 1071 1103 omittam
1122 1038 1254 1103 vim
1300 1047 1364 1102 et
1407 1048 1706 1101 naturam
1751 1036 2046 1109 deorum,
2097 1055 2180 1099 ne
2233 1032 2521 1097 homines
2573 1035 2836 1119 quidem

783 1124 1085 1201 censetis,
1128 1124 1253 1188 nisi
1285 1122 1565 1187 inbecilli
1600 1132 1841 1197 essent,
1885 1120 2136 1185 futuros
2181 1116 2500 1183 beneficos
2547 1132 2612 1187 et
2654 1121 2838 1187 beni-

782 1231 946 1295 gnos
982 1208 1219 1274 fuisse?
1254 1208 1431 1273 nulla
1466 1220 1565 1273 est
1600 1208 1835 1272 caritas·
1863 1204 2172 1271 naturalis
2205 1204 2371 1270 inter
2405 1205 2647 1271 bonos?
2700 1212 2838 1271 ‘ca-

782 1293 957 1359 rum’
994 1294 1208 1379 ipsum
1246 1294 1513 1361 verbum
1548 1303 1645 1357 est
1681 1292 1935 1368 amoris,
1972 1314 2053 1357 ex
2086 1311 2216 1373 quo
2253 1290 2567 1357 amicitiae
2601 1314 2838 1357 nomen

784 1390 881 1444 est
918 1378 1202 1457 ductum,
1239 1399 1434 1462 quam
1469 1378 1524 1443 si
1560 1378 1643 1443 ad
1679 1378 1959 1443 fructum
1986 1388 2276 1441 nostrum
2301 1374 2670 1453 referemus,
2705 1398 2839 1442 non
2925 1456 2936 1465 ῃ

783 1463 865 1528 ad
894 1464 1064 1529 illius
1093 1464 1447 1541 commoda,
1484 1486 1680 1547 quem
1707 1463 2052 1548 diligimus,
2086 1482 2216 1526 non
2244 1461 2361 1526 erit
2387 1464 2509 1528 ista
2535 1463 2839 1539 amicitia,

782 1548 897 1615 sed
930 1560 1291 1614 mercatura
1317 1550 1634 1632 quaedam
1663 1548 2010 1614 utilitatum
2047 1568 2324 1611 suarum.
2378 1558 2564 1635 prata
2591 1559 2654 1613 et
2682 1571 2840 1614 arva

784 1646 849 1701 et
893 1634 1214 1721 pecudum
1260 1658 1492 1721 greges
1540 1634 1897 1721 diliguntur
1939 1634 2060 1699 isto
2097 1633 2317 1709 mode,
2371 1633 2545 1715 quod
2584 1634 2839 1699 fructus

784 1742 865 1785 ex
907 1720 985 1785 iis
1033 1720 1396 1805 capiuntur:
1450 1719 1782 1785 hominum
1828 1718 2056 1785 caritas
2111 1727 2176 1782 et
2227 1718 2504 1783 amicitia
2553 1720 2840 1803 gratuita

784 1817 911 1882 est3
948 1816 1189 1889 quanto
1222 1806 1420 1891 igitur
1452 1806 1661 1891 magis
1699 1800 1984 1881 deorum,
2021 1804 2132 1887 qui
2163 1802 2342 1867 nulla
2375 1825 2444 1869 re
2481 1815 2746 1888 egentes
2776 1815 2839 1869 et

780 1892 947 1955 inter
990 1914 1060 1955 se
1106 1890 1381 1976 diligunt
1424 1901 1488 1957 et
1531 1890 1897 1956 hominibus
1943 1888 2302 1954 consulunt.
2399 1890 2574 1973 quod
2624 1890 2695 1954 ni
2747 1890 2840 1954 ita

783 1976 885 2053 sit,
920 1976 1077 2059 quid
1103 1998 1501 2053 veneramur,
1537 1977 1694 2059 quid
1717 1998 2055 2062 precamur
2089 1974 2279 2040 deos?
2315 1997 2432 2040 cur
2455 1975 2648 2041 sacris
2673 1996 2838 2061 ponf-

783 2062 1014 2139 tifices,
1068 2083 1183 2126 cur
1224 2062 1523 2147 auspiciis
1566 2086 1651 2127 au
1701 2085 1847 2127 ures
1891 2060 2233 2147 praesunt?
2276 2060 2431 2145 quid
2466 2071 2762 2145 optamus
2799 2082 2838 2123 a

783 2147 918 2211 deis
976 2147 1456 2214 inmortalibus?
1527 2147 1638 2231 qui
1744 2146 2090 2211 vovemus?
2157 2155 2226 2209 at
2277 2146 2469 2210 etiam
2526 2145 2688 2210 liber
2743 2157 2839 2210 est

681 2260 755 2301 123
782 2230 1051 2317 Epicuri
1095 2232 1175 2296 de
1220 2231 1574 2297 sanctitate.
1672 2231 1956 2295 ludimur
1990 2230 2073 2293 ab
2116 2228 2371 2293 homine
2405 2251 2536 2293 non
2572 2240 2704 2294 tam
2739 2231 2840 2294 fa-

784 2328 923 2382 ceto
986 2337 1181 2400 quam
1234 2318 1316 2385 ad
1379 2317 1698 2383 scribendi
1756 2314 2078 2381 licentiam
2141 2314 2373 2390 liber03
2435 2336 2600 2396 quae
2661 2316 2839 2379 enim

782 2412 995 2488 potest
1036 2424 1177 2468 esse
1224 2404 1555 2479 sanctitas,
1608 2403 1663 2466 si
1709 2401 1813 2466 dei
1855 2400 2136 2463 humana
2177 2420 2307 2462 non
2351 2399 2615 2463 curant?
2667 2422 2839 2482 quae

784 2497 997 2552 autem
1050 2489 1337 2554 animans
1390 2498 1619 2553 natura
1671 2485 1828 2549 nihil
1883 2506 2110 2549 curans
2119 2483 2160 2567 ’.ἦ
2211 2482 2421 2547 verius
2479 2494 2576 2549 est
2637 2485 2840 2571 igitur
2889 2490 2895 2495 ⁴

780 2574 1080 2639 nimirum
1114 2574 1299 2651 illud,
1347 2574 1519 2657 quod
1554 2570 1882 2635 familiaris
1919 2569 2200 2633 omnium
2237 2578 2526 2633 nostrum
2558 2569 2838 2635 Posido-

779 2660 923 2725 nius
973 2658 1269 2725 disseruit
1312 2659 1381 2723 in
1412 2658 1575 2721 libro
1625 2656 1846 2737 quinto
1883 2652 1964 2717 de
2013 2662 2242 2718 natura
2285 2654 2579 2730 deorum,
2622 2656 2835 2720 nullos

781 2768 920 2811 esse
955 2746 1109 2810 deos
1126 2744 1407 2828 Epicuro
1442 2741 1663 2815 videri,
1700 2759 1993 2821 quaeque
2026 2738 2082 2802 is
2113 2738 2192 2803 de
2219 2740 2354 2805 deis
2389 2740 2835 2805 inmortalibus

781 2830 1038 2905 dixerit,
1090 2828 1366 2891 invidiae
1401 2824 1812 2889 detestandae
1846 2823 2054 2909 gratia
2092 2823 2356 2890 dixisset
2408 2846 2618 2909 neque
2661 2827 2835 2890 enim

778 2926 911 2977 tam
946 2911 1263 2996 desipiens
1297 2910 1553 2987 fuisset,
1588 2919 1663 2973 ut
1696 2909 2067 2973 homunculi
2101 2909 2370 2976 similem
2405 2912 2597 2977 deum
2629 2911 2838 2997 finge-

776 3012 902 3072 ret,
956 2995 1340 3059 liniamentis
1384 2993 1539 3058 dum
1574 3004 1754 3058 taxat
1798 2996 2128 3072 extremis,
2181 3018 2310 3061 non
2344 2996 2568 3061 habitu
2605 2995 2832 3073 solido,

776 3080 1078 3145 membris
1131 3079 1404 3143 hominis
1446 3078 1808 3165 praeditum
1851 3080 2176 3158 omnibus,
2229 3104 2354 3145 usu
2398 3081 2834 3147 membrorum

777 3188 859 3229 ne
894 3164 1154 3229 minimo
1198 3164 1489 3249 quidem,
1538 3165 1771 3231 exilem
1815 3165 2137 3250 quendam
2183 3178 2377 3250 atque
2411 3164 2835 3251 perlucidum,

694 3328 699 3332 Δ
776 3250 933 3314 nihil
987 3250 1287 3333 cuiquam
1347 3249 1761 3328 tribuentem,
1825 3251 1983 3315 nihil
2033 3252 2496 3337 gratificantem
2547 3250 2833 3327 omnine,

776 3336 935 3400 nihil
988 3346 1344 3413 curantem,
1407 3334 1567 3401 nihil
1618 3346 1936 3422 agentem.
2041 3358 2206 3422 quae
2265 3346 2496 3399 natura
2552 3334 2832 3421 primum

776 3422 953 3485 nulla
982 3442 1119 3485 esse
1153 3431 1382 3505 potest,
1416 3420 1609 3504 idque
1637 3422 1862 3488 videns
1880 3421 2200 3507 Epicurus
2227 3443 2296 3485 re
2329 3419 2512 3497 tollit,
2548 3419 2832 3485 oratione

674 3524 755 3563 124
776 3506 1079 3589 relinquit
1114 3505 1286 3571 deos.
1356 3505 1587 3572 deinde
1622 3508 1678 3571 si
1711 3508 1988 3573 maxime
2023 3506 2166 3571 talis
2202 3516 2300 3569 est
2334 3504 2514 3583 deus,
2547 3514 2622 3569 ut
2652 3506 2832 3570 nulla

776 3592 1008 3677 gratia,
1071 3591 1248 3655 nulla
1297 3591 1629 3657 hominum
1683 3592 1944 3658 caritate
1995 3601 2316 3667 teneatur,
2369 3591 2580 3655 valeat
2592 3614 2611 3668 3
2675 3590 2834 3674 quid

778 3676 947 3739 enim
992 3674 1201 3740 dicam
1252 3678 1591 3765 ‘propitius
1644 3678 1827 3743 sitl'?
1879 3699 2017 3743 esse
2054 3676 2224 3746 enim
2311 3675 2576 3776 ropitius
2621 3684 2830 3759 potest

776 3758 1045 3837 nemini,
1089 3762 1419 3844 quoniam,
1463 3774 1537 3828 ut
1570 3763 1807 3841 dicitis,
1855 3761 2058 3827 omnis
2091 3762 2161 3826 in
2194 3761 2261 3825 in
2309 3760 2600 3827 eclllitate
2635 3770 2734 3825 est
2765 3769 2830 3825 et

776 3843 983 3928 gratia
1019 3856 1081 3911 et
1118 3846 1387 3913 caritas.’

1592 4046 2016 4059 Ἥ
