3292 4559
1056 271 1163 338 DE
1197 265 1721 327 DIVINATIONE
1756 267 1803 321 Ι.
1841 265 2010 321 1-5,
2441 252 2564 318 125

497 413 565 466 ut
601 394 968 466 certissimis
1003 392 1222 480 signis,
1260 392 1570 478 declarari
1602 415 1707 459 res
1744 390 1994 458 futuras
2028 399 2277 476 putant.
2369 412 2564 475 quam
2606 409 2631 450 s

497 515 652 560 vero
683 490 965 560 Graecia
1000 488 1314 554 coloniam
1350 485 1524 552 misit
1554 488 1622 551 in
1647 486 1969 561 Aeoliam,
2004 484 2277 563 Ioniam,
2310 484 2562 563 Asiam,

499 587 810 664 Siciliam,
843 583 1101 650 Italiam
1137 582 1276 648 sine
1302 581 1542 668 Pythio
1571 591 1684 647 aut
1709 579 2068 646 Dodonaeo
2104 590 2218 644 aut
2249 580 2565 646 Hammo—

496 684 598 748 nis
634 679 934 748 oraculo?
967 689 1082 746 aut
1115 678 1291 764 quod
1308 678 1567 752 ¹bellum
1604 687 1976 764 susceptum
2010 677 2095 742 ab
2131 699 2209 742 ea
2242 676 2379 743 sine
2415 699 2565 742 con-

497 776 642 844 silio
678 775 947 842 deorum
981 773 1118 843 est?
1375 773 1516 840 Nec
1549 795 1753 839 unum
1786 793 1991 858 genus
2029 783 2127 837 est
2162 770 2563 838 divinationis
2599 780 2633 834 2

499 870 758 958 publice
802 866 1232 956 privatimque
1269 867 1693 944 celebratum3
1739 887 1891 932 nam
1898 911 1919 942 ,
1964 876 2037 931 ut
2072 865 2363 931 omittam
2397 879 2567 934 cete-

500 986 608 1030 ros
653 963 958 1050 populos,
1009 971 1227 1027 noster
1270 981 1468 1046 quam
1511 961 1716 1029 multa
1760 981 1999 1046 genera
2041 960 2391 1046 conplexus
2438 960 2563 1026 estl

501 1055 813 1144 principio
859 1054 1051 1121 huius
1096 1055 1274 1121 urbis
1316 1077 1548 1142 parens
1583 1055 1898 1122 Romulus
1941 1075 2073 1120 non
2108 1054 2317 1120 solum
2349 1055 2566 1142 auspi-

503 1161 646 1215 cato
699 1149 925 1216 urbem
978 1148 1369 1226 condidisse,
1424 1149 1541 1215 sed
1581 1149 1723 1234 ipse
1769 1148 1963 1216 etiam
2007 1158 2305 1235 optumus
2358 1171 2567 1235 augur

501 1243 699 1310 fuisse
736 1242 1008 1309 traditur
1016 1267 1036 1321 ;
1082 1242 1314 1309 deinde
1349 1243 1707 1329 auguribus
1743 1253 1807 1309 et
1840 1243 2069 1328 reliqui
2104 1265 2289 1330 reges
2324 1243 2454 1320 usi,
2501 1253 2566 1310 et

501 1339 745 1406 exactis
778 1334 1043 1425 regibus
1078 1337 1236 1404 nihil
1270 1337 1528 1424 publice
1576 1337 1715 1402 sine
1750 1337 2049 1424 auspiciis
2082 1360 2203 1404 nec
2237 1337 2412 1402 domi
2443 1359 2565 1404 nec

499 1433 764 1500 militiae
797 1433 1162 1520 gerebatur.
1252 1443 1526 1516 cumque
1561 1453 1800 1518 magna
1834 1432 1931 1498 vis
1967 1432 2293 1498 videretur
2326 1455 2467 1500 esse
2504 1443 2569 1497 et

501 1527 916 1616 inpetriendis
960 1526 1496 1610 consulendisque
1547 1527 1743 1592 rebus
1797 1538 1860 1592 et
1912 1525 2209 1592 monstris
2258 1527 2567 1612 interpre-

503 1621 712 1688 tandis
749 1643 828 1688 ac
868 1621 1287 1707 procurandis
1330 1620 1402 1684 in
1443 1618 1858 1706 haruspicum
1904 1620 2267 1707 disciplina,
2313 1642 2567 1686 omnem

502 1716 670 1782 hanc
713 1738 796 1781 ex
840 1714 1103 1781 Etruria
1145 1713 1481 1781 scientiam
1533 1714 1953 1793 adhibebant,
2004 1738 2087 1782 ne
2139 1737 2345 1800 genus
2400 1724 2569 1782 esset

502 1810 707 1876 ullum
753 1809 1157 1876 divinationis
1202 1809 1377 1895 quod
1419 1809 1787 1895 neglectum
1820 1808 1904 1874 ab
1946 1809 2025 1874 iis
2071 1808 2413 1876 videretur.
2504 1819 2569 1874 et
2609 1823 2637 1864 Δ·

505 1925 655 1968 cum
697 1902 950 1967 duobus
993 1903 1202 1969 modis
1247 1902 1444 1968 animi
1490 1901 1626 1969 sine
1672 1901 1917 1968 ratione
1962 1914 2028 1970 et
2079 1901 2345 1968 scientia
2386 1913 2568 1968 motu

502 1997 628 2084 ipsi
661 2017 780 2062 suo
817 1996 1023 2061 soluto
1059 2008 1124 2064 et
1155 1997 1357 2062 libero
1390 1997 1825 2072 incitarentur,
1860 2017 1989 2062 uno
2024 1996 2330 2074 furentes,
2366 1997 2567 2062 altero

505 2091 928 2166 somniantes,
971 2091 1205 2158 furoris
1243 2092 1699 2159 divinationem
1736 2090 2070 2178 Sibyllinis
2112 2091 2390 2158 maxime
2425 2113 2567 2158 ver-

511 2184 689 2250 sibus
719 2184 1028 2251 contineri
1062 2184 1348 2252 arbitrati
1377 2209 1600 2254 eorum
1627 2187 1850 2253 decem
1874 2187 2249 2273 interpretes
2288 2185 2567 2253 delectos

507 2303 544 2344 e
588 2279 844 2346 civitate
889 2303 1027 2347 esse
1071 2281 1440 2360 voluerunt3
1494 2305 1577 2351 ex
1620 2303 1751 2367 quo
1785 2304 2022 2370 genere
2056 2303 2248 2368 saepe
2294 2280 2570 2348 hariolo-

507 2395 652 2438 rum
697 2373 892 2439 etiam
927 2386 992 2441 et
1035 2388 1257 2442 vatum
1303 2375 1683 2442 furibundas
1719 2376 2215 2464 praedictiones,
2258 2387 2333 2442 ut
2367 2371 2571 2443 Octa-

506 2469 695 2535 viano
733 2468 900 2536 bello
938 2467 1224 2537 Cornelii
1260 2468 1566 2550 Culleoli,
1603 2472 1955 2539 audiendas
1989 2481 2397 2558 putaverunt.
2449 2493 2571 2538 nec

507 2584 656 2628 vero
691 2564 941 2630 somnia
971 2565 1292 2652 graviora,
1328 2566 1384 2631 si
1411 2587 1576 2652 quae
1605 2566 1689 2632 ad
1723 2589 1861 2633 rem
1894 2565 2219 2653 publicam
2252 2566 2569 2676 pertinere

507 2657 646 2724 visa
687 2669 867 2736 sunt,
920 2681 962 2726 a
995 2682 1248 2726 summo
1294 2661 1558 2726 consilio
1604 2662 1899 2748 neglecta
1941 2671 2120 2727 sunt:
2174 2661 2331 2745 quin
2376 2659 2570 2726 etiam

505 2751 814 2818 memoria
845 2765 1066 2820 nostra
1110 2756 1422 2841 templum
1456 2755 1723 2822 Iunonis
1761 2754 2058 2842 Sospitae
2093 2754 2175 2819 L.
2195 2754 2421 2833 Iulius,
2458 2753 2570 2838 qui

505 2869 656 2912 cum
689 2846 770 2914 P.
806 2847 1052 2914 Rutilio
1093 2851 1319 2914 consul
1361 2849 1486 2915 fuit
1497 2895 1516 2926 ,
1568 2849 1651 2915 de
1696 2860 1953 2918 senatus
1990 2849 2302 2916 sententia
2346 2847 2569 2914 refecit

507 2960 588 3008 ex
625 2939 968 3018 Caeciliae,
1003 2941 1306 3010 Baliarici
1339 2944 1541 3020 filiae,
1577 2945 1849 3010 somnio.

636 3036 858 3118 Atque
904 3033 1096 3112 haec,
1148 3047 1222 3102 ut
1264 3058 1399 3148 ego·
1435 3037 1737 3115 arbitror,
1792 3049 2039 3104 veteres
2090 3061 2305 3106 rerum
2360 3037 2637 3137 magis5
2602 3023 2637 3078 3

503 3128 753 3196 eventis
788 3127 1014 3194 moniti
1049 3149 1246 3214 quam
1279 3131 1526 3198 ratione
1564 3131 1738 3198 docti
1778 3132 2243 3219 probaverunt3
2288 3133 2569 3221 philoso-

504 3225 782 3312 phorum
832 3245 985 3289 vero
1047 3225 1366 3309 exquisita
1417 3226 1735 3310 quaedam
1798 3239 2179 3314 argumenta
2229 3251 2344 3294 cur
2404 3239 2572 3294 esset

508 3339 662 3382 vera
697 3317 1002 3384 divinatio
1038 3319 1328 3386 conlecta
1361 3331 1538 3398 sunt,
1574 3344 1610 3388 e
1647 3321 1913 3406 quibus,
1957 3332 2032 3388 ut
2066 3322 2147 3388 de
2182 3321 2569 3406 antiquissu-

509 3409 631 3475 mis
689 3411 944 3497 loquar,
1001 3409 1442 3500 Colophonius
1493 3414 1935 3503 Xenophanes
1988 3439 2185 3492 unus,
2247 3414 2363 3500 qui
2414 3415 2567 3480 deos

505 3527 649 3573 esse
683 3505 952 3584 diceret,
988 3507 1446 3576 divinationem
1480 3509 1772 3578 funditus
1807 3511 2091 3588 sustulit,
2136 3508 2369 3594 reliqui
2414 3531 2569 3576 vero

509 3621 730 3666 omnes
764 3613 1016 3688 praeter
1035 3599 1394 3690 Epicurum
1429 3604 1891 3674 balbutientem
1924 3605 2005 3672 de
2038 3614 2269 3670 natura
2302 3603 2569 3670 deorum

507 3694 966 3765 divinationem
999 3697 1456 3783 probaverunt,
1493 3699 1609 3766 sed
1642 3721 1774 3766 non
1808 3721 1938 3766 uno
1974 3699 2195 3766 modo:
2232 3721 2384 3762 nam
2420 3719 2569 3762 cum

509 3788 811 3858 Socrates
855 3812 1206 3880 omnesque
1255 3792 1572 3860 Socratici
1616 3794 1924 3880 Zenoque
1966 3805 2032 3860 et
2074 3793 2152 3870 ii,
2204 3792 2316 3877 qui
2360 3791 2443 3856 ab
2490 3813 2567 3858 eo

508 3893 724 3948 essent
767 3883 1069 3970 profecti,
1113 3897 1446 3955 manerent
1479 3886 1548 3954 in
1593 3888 2013 3972 antiquorum.
2042 3884 2568 3973 philosophorum

512 3980 854 4058 sententia,
891 3979 1092 4048 veteri
1117 3981 1511 4051 Academiae
1536 3981 1983 4070 Peripateticis
2009 3980 2566 4056 consentientibus,

510 4092 787 4156 cumque
829 4072 980 4138 huic
1025 4073 1118 4140 rei
1162 4097 1466 4164 magnam
1513 4076 1955 4142 auctoritatem
1989 4075 2395 4164 Pythagoras
2439 4077 2569 4142 iam
