3292 4559
1010 213 1117 266 DE
1150 213 1253 269 RE
1287 187 1629 273 PUBLIOA
1663 214 1772 270 ιιι.
1805 215 2045 272 22-27.
2189 221 2196 236 ·
2426 203 2552 282 211

492 339 646 415 lere,
682 358 983 422 regnare,
1022 336 1366 414 dominari3
1418 337 1664 403 iustitia
1699 350 1916 405 autem
1948 337 2260 426 praecipit
2293 361 2554 424 parcere

492 429 822 507 omnibus,
867 431 1197 496 consulere
1242 431 1466 515 generi
1511 431 1872 508 hominum,
1919 453 2109 497 suum
2143 432 2377 516 cuique
2411 432 2555 500 red-

330 502 332 504 *
426 549 432 554 ·
489 525 675 600 dere,
712 545 917 600 sacra,
963 523 1251 608 publiea,
1296 524 1504 590 aliena
1536 546 1667 589 non
1701 535 1984 612 tangere.
2037 523 2050 610 Ι
2106 525 2263 609 quid
2321 524 2412 612 [p.
2447 525 2553 592 48.

488 617 689 702 igitur
722 615 1032 694 efficitur,
1068 617 1125 682 si
1143 618 1509 703 ,sapientiae
1542 619 1810 704 pareas?
1863 618 2153 697 divitiae,
2187 630 2553 704 potestates,

486 733 679 797 opes,
726 709 1033 788 honores,
1076 710 1373 796 imperia,
1418 733 1621 796 regna
1665 712 1770 779 vel
1814 712 2078 797 privatis
2123 713 2227 789 vel
2269 714 2524 798 populis
2537 735 2562 778 z·
2593 713 2599 722 ’

488 804 606 872 sed
659 803 963 892 quoniam
1018 805 1099 872 de
1150 827 1220 870 re
1272 805 1537 890 publiea
1584 805 1938 890 loquimur,
1987 817 2140 871 sunt
2189 805 2557 872 inlustriora

488 919 659 982 quae
702 897 961 982 publice
1004 898 1199 974 fiunt,
1242 898 1675 982 quoniamque
1711 898 1936 964 eadem
1972 909 2070 964 est
2103 899 2264 970 ratio
2300 899 2454 974 iuris
2489 899 2556 966 in

488 1002 798 1075 utroque,
863 991 943 1060 de
1006 991 1230 1078 populi
1282 992 1597 1077 sapientia
1646 991 1990 1058 dicendum
2043 1003 2225 1080 puto,
2311 1003 2376 1061 et
2428 993 2558 1061 iam

487 1085 782 1150 omittam
852 1086 1007 1150 alios
1019 1109 1039 1154 .;
1110 1094 1327 1150 noster
1394 1085 1503 1152 hio
1572 1087 1879 1172 populus,
1951 1107 2144 1170 quem
2206 1085 2558 1163 Africanus

487 1179 792 1244 hesterno
837 1200 1127 1246 sermone
1174 1203 1217 1247 a
1260 1176 1455 1266 stirpe
1498 1180 1828 1266 repetivit,
1883 1181 2065 1246 ouius
2116 1180 2384 1268 imperio
2427 1181 2560 1263 iam

486 1272 667 1340 orbis
712 1283 917 1338 terrae
969 1283 1249 1350 tenetur,
1300 1272 1544 1339 iustitia
1588 1297 1672 1340 an
1715 1273 2026 1360 sapientia
2069 1285 2167 1342 est
2211 1295 2248 1342 e
2291 1274 2556 1342 minimo

486 1365 782 1430 omnium
813 1369 1117 1430 maa-imus
1140 1363 1391 1451 factus?

570 1533 579 1538 ἣ
778 1457 1254 1544 [Desiderantur
1288 1463 1609 1526 minimum
1642 1472 1931 1548 quattuor
1953 1459 2278 1570 paqinaa]

624 1553 659 1586 *
696 1553 731 1588 ¹*
768 1551 803 1586 *⁵
839 1549 853 1640 Ι
899 1563 1151 1639 praeter
1196 1553 1489 1619 Arcadas
1548 1564 1615 1626 et
1656 1553 2102 1634 Atheniensis,
2156 1555 2300 1646 qui,
2359 1553 2455 1641 [Ρ.
2495 1554 2554 1623 l.
2599 1577 2650 1620 25

486 1618 685 1716 oredo
696 1693 717 1724 ,
760 1645 1055 1712 timentes
1105 1646 1229 1712 hoo
1269 1647 1684 1714 interdictum
1719 1648 1999 1715 iustitiae
2035 1671 2117 1714 ne
2152 1641 2410 1733 quando
2445 1671 2556 1715 ex-

486 1742 772 1818 sisteret,
834 1741 1178 1806 commenti
1242 1752 1394 1806 sunt
1446 1763 1515 1808 se
1568 1741 1650 1809 de
1701 1752 1872 1808 terra
1923 1753 2260 1830 tamquam
2303 1741 2420 1814 hos
2475 1764 2556 1806 ex

483 1835 662 1900 arvis
696 1836 1020 1900 musculos
1057 1834 1397 1902 exstitisse.

620 1929 734 1994 Ad
776 1928 935 1996 haec
979 1928 1091 1994 illa
1135 1930 1266 1995 dici
1310 1931 1517 1996 solent
1542 1930 1842 2040 ‘primum
1877 1930 2012 1994 ab
1995 1928 2106 2008 iis,
2149 1929 2267 2014 qui
2295 1929 2554 1995 minime
2553 1915 2657 2028 ¹22³

482 2033 643 2088 sunt
674 2022 742 2088 in
777 2023 1146 2088 disserendo
1182 2023 1355 2102 mali,
1393 2025 1504 2108 qui
1540 2023 1607 2088 in
1644 2047 1723 2089 ea
1757 2046 1953 2089 eausa
1989 2045 2066 2091 eo
2099 2025 2246 2110 plus
2282 2023 2554 2088 auotori-

484 2118 640 2184 tatis
684 2117 953 2196 habent,
998 2117 1181 2202 quia,
1234 2137 1387 2184 oum
1429 2119 1513 2184 >de
1556 2118 1696 2182 viro
1743 2119 1913 2183 bono
1956 2118 2310 2202 quaeritur,
2363 2139 2556 2200 quem

484 2221 787 2298 apertum
830 2221 895 2276 et
942 2210 1295 2296 simpli-cem
1339 2212 1634 2276 volumus
1670 2205 1841 2288 esse,
1887 2234 2017 2284 non
2051 2224 2202 2278 sunt
2234 2211 2302 2276 in
2337 2211 2555 2296 dispu-

484 2305 690 2369 tando
725 2305 910 2380 vafri,
947 2326 1081 2369 non
1113 2315 1523 2382 veteratores,
1560 2325 1692 2370 non
1724 2305 2055 2377 malitiosi:
2109 2315 2350 2392 negant
2385 2304 2556 2369 enim

482 2397 850 2482 sapientem
892 2384 1151 2482 iffloiroo
1197 2399 1405 2474 virum
1447 2400 1692 2465 bonum
1733 2421 1904 2478 esse,
1950 2400 2124 2483 quod
2159 2422 2308 2465 eum
2365 2395 2455 2484 [p.
2492 2398 2555 2462 2.

482 2514 613 2564 sua
666 2497 890 2576 sponte
944 2513 1021 2558 ao
1071 2515 1187 2579 per
1238 2515 1307 2558 se
1360 2492 1613 2558 bonitas
1667 2504 1732 2560 et
1781 2493 2026 2560 iustitia
2081 2493 2378 2570 delectet,
2440 2491 2555 2557 sed

485 2585 669 2672 quod
704 2607 909 2651 vacua
942 2597 1139 2663 metu,
1177 2607 1349 2664 eura,
1389 2587 1834 2665 sollieitudine,
1871 2588 2153 2672 periculo
2187 2587 2322 2652 vita
2355 2585 2556 2650 bono-

484 2704 639 2745 rum
691 2680 973 2744 virorum
1028 2681 1110 2744 sit
1125 2728 1143 2757 ,
1198 2691 1418 2746 eontra
1470 2693 1692 2747 autem
1735 2681 2020 2766 inprobis
2065 2703 2316 2767 semper
2359 2679 2559 2762 aliqui
2609 2682 2618 2696 ’

488 2795 765 2858 scrupus
799 2772 868 2837 in
902 2773 1129 2838 animis
1167 2774 1449 2852 haereat,
1484 2796 1738 2859 semper
1770 2774 1848 2838 iis
1885 2785 2032 2838 ante
2069 2774 2286 2838 oeulos
2322 2770 2558 2835 iudicia

488 2879 557 2940 et
630 2867 941 2952 supplicia
1002 2879 1355 2934 versentur.
1468 2867 1720 2932 nullum
1779 2878 1994 2933 autem
2055 2866 2557 2932 emolumentum

488 2983 657 3037 esse,
694 2961 943 3027 nullum
976 2961 1284 3028 iniustitia
1318 2971 1575 3048 partum
1608 2962 1968 3048 praemium
2001 2972 2272 3038 tantum,
2308 2981 2558 3049 semper

488 3067 569 3124 ut
614 3054 868 3130 timeas,
924 3077 1179 3141 semper
1221 3068 1295 3121 ut
1338 3055 1592 3134 adesse,
1640 3077 1892 3141 semper
1933 3066 2005 3122 ut
2050 3054 2400 3141 inpendere
2445 3054 2559 3121 ali-

490 3172 695 3236 quam
726 3171 1001 3236 poenam
1036 3161 1244 3236 putes,
1283 3152 1517 3216 damna
1554 3152 1589 3187 ³*
1626 3151 1664 3186 ³*
1699 3151 1734 3186 ¹*

568 3241 1046 3328 [Desiderantur
1078 3247 1147 3320 in
1182 3248 1309 3310 cod.
1362 3245 1497 3310 Vat.
1532 3249 1854 3310 minimum
1889 3257 2174 3331 quattuor
2197 3247 2488 3332 payinae,

709 3361 969 3423 quarum
1004 3340 1217 3424 aliqua
1242 3363 1399 3426 pars
1435 3341 1752 3426 suppletur
1789 3340 1914 3404 loco
1951 3361 1992 3404 a
2025 3339 2354 3404 Lactantio

1354 3431 1702 3520 exempta]

504 3591 511 3598 ,
630 3525 1039 3609 (Lactantius
1084 3528 1242 3591 Inst.
1290 3529 1411 3592 div.
1456 3527 1542 3604 V,
1591 3527 1726 3614 12.)
1821 3528 1946 3592 Est
1995 3529 2168 3613 apud
2221 3525 2560 3593 Ciceronem
2596 3513 2662 3570 1⁷

492 3644 625 3686 non
674 3621 1003 3686 abhorrens
1040 3644 1080 3684 a
1112 3643 1253 3686 vero
1300 3621 1461 3685 locus
1494 3623 1565 3684 in
1598 3643 1672 3685 ea
1695 3622 2140 3708 disputatione,
2189 3641 2343 3704 quae
2377 3589 2628 3686 habe--2

496 3728 603 3780 tur
638 3737 679 3776 a
712 3715 909 3778 Furio
946 3727 1157 3779 eontra
1189 3715 1506 3779 iustitiam.
1552 3711 1845 3796 Quasi-0,
1889 3715 2110 3798 inquit,
2157 3712 2212 3777 si
2247 3712 2375 3776 duo
2410 3712 2560 3790 sint,

494 3829 779 3892 quorum
822 3808 983 3874 alter
1026 3807 1305 3894 optimus
1349 3807 1475 3884 vir,
1521 3806 1941 3890 aequissimus
1952 3837 1984 3882 ,»
2015 3827 2268 3870 summa
2300 3803 2560 3884 iustitia,

496 3902 818 3988 singulari
852 3902 999 3978 fide,
1034 3902 1195 3967 alter
1228 3900 1467 3987 insigni
1502 3900 1740 3967 scelere
1777 3911 1842 3966 et
1875 3899 2166 3974 audacia,
2203 3908 2267 3963 et
2301 3897 2356 3961 si
2389 3898 2458 3963 in
2484 3919 2559 3964 eo

496 3996 585 4061 sit
651 4018 862 4062 errore
926 3995 1178 4074 civitas,
1244 4007 1317 4060 ut
1369 3995 1611 4060 bonum
1662 3993 1843 4059 illum
1897 3993 2108 4060 virum
2157 3993 2559 4068 sceleratum,

2101 4093 2202 4146 14¹·
