3292 4559
1012 259 1121 316 DE
1152 259 1255 315 RE
1288 257 1631 316 PUBLICA
1663 259 1741 322 Π.
1777 259 2016 314 28-33,
2221 304 2226 312 .
2413 249 2540 315 187
2659 277 2664 292 ·

471 387 687 451 multa
728 383 1061 473 intelleges
1098 383 1291 449 etiam
1328 381 1585 446 aliunde
1622 393 1880 467 sumpta
1913 383 2178 448 meliora
2213 385 2389 471 apud
2422 408 2540 451 nos

469 480 697 546 multo'
732 499 873 543 esse
908 477 1113 553 facta,
1160 499 1355 560 quam
1385 476 1482 540 ibi
1516 476 1818 553 fuissent,
1865 477 2038 542 unde
2073 477 2203 543 huc⁴
2235 480 2542 544 translata

472 583 699 639 essent
745 583 941 655 atque
988 570 1103 635 ubi
1135 570 1415 656 primum
1451 569 1869 648 exstitissent,
1914 570 2376 658 intellegesque
2409 592 2540 639 non

470 666 747 732 fortuito
800 665 1113 751 populum
1159 664 1553 741 Romanum,
1612 665 1724 729 sed
1779 665 2042 729 consilio
2095 678 2160 730 et
2205 667 2542 752 disciplina

470 762 953 836 confirmaftum
981 781 1121 826 esse
1154 781 1277 824 nec
1310 770 1525 824 tamen
1560 759 1940 826 adversante
1967 759 2242 825 fortuna.
2273 759 2368 847 [p.
2389 761 2536 826 217.

606 855 877 921 Mortuo
936 875 1092 940 rege
1152 853 1475 939 Pompilio
1528 852 1792 918 Tullum
1846 855 2198 920 Hostilium
2259 857 2537 966 populus
2574 827 2642 939 33

468 970 705 1036 regem
743 950 1065 1034 interrege
1108 959 1379 1034 rogante
1424 947 1693 1012 comitiis
1739 949 1996 1013 curiatis
2041 948 2308 1026 creavit,
2355 949 2539 1033 isque

470 1047 561 1111 de
584 1043 866 1129 imperio
900 1064 1019 1108 suo
1056 1043 1349 1128 exemplo
1384 1040 1692 1128 Pompilii
1725 1044 2039 1128 populum
2075 1043 2393 1108 consuluit
2428 1065 2540 1108 cu·-

470 1139 723 1205 riatim:
779 1137 961 1202 cuius
1009 1136 1392 1202 excellens
1372 1161 1441 1200 ιιι
1484 1157 1553 1201 re
1598 1136 1856 1200 militari
1901 1137 2106 1224 gloria
2138 1159 2540 1222 magnaeque

472 1233 863 1298 exstiterunt
898 1253 1000 1296 res
1030 1231 1319 1296 bellicae.
1406 1229 1687 1314 fecitque
1713 1229 1887 1298 idem
1921 1241 1986 1296 et
2021 1232 2257 1317 saepsit
2289 1231 2371 1296 de
2403 1255 2542 1296 ma-

470 1326 672 1392 nibiis
708 1324 1035 1390 comitium
1073 1335 1138 1390 et
1172 1324 1436 1399 curiam,
1474 1324 1926 1409 constituitque
1961 1325 2062 1390 ius
2098 1346 2224 1409 quo
2249 1312 2462 1390 bella
2443 1331 2545 1389 ιιι-

473 1422 866 1496 dicerentur,
892 1420 1067 1502 quod
1082 1441 1201 1505 per
1216 1439 1286 1484 se
1302 1417 1650 1484 iustissime
1665 1418 1997 1484 inventum
2017 1418 2276 1503 sanxit}
2285 1417 2376 1504 [p.
2387 1419 2536 1484 218

470 1515 685 1582 fetiali
718 1513 1061 1600 religione,
1106 1524 1179 1577 ut
1214 1533 1401 1579 omne
1434 1513 1707 1590 bellum,
1755 1513 1930 1598 quod
1966 1513 2461 1580 denuntiatum
2441 1535 2541 1577 ιιι-

474 1609 853 1692 dictumque
912 1630 1043 1672 non
1104 1617 1303 1683 esset,
1364 1607 1433 1671 id
1492 1607 1802 1672 iniustum
1857 1630 1995 1673 ene
2049 1617 2240 1695 atque
2293 1607 2541 1692 inpium

472 1705 887 1770 iudicaretur.
976 1713 1041 1767 et
1103 1713 1173 1766 ut
1230 1701 1577 1767 advertatis
1632 1703 1918 1766 animum
1972 1723 2165 1787 quam
2219 1703 2542 1789 sapienter

470 1801 611 1864 iam
652 1818 841 1884 reges
886 1796 1010 1861 hoc
1052 1796 1254 1860 nostri
1297 1795 1604 1872 viderint,
1659 1796 2000 1862 tribuenda
2045 1795 2362 1880 quaedam
2399 1817 2538 1862 esse

472 1891 719 1980 populo
752 1926 841 1938 ——·
873 1890 1075 1955 multa
1119 1890 1290 1956 enim
1336 1890 1519 1954 nobis
1567 1890 1647 1956 de
1699 1913 1777 1956 eo
1811 1913 2046 1976 genere
2083 1890 2354 1957 dicenda
2390 1903 2540 1955 sunt

472 2024 585 2063 —-‚
622 2007 705 2050 ne
748 1983 1106 2070 insignibus
1150 1983 1411 2068 quidem
1446 1983 1641 2068 regiis
1679 1983 1908 2049 Tullus
1941 1985 2066 2049 nisi
2098 1984 2280 2049 iussu
2315 1982 2539 2070 populi

474 2091 579 2148 est
614 2103 809 2144 ausus
844 2078 957 2143 uti.
1046 2099 1198 2142 nam
1232 2089 1305 2142 ut
1340 2077 1464 2142 sibi
1501 2077 1841 2143 duodecim
1873 2077 2128 2145 lictores
2165 2100 2313 2144 cum
2348 2077 2542 2144 fasci-

472 2175 603 2240 bus
640 2172 878 2238 anteire
912 2172 1132 2237 liceret
1168 2171 1205 2206 ³⁸*
1240 2171 1277 2208 ⁴¹*
1312 2171 1349 2208 ³⁸*

1000 2264 1477 2352 [Desiderantm-
1500 2269 1778 2354 payinae
1814 2263 2021 2352 duaa]

606 2363 711 2428 De
752 2363 929 2428 Tullo
974 2363 1199 2447 quippe
1243 2364 1425 2426 etiam
1458 2361 1762 2438 Hostilio,
1810 2364 1917 2448 qui
1953 2363 2160 2426 tertius
2197 2383 2237 2424 a
2269 2359 2538 2425 Romulo
2580 2380 2632 2420 82

471 2481 585 2524 rex
606 2459 757 2544 fuit,
796 2458 903 2542 qui
937 2467 994 2520 et
1025 2459 1157 2541 ipse
1176 2456 1452 2540 fulmine
1488 2457 1844 2542 absumptus
1881 2468 1986 2532 est,
2033 2459 2182 2522 dicit
2213 2459 2283 2520 in
2319 2458 2538 2526 eisdem

476 2555 655 2620 libris
705 2554 867 2616 idem
918 2549 1149 2624 Cicer-0,
1204 2563 1543 2636 propterea
1596 2562 1658 2616 et
1701 2551 1894 2616 istum
1936 2571 2068 2616 non
2113 2551 2426 2616 creditum
2470 2551 2538 2615 in

448 2647 633 2712 -deos
684 2655 1019 2730 receptum
1070 2644 1184 2708 tali
1236 2657 1471 2720 morte,
1526 2646 1680 2729 quia
1731 2645 2004 2710 fortasse
2057 2645 2231 2728 quod
2283 2656 2420 2710 erat
2469 2644 2539 2708 in

471 2739 757 2808 Romulo
790 2737 1133 2824 probatum
1146 2786 1163 2816 ,
1200 2741 1273 2804 id
1304 2751 1391 2803 est
1414 2761 1802 2824 persuasum,
1839 2739 2116 2803 Romani
2149 2739 2433 2822 volgare,
2471 2740 2542 2800 id

473 2847 564 2901 est
597 2835 713 2899 vile
732 2834 972 2919 facere,
1018 2833 1391 2909 noluerunt,
1438 2831 1493 2895 si
1528 2832 1651 2895 hoc
1687 2842 1752 2896 et
1787 2833 1968 2897 alteri
2003 2831 2192 2897 facile
2228 2831 2540 2894 tribuere-

470 2941 600 2994 tur.
688 2925 1126 3013 (Augustinus
1162 2929 1237 2992 de
1272 2929 1382 2992 civ.
1422 2929 1519 2990 dei
1550 2925 1680 3000 ΠΙ,
1719 2924 1853 3010 15.)

606 3023 643 3060 ⁴*
678 3022 714 3058 ³*
750 3021 787 3056 *
824 3043 1015 3106 neque
1052 3019 1062 3106 Ι
1102 3021 1277 3087 enim
1310 3021 1527 3106 serpit,
1574 3019 1689 3084 sed
1725 3019 1951 3083 volat'
1931 3042 2000 3083 m
2037 3017 2202 3104 opti·
2256 3015 2346 3104 [p.
2389 3017 2532 3082 171.
2571 3007 2640 3119 {g

472 3139 653 3182 mum
708 3125 945 3181 statum
995 3115 1285 3180 instituto
1331 3127 1443 3180 tuo
1488 3135 1782 3180 sermone
1827 3134 1928 3179 res
1971 3112 2270 3198 publica!
2360 3119 2534 3199 ‘post

474 3235 625 3278 eum
672 3209 929 3276 Numae
972 3207 1277 3296 Pompilii
1328 3231 1529 3294 nepos
1584 3232 1666 3274 ex
1717 3207 1850 3272 filia
1902 3230 2016 3272 rex
2063 3230 2102 3272 a
2145 3209 2384 3294 populo
2441 3220 2536 3273 est
2657 3243 2666 3246 -

471 3307 703 3370 Ancus
738 3303 1028 3369 Marcius
1076 3303 1455 3368 constitutus
1468 3351 1488 3381 ,
1532 3304 1814 3387 itemque
1861 3302 1940 3368 de
1989 3302 2254 3386 imperio
2292 3323 2408 3366 suo
2445 3304 2535 3368 le·-

471 3421 625 3487 gem
678 3399 987 3464 curiatam
1041 3399 1206 3463 tulit.
1297 3399 1408 3482 qui
1462 3421 1608 3463 cum
1643 3397 1915 3462 Latinos
1961 3396 2130 3461 bello
2176 3396 2534 3474 devicisset,

472 3493 745 3560 adscivit
808 3515 917 3558 eos
979 3493 1049 3557 in
1100 3493 1443 3558 civitatem.
1552 3501 1744 3575 atque
1797 3491 1968 3556 idem
2020 3488 2419 3554 Aventinum
2472 3501 2538 3554 et

474 3586 774 3654 Caelium
826 3597 1110 3652 montem
1164 3586 1455 3650 adiunxit
1504 3585 1652 3650 urbi
1704 3606 1992 3670 quosque
2045 3603 2233 3669 agros
2281 3593 2538 3667 ceperat

472 3681 709 3759 divisit,
740 3691 805 3746 et
834 3681 1027 3745 silvas
1054 3680 1403 3744 maritimas
1424 3681 1628 3745 omnis
1648 3678 2020 3764 publicavit,
2045 3677 2054 3762 Ι
2077 3697 2238 3760 quas
2277 3673 2371 3761 [p.
2387 3675 2468 3739 17
2470 3675 2532 3739 2.

472 3785 751 3861 ceperat,
798 3785 861 3840 et
898 3774 983 3839 ad
1018 3774 1253 3839 ostium
1288 3773 1543 3840 Tiberis
1578 3775 1808 3838 urbem
1845 3771 2129 3838 condidit
2164 3768 2534 3853 colonisque

472 3868 770 3934 firmavit.
834 3879 1030 3953 atque
1063 3869 1155 3934 ita
1190 3889 1337 3933 cum
1373 3868 1485 3933 tris
1522 3880 1588 3933 et
1622 3867 1850 3952 viginti
1887 3865 2284 3952 regnavisset
2312 3884 2533 3940 annos,

473 3975 573 4030 est
603 3963 937 4029 mortuus?
1008 3974 1074 4028 et
1108 3962 1402 4028 Laelius:
1442 3962 1832 4028 ‘laudandus
1867 3961 2061 4028 etiam
2093 3959 2212 4025 iste
2246 3981 2382 4035 rex,
2419 3957 2535 4022 sed

476 4059 749 4124 obscura
794 4069 891 4124 est
922 4056 1188 4124 historia
1222 4057 1543 4137 Romana,
1591 4057 1645 4122 si
1679 4056 1940 4142 quidem
1973 4054 2156 4122 istius
2191 4053 2361 4140 regis
2395 4074 2549 4123 ma-.
