3292 4559
727 225 859 294 204
1347 238 1437 308 M„
1462 233 1737 293 TULLII
1772 232 2172 292 CICERONIS

728 348 985 428 tationis
1021 371 1084 427 et
1117 371 1359 437 motus,
1402 370 1541 425 tum
1574 379 1728 424 vero
1765 381 1872 436 ea,
1919 380 2083 443 quae
2122 354 2496 444 ἇκροστιχίς
2533 360 2797 445 dicitur,

732 479 880 521 cum
906 456 1204 541 deinceps
1234 478 1313 521 ex
1328 455 1549 540 primis
1578 476 1883 535 versuum
1899 454 2126 519 litteris
2154 454 2398 539 aliquid
2416 458 2800 538 conectitur,

730 561 803 616 ut
853 550 921 615 in
975 549 1361 635 quibusdam
1393 547 1708 613 Ennianis
1762 546 1881 630 ‘Q-
1918 546 2168 612 Ennius
2214 549 2409 614 fecit)
2497 551 2565 616 id
2620 566 2798 620 certe

628 671 703 710 112
730 643 936 730 magis
982 655 1079 708 est
1120 643 1342 708 attenti
1389 641 1586 707 animi
1620 663 1816 752 quam
1860 640 2150 706 furentis.
2240 653 2435 727 atque
2468 645 2538 710 in
2575 644 2799 732 Sibyl-

636 2178 704 2214 Ns}

632 2934 648 2970 1

664 2938 672 2966 Ιζ
680 2934 704 2966 -l,

728 738 875 802 linis
920 760 1001 804 ex
1045 738 1251 824 primo
1296 759 1487 803 versu
1536 737 1848 820 cuiusque
1895 736 2244 802 sententiae
2297 738 2521 823 primis
2563 740 2794 806 litteris

727 833 896 898 illius
932 833 1282 899 sententiae
1320 853 1578 897 carmen
1614 853 1802 896 omne
1837 831 2249 917 praetexitur.
2305 830 2430 898 hoc
2465 834 2790 921 scriptoris

729 935 856 1002 est,
913 948 1045 991 non
1096 926 1396 1003 furentis,
1463 924 1825 991 adhibentis
1881 924 2309 1010 diligentiam,
2375 948 2506 992 non
2559 928 2789 994 insani.

728 1042 922 1102 qnam
965 1021 1051 1085 ob
1093 1043 1231 1086 rem
1276 1018 1593 1104 Sibyllam
1646 1018 1907 1103 quidem
1953 1019 2298 1105 sepositam
2350 1030 2414 1085 et
2466 1021 2794 1087 conditam

732 1114 1101 1192 habeamuS,
1135 1125 1230 1192 ut,
1266 1114 1335 1178 id
1362 1114 1535 1198 quod
1567 1113 1892 1200 proditum
1929 1123 2026 1178 est
2060 1136 2100 1177 a
2134 1113 2558 1193 maioribus,
2538 1115 2795 1182 iniussu

736 1219 992 1274 senatus
1038 1231 1123 1274 ne
1165 1208 1465 1294 legantur
1508 1207 1768 1292 quidem
1822 1206 1967 1270 libri
2020 1207 2403 1291 valeantque
2454 1209 2539 1272 ad
2589 1208 2795 1296 depo-

732 1302 971 1366 Jfflndas
1030 1301 1245 1386 potius
1309 1322 1505 1385 quam
1558 1302 1643 1366 ad
1705 1301 2142 1386 suscipiendas
2195 1303 2560 1388 religionest
2633 1325 2791 1369 cum

732 1396 1115 1460 antistitibus
1152 1418 1442 1482 agamus,
1478 1405 1551 1460 ut
1576 1394 1831 1479 quidvis
1867 1395 2078 1482 potius
2108 1419 2188 1462 ex
2217 1397 2339 1461 illis
2373 1395 2547 1461 libris
2584 1418 2789 1481 quam

732 1511 950 1574 regem
983 1490 1330 1575 proferant,
1367 1510 1560 1574 quem
1586 1489 1835 1556 Romae
1869 1491 2139 1576 posthac
2173 1512 2294 1557 nec
2330 1490 2394 1555 di
2425 1512 2543 1557 nec
2577 1492 2792 1557 homi-

732 1610 844 1650 nes
884 1607 1021 1651 esse
1056 1585 1396 1671 patientur.

860 1680 953 1744 At
986 1680 1174 1745 multi
1208 1703 1401 1766 saepe
1436 1703 1591 1746 vera
1625 1679 1982 1758 vaticinati,
2020 1691 2093 1746 ut
2130 1677 2526 1758 Cassandra,

1155 1799 1413 1884 iamque
1444 1801 1609 1866 mari
1643 1822 1894 1888 magno*
1918 1834 1996 1848 --

732 1918 1083 2005 eademque
1116 1922 1313 2005 paulo
1347 1933 1496 2006 post

1156 2031 1321 2097 eheu
1359 2032 1569 2099 videte
1605 2067 1636 2080 -
1654 2067 1704 2096 -.

732 2174 884 2214 num
918 2150 1119 2236 igitur
1143 2173 1246 2216 me
1282 2151 1459 2237 cogis
1488 2152 1680 2216 etiam
1715 2149 1952 2215 fabulis
1981 2150 2280 2218 credere?
2316 2173 2481 2235 quae
2511 2150 2790 2217 delecta-

732 2250 915 2310 tionis
950 2246 1231 2312 habeant
1243 2258 1575 2330 ‘quantum
1610 2246 1811 2324 voles,
1848 2246 2059 2312 verbis
2105 2248 2461 2325 sententiis,
2505 2249 2788 2313 numeris

732 2341 1023 2406 cantibus
1072 2340 1482 2406 adiuventur:
1529 2340 1972 2405 auctoritatem
2009 2341 2268 2424 quidem
2313 2341 2557 2405 nullam
2594 2341 2788 2409 debe-

732 2458 876 2498 mus
908 2455 1029 2500 nec
1061 2434 1257 2499 fidem
1282 2434 1742 2504 commenticiis
1776 2435 1968 2500 rebus
2007 2435 2374 2522 adiungere.
2430 2435 2784 2518 eodemque

732 2530 922 2593 mado
965 2549 1087 2594 nec
1131 2550 1253 2615 ego
1287 2527 1587 2594 Publicio
1632 2529 1850 2594 nescio
1896 2529 2000 2594 cui
2052 2552 2173 2595 nec
2218 2529 2484 2594 Marciis
2528 2529 2782 2595 vatibus

732 2646 850 2686 uec
888 2621 1205 2708 Apollinis
1241 2621 1476 2707 opertis
1513 2622 1900 2688 credendum
1947 2622 2269 2700 existimo,
2325 2644 2596 2706 quorum
2637 2644 2786 2709 par-

732 2718 844 2782 tim
895 2718 1046 2782 ficta
1098 2726 1344 2803 aperte,
1396 2718 1628 2802 partim
1675 2717 1924 2782 effutita
1974 2727 2246 2795 temere,
2299 2738 2652 2801 numquam
2703 2741 2784 2784 ne

732 2811 1034 2876 mediocri
1080 2810 1341 2894 quidem
1395 2811 1723 2894 cuiquam,
1768 2833 1900 2875 non
1941 2811 2134 2875 modo
2180 2811 2480 2897 prudenti
2512 2811 2785 2896 probata

734 2918 898 2970 sunt.
947 2904 1199 2988 ‘quid?'
1235 2904 1484 2989 inquies
1520 2912 1770 2971 ‘remex
1795 2906 1901 2971 ille
1929 2902 2010 2969 de
2038 2905 2236 2970 classe
2267 2902 2543 2990 Coponii
2574 2926 2785 2971 nonne

736 3026 808 3062 33
844 2997 1189 3082 praedixit,
1244 3019 1410 3082 quae
1456 2998 1629 3063 facta
1673 2998 1888 3064 sunt?’
1941 2998 2048 3063 ille
2082 3020 2236 3063 vero
2281 3009 2346 3063 et
2389 3021 2467 3062 ea
2501 2998 2780 3082 quidem,

732 3114 897 3174 quae
934 3113 1153 3158 omnes
1189 3114 1264 3157 eo
1293 3103 1576 3177 tempore
1611 3115 1694 3158 ne
1723 3092 2085 3158 acciderent
2120 3091 2533 3169 timebamus3
2575 3104 2782 3158 castra

732 3190 903 3250 {enim
937 3185 1004 3249 in
1022 3185 1356 3250 Thessalia
1392 3187 1614 3251 castris
1653 3187 1906 3251 conlata
1941 3186 2381 3263 audiebamuS,
2418 3185 2786 3252 videbatur-

732 3302 856 3362 que
905 3279 1091 3345 nobis
1144 3281 1459 3346 exercitus
1506 3278 1802 3345 Caesaris
1855 3289 1921 3345 et
1974 3279 2279 3345 audaciae
2330 3280 2477 3365 plus
2527 3278 2782 3358 habere,

732 3378 967 3462 quippe
1011 3375 1123 3460 qui
1166 3374 1408 3461 patriae
1451 3374 1694 3440 bellum
1728 3374 2075 3450 intulisset,
2137 3385 2203 3439 et
2235 3373 2482 3438 roboris
2527 3384 2784 3458 propter

732 3480 1127 3536 vetustatem.
1182 3492 1402 3535 casum
1430 3480 1646 3533 autem
1672 3467 1897 3552 proelii
1930 3490 2119 3533 nemo
2149 3478 2438 3532 nostrum
2467 3477 2604 3534 erat
2630 3467 2784 3552 quin

732 3566 998 3641 timeret,
1034 3563 1149 3630 sed
1182 3565 1291 3641 ita,
1326 3575 1399 3628 ut
1429 3563 1863 3627 constantibus
1899 3562 2260 3628 hominibus
2296 3586 2417 3648 par
2451 3571 2618 3639 erat,
2652 3582 2780 3625 non

732 3669 965 3742 aperte.
1037 3659 1144 3723 ille
1190 3668 1405 3722 autem
1433 3655 1724 3723 Graecus
1761 3657 1918 3740 quid
1949 3658 2215 3735 mirum,
2253 3659 2308 3721 si
2342 3654 2781 3744 magnitudine

732 3754 994 3831 timoris,
1019 3761 1091 3816 ut
1115 3752 1487 3839 plerumque
1513 3751 1605 3830 fit,
1626 3774 1667 3815 a
1693 3751 2047 3816 constantia
2074 3762 2266 3836 atque
2295 3774 2333 3816 a
2351 3761 2565 3816 mente
2593 3760 2783 3834 atque

736 3874 772 3910 3
808 3870 876 3910 se
911 3848 1046 3932 ipse
1081 3844 1410 3910 discessit?
1447 3865 1577 3928 qua
1611 3845 2087 3932 perturbatione
2124 3845 2320 3911 animi
2355 3867 2554 3930 quae,
2589 3866 2784 3910 sanus

736 3962 880 4002 sum
925 3952 1119 4017 esset,
1175 3940 1441 4006 timebat
1490 3962 1573 4005 ne
1617 3941 1974 4017 evenirent,
2030 3964 2108 4007 ea
2160 3941 2424 4007 demens
2478 3949 2783 4004 eventura

736 4054 872 4098 3333
915 4033 1188 4100 dicebat.
1272 4045 1490 4100 utrum
1532 4035 1826 4113 tandem,
1878 4058 1992 4122 per
2027 4037 2179 4102 deos
2224 4047 2417 4119 atque
2460 4030 2777 4098 homines!
