3292 4559
781 221 869 289 50
984 234 987 240 ⁴
1080 282 1089 288 ,
1230 242 1234 256 ’
1396 228 1474 283 Μ.
1511 227 1784 316 TULLII
1819 224 2219 284 CICERONIS

778 359 971 425 etiam
1022 354 1105 420 ad
1158 350 1479 419 scribendi
1530 350 1813 415 studium
1860 350 2325 426 excitaverunt,
2378 360 2597 416 tamen
2637 350 2854 417 inter·

780 453 936 513 dum
972 470 1194 513 vereor
1217 471 1300 513 ne
1328 445 1715 530 quibusdam
1740 445 1925 510 bonis
1952 445 2104 510 viris
2132 443 2573 530 philosophiae
2600 465 2856 511 nomen

785 546 857 606 sit
901 546 1174 607 invisum
1207 541 1642 623 mirenturque
1676 539 1747 603 in
1780 561 1858 604 ea
1890 549 2143 604 tantum
2175 561 2279 604 me
2316 559 2548 624 operae
2585 550 2649 604 et
2677 549 2855 604 tem-

789 638 953 718 psris
993 656 1246 718 ponere.
1335 654 1456 718 ego
1491 643 1729 706 autem,
1764 652 1961 714 quam
1996 630 2109 696 diu
2142 654 2246 696 res
2281 632 2541 717 publica
2574 654 2693 717 per
2730 654 2852 698 eos

785 754 933 814 grans
941 730 977 790 1]
985 742 1141 803 stur,
1178 726 1410 810 quibus
1449 748 1516 790 se
1549 725 1695 810 ipsa
1730 724 2161 802 commiserat,
2198 726 2401 790 omnis
2436 741 2612 790 meas
2648 747 2851 791 curas

785 822 1322 906 agitationesque
1366 820 1435 883 in
1480 841 1624 884 eam
1668 818 2103 895 conferebam3
2158 840 2305 884 cum
2361 830 2577 884 autem
2633 819 2852 884 domi-

789 934 937 978 natu
989 914 1176 979 unius
1231 912 1446 977 omnia
1490 922 1855 976 tenerentur
1899 933 2109 995 neque
2154 923 2321 978 esset
2364 934 2633 996 usquam
2685 934 2851 978 con-

785 1013 921 1074 siliu
981 1019 1087 1074 aut
1139 1005 1498 1073 auctoritati
1547 1007 1757 1083 locus,
1820 1006 2025 1070 socios
2086 1007 2363 1090 denique
2415 1007 2692 1072 tuendae
2745 1009 2847 1073 rei

785 1106 1077 1186 {addicas
1090 1149 1109 1178 ,
1163 1121 1446 1165 summos
1497 1099 1698 1177 viros,
1746 1099 2127 1177 amisissem,
2174 1122 2292 1166 nec
2336 1123 2440 1166 me
2486 1100 2842 1186 angoribus

785 1198 1025 1270 {iffi-lidi,
1070 1194 1305 1277 quibus
1352 1216 1560 1258 essem
1595 1193 1954 1270 confectus,
1999 1193 2123 1257 nisi
2156 1194 2233 1258 iis
2267 1194 2669 1272 restit-issem,
2716 1219 2839 1260 nec

701 1318 721 1350 :s
785 1314 1033 1354 rursum
1076 1287 1355 1372 indignis
1401 1287 1657 1352 homine
1702 1287 1890 1353 docto
1933 1288 2388 1373 voluptatibus·
2478 1300 2674 1372 atque
2710 1291 2840 1354 uti-

781 1410 926 1446 num
977 1404 1072 1446 rus
1117 1381 1380 1466 publica
1420 1381 1700 1446 stetisset
1743 1402 1871 1465 quo
1918 1392 2215 1467 coeperat
2258 1393 2427 1448 statu
2461 1405 2580 1448 nec
2614 1383 2684 1448 in
2719 1384 2841 1448 ho-

781 1478 981 1538 mines
1045 1496 1171 1539 non
1233 1486 1366 1540 tam
1428 1474 2024 1540 commutandarum
2086 1497 2283 1560 quam
2343 1476 2839 1543 evertendarum

785 1594 993 1634 rerum
1049 1569 1310 1654 cupidos
1363 1567 1719 1633 incidisset!
1790 1569 2070 1653 primum
2123 1570 2324 1647 enim,
2376 1582 2451 1636 ut
2503 1581 2714 1637 stante
2765 1596 2839 1638 re

781 1666 1037 1746 publius,
1078 1663 1292 1728 facere
1337 1662 1731 1739 solebamus,
1774 1663 1842 1727 in
1878 1665 2128 1750 agendo
2163 1665 2308 1750 plus
2344 1686 2541 1748 quam
2575 1666 2644 1730 in
2679 1668 2839 1732 scri-

781 1762 989 1822 lmndo
1045 1779 1272 1843 operae
1324 1780 1737 1843 poneremus,
1792 1759 2021 1824 deinde
2064 1759 2219 1844 ipsis
2266 1760 2515 1846 scriptis
2559 1783 2694 1826 non
2739 1785 2837 1838 ea,

781 1878 945 1934 quas
989 1875 1188 1930 nunc,
1236 1853 1350 1919 sed
1393 1853 1675 1918 actiones
1718 1865 1967 1918 nostras
2010 1855 2491 1933 mandaremus,
2534 1867 2605 1921 ut
2640 1880 2835 1944 saepe

782 1950 965 2010 {heim
977 1970 1068 2014 us.
1157 1970 1306 2013 cum
1359 1958 1576 2012 autem
1626 1969 1729 2012 res
1783 1948 2071 2032 publica,
2124 1949 2196 2013 in
2248 1971 2378 2033 qua
2430 1950 2635 2016 omnis
2688 1975 2836 2016 mea

781 2066 961 2118 vura,
1009 2041 1341 2126 cogitatio,
1391 2062 1585 2124 opera
1626 2042 1782 2126 poni
1818 2041 2091 2120 solebat,
2137 2044 2315 2108 nulla
2350 2055 2518 2110 esset
2552 2045 2832 2121 omnino,

781 2136 925 2198 illae.
973 2135 1212 2200 scilicet
1254 2134 1502 2199 litterae
1547 2135 1989 2201 conticuerunt
2031 2136 2317 2204 forenses
2354 2148 2419 2203 et
2455 2140 2830 2204 senatoriae.

705 2250 729 2286 -l
785 2230 933 2290 nihi]
977 2251 1165 2310 agere
1201 2237 1417 2292 autem
1453 2250 1602 2294 cum
1636 2229 1885 2295 animus
1920 2253 2049 2296 non
2084 2244 2330 2318 posset,
2366 2232 2434 2297 in
2468 2233 2567 2298 his
2604 2234 2831 2299 studiis

781 2326 861 2386 :tls
929 2322 1102 2386 initio
1165 2332 1454 2387 versatus
1509 2323 1738 2389 aetatis
1786 2323 2150 2392 existimavi
2197 2324 2644 2394 honestissime
2695 2351 2830 2394 mo-

777 2418 989 2478 lestius
1033 2435 1220 2499 posse
1255 2415 1517 2501 deponi,
1563 2417 1619 2482 si
1654 2440 1757 2483 me
1793 2419 1877 2482 ad
1911 2420 2379 2506 philosophiam
2411 2422 2826 2489 rettulissem:

777 2510 877 2570 rui
941 2530 1087 2571 uum
1147 2509 1422 2575 multum
1485 2509 1860 2577 adulescens
1925 2512 2211 2580 discendi
2273 2537 2467 2580 causa
2526 2519 2829 2602 temporis

777 2602 1164 2681 tribuissem,
1208 2614 1441 2688 postea
1485 2625 1682 2687 quam
1724 2605 2072 2673 honoribus
2118 2608 2425 2676 inservire
2469 2612 2653 2696 coepi
2693 2635 2829 2678 me·

776 2722 897 2778 qus
937 2710 1137 2762 tutum
1170 2697 1263 2764 rei
1296 2698 1594 2784 publicae
1628 2699 1892 2778 tradidi,
1930 2713 2181 2767 tantum
2217 2714 2355 2769 erat
2387 2703 2829 2791 philosophiae

773 2794 913 2866 lomi,
953 2802 1261 2874 quantum
1296 2792 1699 2878 superfuerat
1734 2795 2089 2862 amicorum
2124 2807 2189 2863 et
2220 2798 2313 2862 rei
2339 2798 2636 2883 publicae
2665 2810 2827 2866 tem-

773 2890 1065 2970 porilmffi
1107 2886 1177 2951 id
1212 2897 1429 2952 autem
1467 2910 1655 2955 omne
1692 2891 2190 2957 consumebatur
2222 2893 2290 2956 in
2323 2894 2626 2979 legendO,
2673 2897 2826 2960 scri-

685 2982 717 3062 ‘33'
777 2982 961 3042 {musii
1029 2978 1227 3042 otium
1288 3001 1418 3044 non
1480 2993 1634 3047 erat.
1738 2985 2032 3051 maximis
2092 2985 2289 3072 igitur
2346 2987 2415 3051 in
2463 2987 2650 3060 malis
2701 2989 2824 3054 hoc

773 3089 985 3134 tamen
1025 3072 1175 3151 boni
1206 3073 1492 3139 adsecuti
1527 3075 1840 3155 videmur,
1877 3089 1950 3143 ut
1984 3102 2062 3144 ea
2093 3080 2318 3145 litteris
2354 3081 2821 3159 mandaremus,

773 3190 937 3246 quur:
1001 3188 1118 3232 nec
1183 3178 1364 3232 erant
1415 3169 1571 3233 satis
1622 3181 1779 3237 nota
1828 3175 2059 3238 nostris
2113 3184 2178 3239 et
2228 3187 2409 3240 erant
2460 3176 2821 3262 cognitione

773 3262 1161 3342 dignissima.
1249 3261 1404 3344 quid
1448 3262 1620 3327 enim
1654 3275 1783 3341 est,
1819 3289 1936 3351 per
1971 3267 2125 3333 deos
2138 3315 2157 3344 ,
2193 3269 2535 3354 optabilius
2572 3270 2821 3356 sapien-

769 3354 881 3430 tia,
921 3354 1075 3438 quid
1107 3356 1565 3439 praestantius,
1603 3359 1761 3442 quid
1793 3361 2036 3427 homini
2070 3362 2327 3440 melius,
2372 3363 2531 3447 quid
2564 3363 2819 3430 homine

769 3450 829 3510 {Ji
837 3450 1062 3534 gnius?
1094 3448 1262 3515 hanc
1295 3450 1493 3536 igitur
1525 3452 1639 3535 qui
1666 3465 1975 3539 expetunt
2005 3456 2367 3543 philosophi
2390 3457 2824 3535 nominantur,

769 3566 885 3606 uss
921 3542 1264 3626 quicquam
1301 3545 1477 3610 aliud
1511 3557 1610 3612 est
1642 3547 2078 3635 philosophia,
2114 3551 2170 3616 si
2202 3552 2599 3638 interpretari
2630 3551 2822 3632 velis,

769 3650 1017 3718 praeter
1067 3637 1352 3703 studium
1404 3639 1781 3725 sapientiae3
1845 3643 2157 3729 sapientia
2205 3655 2423 3712 autem
2476 3658 2601 3723 est,
2653 3656 2729 3710 ut
2784 3672 2823 3711 a

769 3730 1085 3794 veteribus
1129 3729 1527 3816 philosophis
1572 3733 1910 3802 definitum
1945 3749 2063 3815 est,
2110 3761 2324 3805 rerum
2359 3739 2721 3806 divinarum
2756 3753 2823 3808 et

767 3822 1186 3889 lmumnarum
1239 3846 1733 3913 causarumque,
1788 3832 2021 3915 quibus
2072 3854 2187 3900 eae
2238 3857 2341 3901 res
2392 3836 2820 3912 continentur,

765 3918 1045 3990 asienus,
1081 3919 1262 3986 cuius
1299 3923 1580 3988 studium
1614 3927 1728 4011 qui
1762 3928 2082 4012 vituperat
2114 3930 2291 3996 haud
2326 3955 2480 4013 sane
2514 3932 2820 4018 intellego

689 4026 709 4062 ῡ
765 4014 1066 4090 quidnam
1100 4015 1184 4079 sit
1218 4018 1392 4097 quod
1424 4020 1817 4087 laudandum
1848 4034 2051 4108 putet.
2121 4051 2273 4094 nam
2308 4028 2441 4094 sive
2477 4027 2821 4094 oblectatio
