3292 4559
1257 210 1608 293 'Ansou'no
1646 248 1901 295 camos.
2574 250 2682 298 xv)

487 372 709 425 namque
751 357 1071 424 permiscens
1112 346 1240 425 AV,
1291 358 1563 431 alienaque
1576 380 1582 407 ε
1597 364 2017 431 concursatione,
2054 382 2213 434 quam
2248 364 2385 417 inter
2410 381 2465 419 se
2490 365 2676 419 habent

482 432 799 501 permiscens
843 430 921 499 Gr,
969 433 1194 485 alienam
1240 434 1563 501 permiscens
1594 436 1917 493 Pei-ionius:
1953 457 2117 510 eaque
2140 442 2275 493 inter
2299 458 2356 495 se
2392 448 2678 495 concursa-

486 506 664 561 BEM.
691 538 762 548 —
787 524 918 578 quas
944 510 1000 561 in
1024 510 1310 563 intervallis
1336 508 1463 565 Car.
1492 511 1560 565 F.
1595 516 1759 569 tiones
1783 517 1968 570 babent
1982 515 2273 585 AB1MV1,
2302 535 2366 571 ea
2391 535 2525 587 quae
2542 520 2677 573 inter

486 583 582 638 W.
619 580 848 639 Miiller:
891 602 1026 655 quas
1059 587 1354 641 interuallis
1391 586 1454 643 Ο.
1491 618 1561 632 -
1593 608 1651 645 se
1683 594 2107 648 concursationes
2147 594 2333 648 habent
2364 595 2465 664 32,
2514 614 2676 667 eaque

487 678 730 715 numerus
765 663 836 715 ad
872 676 977 715 om.
1015 660 1079 717 Ο.
1117 694 1175 703 --
1211 668 1562 733 comparatio·
1593 670 1731 723 inter
1744 686 1801 723 se
1817 672 2180 725 conuersiones
2196 672 2383 725 babent
2398 671 2467 740 E,
2486 690 2676 743 easque

486 754 710 867 Ἥ
735 738 1110 873 ..gyge
1140 756 1372 870 w
1402 740 1564 871 ἢ..
1594 748 1733 891 {w
1764 764 1819 801 ⁸⁶
1826 747 2676 879 2-:10’20zr201‘335223232232532

485 832 513 865 s
719 832 733 865 :
903 853 916 866 .
1020 853 1034 866 .
1087 844 1160 855 --·
1376 856 1392 883 ‚
1620 840 1711 877 eas
1746 842 1809 877 ue
1902 843 1961 877 er
1976 843 2003 877 s
2082 843 2149 877 on
2672 862 2677 865 -

484 905 680 961 margo
700 890 788 945 ed.
801 889 1234 945 Cratandrinae:
1254 894 1399 947 secui
1409 896 1564 947 etiam
1595 840 1831 967 Lucifer,
1858 902 2173 968 Mercurius,
2198 903 2313 967 Sol,
2342 903 2441 955 atii
2462 904 2595 956 alios
2620 912 2677 955 ut

485 964 566 1033 A,
621 968 771 1037 sequi
816 968 974 1021 etiam
1016 964 1309 1023 BEGMV.
1341 998 1410 1009 —-
1453 986 1562 1022 om-
1596 977 1806 1029 vincant
1848 978 2169 1047 vicissimque
2199 978 2475 1030 vincantur
2517 978 2675 1049 Kay-

485 1059 598 1093 nem
665 1051 1055 1112 consumpserat
1098 1041 1160 1097 Ο.
1206 1073 1280 1085 —-
1318 1047 1563 1099 mediam-
1597 1051 1731 1122 ser.)
1748 1083 1815 1093 —-
1833 1055 2025 1124 aliique
2053 1056 2187 1107 alios
2206 1052 2267 1107 Ο.
2289 1084 2360 1095 -
2377 1056 2676 1122 attinyimus

486 1134 584 1187 que
627 1116 872 1187 (medium
901 1116 976 1188 Ε)
1011 1122 1361 1174 accomodans
1395 1119 1456 1177 Ο.
1495 1153 1560 1163 --
1597 1126 1675 1183 0:
1738 1131 1999 1199 attigimus
2063 1130 2133 1183 T.
2186 1160 2257 1173 --
2306 1131 2407 1185 sibi
2464 1130 2543 1183 E:
2592 1132 2665 1185 ibi

485 1196 708 1254 alterum
749 1196 1046 1249 interiorem
1089 1195 1402 1251 Manutius:
1453 1214 1562 1253 om.
1595 1203 1893 1275 ABGMV,
1924 1225 2085 1261 unum
2113 1207 2184 1262 Τ.
2202 1236 2271 1247 —-
2290 1209 2509 1279 quidque
2526 1206 2588 1262 Ο.
2608 1237 2677 1249 -—-

486 1268 549 1324 Ο.
586 1300 656 1309 -
691 1286 905 1341 eumque
938 1274 1032 1343 qui
1045 1303 1068 1314 -
1089 1303 1112 1314 -
1125 1275 1264 1327 hunc
1291 1284 1464 1329 autem
1491 1277 1562 1329 ci·
1597 1283 1888 1337 animantia
1905 1283 2221 1338 Manutius:
2260 1293 2367 1337 tum
2384 1286 2677 1339 animantia

485 1348 662 1399 timum
707 1376 732 1388 ·-
769 1378 792 1389 -
821 1366 978 1419 *quem
1028 1353 1199 1405 solum
1249 1352 1563 1405 individuum
1597 1356 1659 1413 C.
1680 1362 1967 1415 —tardius
1991 1378 2126 1432 quae
2152 1361 2419 1429 maiorem,
2459 1364 2675 1415 celerius

484 1422 770 1477 Manutius
851 1429 910 1479 et
983 1424 1160 1480 Henr.
1225 1424 1560 1498 Stephanus.
1595 1454 1729 1507 quae
1745 1436 1964 1491 Aetius:
2002 1440 2303 1509 tardiusque
2328 1440 2575 1493 maiorem
2595 1456 2675 1491 ce-

484 1528 552 1538 -
579 1499 826 1554 divisisset
849 1500 1162 1557 Manutius:
1199 1506 1338 1559 caeli
1361 1506 1562 1559 diuisis-
1595 1515 1853 1584 leriusque
1880 1512 1941 1569 O.
1964 1546 2035 1558 --
2050 1517 2245 1569 helicae
2269 1513 2557 1569 Victorius
2589 1514 2676 1587 (in

483 1583 561 1631 set
584 1573 647 1629 Ο.
671 1576 690 1646 ΙΙ
719 1582 768 1631 8.
797 1580 1022 1631 divinum
1053 1578 1320 1636 Orellius:
1357 1583 1562 1637 diuinus
1595 1588 2125 1663 castigationibus):
2161 1592 2411 1659 felicitate
2438 1590 2501 1646 Ο.
2519 1621 2593 1633 —-
2606 1593 2673 1645 ab

482 1650 713 1721 ABEV,
747 1656 936 1707 diuinis
970 1671 1112 1709 corr.
1147 1656 1207 1709 in
1242 1658 1447 1711 diuinus
1481 1657 1559 1726 M,
1595 1668 1720 1735 eius,
1739 1670 1880 1737 quod
1894 1684 2089 1740 margo
2109 1668 2197 1721 ed.
2216 1666 2419 1721 Lamb.
2438 1684 2489 1721 a.
2514 1673 2673 1721 1584:
2749 1713 2761 1726 ,

483 1728 656 1781 diuino
682 1726 754 1783 G.
777 1761 839 1771 --
861 1732 1206 1799 act-spectabile
1232 1733 1410 1788 ΗΘΜ.
1437 1732 1560 1792 Ste—
1595 1744 1665 1795 ab
1690 1760 1748 1795 eo
1776 1746 1915 1821 quod
1941 1742 2001 1799 C,
2021 1774 2091 1785 --
2116 1746 2323 1797 nomine
2345 1741 2525 1798 Hem,
2552 1740 2675 1798 Ste-

482 1802 728 1871 phanus:
765 1808 1041 1873 spectabile
1075 1806 1142 1861 Ο.
1167 1838 1238 1848 ·—
1271 1812 1562 1863 concentio-
1596 1819 1819 1887 phanus
1838 1824 1897 1874 et
1914 1820 2038 1873 eod.
2060 1819 2453 1873 Memmianus:
2486 1837 2683 1875 nomen.

481 1881 663 1949 nisque
713 1878 1048 1934 Lambinus:
1121 1886 1562 1955 contentionisque
1596 1892 1661 1949 Ο.
1684 1897 1705 1965 ss
1736 1902 1819 1950 10.
1846 1913 2094 1965 expressa
2119 1894 2295 1950 Hem.
2326 1894 2673 1967 Stephanus:

482 1954 649 2009 ΑΒΜ
659 1994 677 2024 ,⁴
713 1959 1184 2029 contentionisquae
1217 1959 1314 2028 Vl,
1355 1971 1563 2015 conten-
1595 1972 1851 2040 impressa
1885 1971 1949 2027 Ο.
1978 2002 2047 2013 --
2072 1974 2301 2043 aquatile
2333 1971 2671 2027 Lambinus:

482 2033 744 2103 cionisque
759 2031 826 2103 E,
867 2037 1316 2108 consensionisque
1335 2034 1408 2106 G,
1437 2056 1560 2091 con·
1597 2063 1705 2102 om,
1732 2046 1793 2103 C,
1825 2080 1893 2089 -
1928 2050 2088 2103 divini
2136 2049 2419 2105 animantis
2451 2050 2675 2104 maxime

481 2110 866 2179 sensionisquae
899 2109 996 2166 V2.
1014 2140 1084 2151 -—-
1103 2123 1403 2183 compactus
1438 2113 1560 2169 Ma·
1594 2124 1844 2195 Kayser.
1870 2156 1936 2165 —-
1962 2136 2159 2181 natura
2184 2125 2393 2197 efficere
2420 2124 2481 2180 Ο.
2502 2156 2569 2166 -
2584 2144 2673 2181 sa-

481 2184 699 2238 nutiusst
735 2195 993 2255 conpacta
1021 2187 1081 2243 C.
1099 2219 1172 2229 --
1189 2192 1415 2259 arripuit
1440 2191 1560 2247 Ma·-
1591 2203 1819 2271 pientiae
1869 2220 2027 2274 quam
2080 2201 2415 2256 Lambinus:
2467 2204 2673 2272 gapien-

479 2260 696 2315 nutius:
726 2266 1032 2333 arriPuiSSGl
1051 2264 1112 2321 Ο·
1132 2284 1312 2337 -τΡθΥ
1329 2285 1384 2323 ⁸⁶
1403 2266 1558 2324 Orel-
1595 2280 1819 2349 dantque
1837 2277 1903 2334 Ο.
1920 2310 1987 2321 --
2005 2282 2061 2333 in
2078 2282 2251 2333 eodem
2268 2296 2446 2351 aeque,
2475 2290 2523 2333 et
2540 2282 2672 2333 idem

480 2336 617 2390 lius:
623 2354 728 2407 per
749 2357 906 2409 quam
923 2338 1064 2397 Ο.-
1085 2342 1252 2398 ‘Post
1268 2348 1456 2415 quippe
1473 2348 1563 2417 qui
1595 2356 1659 2409 de
1692 2358 1925 2410 omnibus
1956 2373 2159 2426 semper
2194 2365 2349 2426 atque
2380 2374 2487 2409 uno
2522 2358 2673 2409 modo

480 2414 848 2483 exspectabas
890 2429 1155 2473 moveatur
1197 2422 1563 2494 discernatque
1595 2434 1847 2501 coqitaret
1872 2433 2111 2504 Kayser.
2134 2464 2200 2473 —-
2228 2434 2454 2494 anticam
2482 2431 2671 2487 Victo·

480 2518 503 2529 ·
521 2519 545 2531 -
565 2499 614 2543 et
629 2500 800 2546 cetera
815 2494 1085 2549 diiudicet!
1122 2495 1223 2551 On.
1243 2528 1312 2540 ·--
1328 2518 1561 2571 quaeque
1593 2508 1733 2563 rius:
1787 2513 2057 2581 antiquam
2100 2508 2160 2563 Ο.
2206 2538 2279 2551 -·
2317 2510 2499 2564 orbum
2542 2525 2674 2563 nos:

479 2568 536 2617 in
579 2569 754 2621 eodem
801 2566 1069 2625 Orellius:
1124 2591 1242 2627 cum
1285 2578 1459 2631 eodem
1495 2576 1556 2645 Ο,
1595 2588 1770 2639 orbem
1788 2584 1850 2641 Ο.
1870 2617 1937 2627 --
1954 2587 2193 2639 mutabili
2214 2588 2477 2644 erratione
2494 2585 2669 2640 Henr.

482 2660 598 2695 cum
631 2646 686 2697 2⁹²²
721 2648 894 2699 eodem
921 2646 993 2703 T·
1011 2680 1077 2691 -
1104 2668 1218 2705 eam
1246 2651 1558 2708 Manutiussss
1595 2661 1941 2733 Stephanus:
1959 2664 2271 2717 mutabiliter
2282 2660 2669 2731 rationeABV‚

481 2721 694 2773 eandem
712 2718 856 2775 0.-
855 2734 1042 2793 potest,
1061 2736 1110 2779 et
1128 2730 1268 2782 orbis
1287 2726 1556 2785 Orellium
1594 2740 1897 2795 mirabiliter
1913 2742 2117 2793 ratione
2128 2737 2199 2808 G,
2220 2740 2456 2792 mutabili
2468 2741 2675 2792 ratione

474 2805 660 2864 potest,
690 2798 830 2849 orbis
857 2798 972 2853 OT·
995 2830 1062 2841 —
1074 2805 1238 2873 firma
1262 2804 1357 2874 B1,
1378 2809 1560 2877 firmat
1593 2815 1775 2869 ΕΜ.-
1792 2813 2523 2886 lusionesHeantephanus
2538 2834 2552 2867 :
2569 2816 2672 2885 fla-

482 2869 855 2928 AB²EGMV.
871 2904 940 2913 ·—
959 2881 1302 2948 continentur.
1355 2885 1436 2935 ius
1463 2901 1560 2936 na·
1593 2894 1765 2945 siones
1788 2891 2020 2962 A1B1V‚
2048 2891 2306 2963 fluxiones
2330 2890 2670 2959 A2132EGM,

485 2956 606 3001 tura
644 2958 965 3003 conuerteret
991 2962 1046 3005 ut
1073 2964 1270 3009 terram
1295 2958 1454 3013 nulla
1478 2960 1559 3013 la·
1593 2968 1843 3039 flexiones
1880 2968 1995 3022 alii.
2022 3000 2092 3011 -
2116 2972 2241 3024 deos
2272 2986 2381 3023 om.
2419 2969 2543 3028 eod.
2568 2968 2673 3027 Uf-

485 3039 664 3077 cunae
682 3022 1096 3095 significatione
1115 3030 1178 3086 C.
1195 3032 1420 3090 Excidit
1435 3040 1558 3089 tan-
1594 3043 2000 3099 fenbaehianus
2020 3050 2079 3100 et
2096 3046 2183 3101 ed.
2205 3045 2592 3102 Bononiensis.
2603 3076 2673 3086 —-

483 3106 603 3153 tum
619 3098 738 3155 fere
748 3101 1014 3156 orationis
1024 3103 1373 3179 Platonicae,
1385 3126 1559 3181 quan·
1595 3123 1808 3191 quisque
1858 3123 2169 3193 temporibus
2222 3123 2284 3179 C.
2329 3153 2399 3164 -
2441 3112 2675 3194 quaeque

483 3183 602 3230 tum
645 3193 762 3231 una
803 3179 1186 3249 complectitur
1217 3186 1433 3258 pagina
1467 3189 1558 3245 ed.
1594 3196 1914 3252 Pei-ionius:
1946 3216 2083 3269 quae
2124 3199 2185 3253 Ο.
2230 3203 2249 3269 ΙΙ
2297 3206 2377 3255 11.
2404 3201 2675 3253 enuntiare

486 3251 701 3323 steph„
731 3254 832 3310 ubi
857 3255 1054 3313 ultima
1083 3266 1214 3317 ante
1242 3261 1390 3317 hanc
1406 3264 1558 3320 lacu·
1593 3272 1769 3329 Henr.
1789 3272 2133 3345 Stephanus:
2160 3277 2404 3330 nuntiare
2421 3275 2483 3331 Ο.
2500 3305 2571 3315 --
2588 3294 2673 3329 eo-

482 3346 619 3383 nam
651 3332 824 3387 verba
857 3332 1121 3405 leguntur
1143 3355 1200 3408 p.
1230 3344 1293 3393 37
1323 3339 1397 3395 G:
1433 3347 1562 3399 νοῦς
1593 3367 1712 3403 rum
1738 3350 1847 3405 del.
1867 3350 2194 3405 Lambinus.
2217 3382 2281 3421 -,
2299 3354 2435 3406 notis
2462 3366 2570 3422 ego
2588 3368 2677 3407 se-

485 3408 756 3475 ἕπιθτῆμη
780 3429 842 3462 ⁴5³
859 3410 920 3473 ἐξ
935 3410 1171 3486 ἀνάγκης
1189 3416 1560 3474 ἀποτελεῖται.
1595 3425 1762 3495 clusi:
1796 3429 1861 3479 de
1892 3428 2001 3479 suis
2034 3428 2230 3497 sibique
2260 3433 2398 3481 notis
2429 3428 2671 3499 Kayser.

482 3482 624 3538 Post
658 3486 898 3565 eanqem
929 3488 1114 3559 prima
1145 3510 1202 3564 p.
1232 3500 1297 3549 38
1327 3493 1388 3549 Ο.
1417 3496 1560 3553 haee
1594 3502 1763 3557 Plato
1781 3501 2131 3571 simpliciter:
2164 3506 2338 3559 οἰκεῖα
2366 3506 2673 3575 φάσκουσιν

485 3564 642 3617 sunt:
663 3560 724 3623 ἐξ
739 3566 842 3617 οὖν
858 3564 1026 3639 λόγου
1046 3576 1137 3623 καὶ
1156 3567 1400 3630 διανοίας
1421 3574 1558 3627 θεοῦ
1595 3577 1974 3651 ἀπαγγέλλειν.
1992 3610 2061 3620 -·-
2076 3600 2206 3652 quos
2222 3579 2507 3636 Manutius
2520 3599 2537 3633 τ
2562 3597 2669 3637 om.

485 3638 738 3705 τοιαύτης
765 3641 904 3712 πρὸς
927 3645 1132 3715 χρόνον
1158 3654 1373 3719 γένεσιν
1396 3654 1502 3705 eet.
1535 3650 1556 3721 fl
1595 3652 1659 3709 C.
1676 3684 1747 3695 --
1760 3658 2016 3725 usurpari
2026 3668 2180 3729 atque
2195 3659 2462 3728 appellari
2472 3656 2671 3713 Manu-

489 3719 537 3766 9.
571 3714 796 3772 Ratione
831 3748 854 3759 -
882 3750 906 3763 -
941 3729 990 3775 et
1025 3725 1183 3779 lunae
1215 3727 1564 3783 conservavit
1593 3729 1734 3785 tius:
1766 3749 2028 3802 usurpare
2053 3743 2209 3805 atque
2232 3737 2503 3805 appellare
2520 3734 2581 3791 Ο.
2602 3764 2673 3777 --

487 3790 702 3847 Nonius
737 3810 780 3847 s.
807 3814 860 3850 v.
899 3799 1232 3855 Curriculum
1262 3821 1322 3874 p.
1351 3810 1466 3861 198.
1493 3834 1560 3845 -
1593 3816 1759 3861 vetere
1783 3824 1913 3863 nos:
1940 3812 2105 3863 ueteri
2119 3810 2181 3867 Ο.
2203 3842 2269 3853 -——
2290 3810 2476 3882 effecta
2500 3814 2549 3865 si
2569 3814 2675 3865 sint

489 3870 692 3921 ratione
709 3866 1001 3943 Sigonius:
1025 3895 1152 3934 rare
1169 3880 1331 3935 codd.
1353 3911 1420 3922 —
1439 3890 1562 3936 tem-
1593 3900 1727 3939 nos:
1762 3883 1948 3954 effecta
1980 3889 2085 3941 sint
2120 3887 2181 3943 Ο.
2210 3920 2279 3929 ·—
2302 3889 2673 3959 imitaminique

488 3946 632 4014 poris
659 3950 975 4007 curriculum
993 3952 1284 4026 Sigonius:
1319 3961 1562 4030 temporis
1596 3960 1865 4018 Orellius:
1884 3965 2243 4037 imiteminique
2259 3964 2321 4022 Ο.
2334 3996 2402 4006 --
2419 3966 2670 4019 creabun-

491 4024 664 4078 curris
716 4030 1030 4083 curriculum
1081 4035 1243 4089 codd.
1287 4066 1360 4079 --
1399 4056 1564 4109 eaque
1597 4048 1681 4094 tur
1697 4038 2034 4096 Lambinus:
2070 4053 2315 4097 creantur
2332 4041 2395 4097 Ο.
2419 4074 2481 4110 -,-
2500 4050 2671 4097 satus-
