<?xml version="1.0" encoding="UTF-8"?>
<!DOCTYPE html PUBLIC "-//W3C//DTD XHTML 1.0 Transitional//EN"
    "http://www.w3.org/TR/xhtml1/DTD/xhtml1-transitional.dtd">
<html xmlns="http://www.w3.org/1999/xhtml" xml:lang="en" lang="en">
 <head>
  <title>
</title>
<meta http-equiv="Content-Type" content="text/html;charset=utf-8" />
  <meta name='ocr-system' content='tesseract 3.04.00' />
  <meta name='ocr-capabilities' content='ocr_page ocr_carea ocr_par ocr_line ocrx_word'/>
</head>
<body>
  <div class='ocr_page' id='page_1' title='image "./mtulliiciceroni03unkngoog_0163.png"; bbox 0 0 3292 4559; ppageno 0'>
   <div class='ocr_carea' id='block_1_1' title="bbox 1026 315 2575 388">
    <p class='ocr_par' dir='ltr' id='par_1_1' title="bbox 1026 315 2575 388">
     <span class='ocr_line' id='line_1_1' title="bbox 1026 315 2575 388; baseline -0.003 -1"><span class='ocrx_word' id='word_1_1' title='bbox 1026 332 1132 388; x_wconf 88' lang='lat' dir='ltr'>DE</span> <span class='ocrx_word' id='word_1_2' title='bbox 1166 327 1687 388; x_wconf 83' lang='lat' dir='ltr'><strong>DIVINATIONE</strong></span> <span class='ocrx_word' id='word_1_3' title='bbox 1722 329 1770 386; x_wconf 90' lang='grc' dir='ltr'>Ι.</span> <span class='ocrx_word' id='word_1_4' title='bbox 1804 331 2047 386; x_wconf 82' lang='grc'><strong>23-29.</strong></span> <span class='ocrx_word' id='word_1_5' title='bbox 2450 315 2575 383; x_wconf 83' lang='grc'>133</span> 
     </span>
    </p>
   </div>
   <div class='ocr_carea' id='block_1_2' title="bbox 503 453 2675 2050">
    <p class='ocr_par' dir='ltr' id='par_1_2' title="bbox 503 453 2675 2050">
     <span class='ocr_line' id='line_1_2' title="bbox 513 453 2574 541; baseline -0.003 -12"><span class='ocrx_word' id='word_1_6' title='bbox 513 461 798 529; x_wconf 83' lang='lat' dir='ltr'>rabiliter</span> <span class='ocrx_word' id='word_1_7' title='bbox 839 480 943 524; x_wconf 89' lang='lat' dir='ltr'>res</span> <span class='ocrx_word' id='word_1_8' title='bbox 996 456 1224 522; x_wconf 87' lang='lat' dir='ltr'>eodem</span> <span class='ocrx_word' id='word_1_9' title='bbox 1276 455 1468 521; x_wconf 87' lang='lat' dir='ltr'>modo</span> <span class='ocrx_word' id='word_1_10' title='bbox 1521 453 1849 521; x_wconf 84' lang='lat' dir='ltr'>evenirent</span> <span class='ocrx_word' id='word_1_11' title='bbox 1892 455 2097 520; x_wconf 89' lang='lat' dir='ltr'>isdem</span> <span class='ocrx_word' id='word_1_12' title='bbox 2144 453 2343 541; x_wconf 87' lang='lat' dir='ltr'>signis</span> <span class='ocrx_word' id='word_1_13' title='bbox 2396 466 2574 523; x_wconf 90' lang='lat' dir='ltr'>ante-</span> 
     </span>
     <span class='ocr_line' id='line_1_3' title="bbox 509 548 2572 644; baseline -0.003 -22"><span class='ocrx_word' id='word_1_14' title='bbox 509 554 776 644; x_wconf 85' lang='lat' dir='ltr'>gressis,</span> <span class='ocrx_word' id='word_1_15' title='bbox 823 575 924 618; x_wconf 85' lang='lat' dir='ltr'>ars</span> <span class='ocrx_word' id='word_1_16' title='bbox 970 562 1066 618; x_wconf 89' lang='lat' dir='ltr'>est</span> <span class='ocrx_word' id='word_1_17' title='bbox 1102 549 1332 616; x_wconf 84' lang='lat' dir='ltr'>effecta</span> <span class='ocrx_word' id='word_1_18' title='bbox 1375 548 1601 616; x_wconf 84' lang='lat' dir='ltr'>eadem</span> <span class='ocrx_word' id='word_1_19' title='bbox 1645 571 1838 635; x_wconf 80' lang='lat' dir='ltr'>saepe</span> <span class='ocrx_word' id='word_1_20' title='bbox 1886 549 2450 616; x_wconf 85' lang='lat' dir='ltr'>animadvertendo</span> <span class='ocrx_word' id='word_1_21' title='bbox 2497 573 2572 616; x_wconf 88' lang='lat' dir='ltr'>ae</span> 
     </span>
     <span class='ocr_line' id='line_1_4' title="bbox 509 648 2504 718; baseline -0.004 -1"><span class='ocrx_word' id='word_1_22' title='bbox 509 649 811 718; x_wconf 90' lang='lat' dir='ltr'>notand0.</span> <span class='ocrx_word' id='word_1_23' title='bbox 2498 648 2504 653; x_wconf 73' lang='grc'><strong>”</strong></span> 
     </span>
     <span class='ocr_line' id='line_1_5' title="bbox 639 737 2675 830; baseline 0 -21"><span class='ocrx_word' id='word_1_24' title='bbox 639 742 954 830; x_wconf 83' lang='lat' dir='ltr'>Auspicia</span> <span class='ocrx_word' id='word_1_25' title='bbox 1005 761 1160 805; x_wconf 83' lang='lat' dir='ltr'>vero</span> <span class='ocrx_word' id='word_1_26' title='bbox 1205 750 1419 804; x_wconf 86' lang='lat' dir='ltr'>vestra</span> <span class='ocrx_word' id='word_1_27' title='bbox 1473 761 1669 824; x_wconf 87' lang='lat' dir='ltr'>quam</span> <span class='ocrx_word' id='word_1_28' title='bbox 1714 737 2035 806; x_wconf 85' lang='lat' dir='ltr'>constantl</span> <span class='ocrx_word' id='word_1_29' title='bbox 2092 761 2260 824; x_wconf 88' lang='lat' dir='ltr'>quae</span> <span class='ocrx_word' id='word_1_30' title='bbox 2313 739 2573 824; x_wconf 85' lang='lat' dir='ltr'>quidem</span> <span class='ocrx_word' id='word_1_31' title='bbox 2608 755 2675 810; x_wconf 87' lang='lat'>15</span> 
     </span>
     <span class='ocr_line' id='line_1_6' title="bbox 507 833 2575 920; baseline -0.003 -14"><span class='ocrx_word' id='word_1_32' title='bbox 507 861 682 906; x_wconf 88' lang='lat' dir='ltr'>nunc</span> <span class='ocrx_word' id='word_1_33' title='bbox 717 862 758 904; x_wconf 84' lang='lat' dir='ltr'>a</span> <span class='ocrx_word' id='word_1_34' title='bbox 791 835 1100 904; x_wconf 86' lang='lat' dir='ltr'>Romanis</span> <span class='ocrx_word' id='word_1_35' title='bbox 1147 834 1500 920; x_wconf 79' lang='lat' dir='ltr'>auguribus</span> <span class='ocrx_word' id='word_1_36' title='bbox 1543 833 1924 919; x_wconf 78' lang='lat' dir='ltr'>ignorantur</span> <span class='ocrx_word' id='word_1_37' title='bbox 1957 869 2046 886; x_wconf 59' lang='grc'>«-</span> <span class='ocrx_word' id='word_1_38' title='bbox 2079 833 2251 900; x_wconf 81' lang='lat' dir='ltr'>bona</span> <span class='ocrx_word' id='word_1_39' title='bbox 2294 833 2417 900; x_wconf 90' lang='lat' dir='ltr'>hoc</span> <span class='ocrx_word' id='word_1_40' title='bbox 2462 845 2575 906; x_wconf 86' lang='lat' dir='ltr'>tua</span> 
     </span>
     <span class='ocr_line' id='line_1_7' title="bbox 506 925 2575 1015; baseline -0.002 -15"><span class='ocrx_word' id='word_1_41' title='bbox 506 933 700 1000; x_wconf 83' lang='lat' dir='ltr'>venia</span> <span class='ocrx_word' id='word_1_42' title='bbox 742 930 1016 997; x_wconf 80' lang='lat' dir='ltr'>dixerim</span> <span class='ocrx_word' id='word_1_43' title='bbox 1047 965 1162 1007; x_wconf 89' lang='lat'>--,</span> <span class='ocrx_word' id='word_1_44' title='bbox 1207 952 1249 993; x_wconf 87' lang='lat' dir='ltr'>a</span> <span class='ocrx_word' id='word_1_45' title='bbox 1286 925 1626 1006; x_wconf 88' lang='lat' dir='ltr'>Cilicibus,</span> <span class='ocrx_word' id='word_1_46' title='bbox 1662 927 2093 1013; x_wconf 82' lang='lat' dir='ltr'>Pamphyliis,</span> <span class='ocrx_word' id='word_1_47' title='bbox 2117 927 2398 1007; x_wconf 67' lang='lat' dir='ltr'>Pisidia,</span> <span class='ocrx_word' id='word_1_48' title='bbox 2434 929 2575 1015; x_wconf 82' lang='lat' dir='ltr'>Ly-</span> 
     </span>
     <span class='ocr_line' id='line_1_8' title="bbox 506 1022 2665 1108; baseline -0.006 -13"><span class='ocrx_word' id='word_1_49' title='bbox 506 1027 624 1095; x_wconf 82' lang='lat' dir='ltr'>ciis</span> <span class='ocrx_word' id='word_1_50' title='bbox 661 1035 978 1091; x_wconf 87' lang='lat' dir='ltr'>tenentur.</span> <span class='ocrx_word' id='word_1_51' title='bbox 1063 1045 1215 1086; x_wconf 87' lang='lat' dir='ltr'>nam</span> <span class='ocrx_word' id='word_1_52' title='bbox 1251 1022 1410 1106; x_wconf 88' lang='lat' dir='ltr'>quid</span> <span class='ocrx_word' id='word_1_53' title='bbox 1439 1043 1562 1108; x_wconf 90' lang='lat' dir='ltr'>ego</span> <span class='ocrx_word' id='word_1_54' title='bbox 1597 1022 1915 1108; x_wconf 75' lang='lat' dir='ltr'>hospitem</span> <span class='ocrx_word' id='word_1_55' title='bbox 1948 1034 2259 1100; x_wconf 85' lang='lat' dir='ltr'>nostrum,</span> <span class='ocrx_word' id='word_1_56' title='bbox 2297 1023 2571 1088; x_wconf 85' lang='lat' dir='ltr'>clarissi-</span> <span class='ocrx_word' id='word_1_57' title='bbox 2613 1042 2665 1082; x_wconf 82' lang='lat'>26</span> 
     </span>
     <span class='ocr_line' id='line_1_9' title="bbox 508 1114 2572 1204; baseline -0.002 -17"><span class='ocrx_word' id='word_1_58' title='bbox 508 1144 689 1187; x_wconf 89' lang='lat' dir='ltr'>mum</span> <span class='ocrx_word' id='word_1_59' title='bbox 733 1129 928 1204; x_wconf 88' lang='lat' dir='ltr'>atque</span> <span class='ocrx_word' id='word_1_60' title='bbox 975 1117 1286 1202; x_wconf 86' lang='lat' dir='ltr'>optimum</span> <span class='ocrx_word' id='word_1_61' title='bbox 1321 1116 1563 1194; x_wconf 88' lang='lat' dir='ltr'>virum,</span> <span class='ocrx_word' id='word_1_62' title='bbox 1609 1114 1993 1182; x_wconf 82' lang='lat' dir='ltr'>Deiotarum</span> <span class='ocrx_word' id='word_1_63' title='bbox 2037 1139 2259 1202; x_wconf 87' lang='lat' dir='ltr'>regem</span> <span class='ocrx_word' id='word_1_64' title='bbox 2293 1139 2572 1184; x_wconf 89' lang='lat' dir='ltr'>comme-</span> 
     </span>
     <span class='ocr_line' id='line_1_10' title="bbox 509 1210 2572 1298; baseline -0.002 -18"><span class='ocrx_word' id='word_1_65' title='bbox 509 1215 794 1282; x_wconf 85' lang='lat' dir='ltr'>morem?</span> <span class='ocrx_word' id='word_1_66' title='bbox 847 1212 959 1298; x_wconf 88' lang='lat' dir='ltr'>qui</span> <span class='ocrx_word' id='word_1_67' title='bbox 991 1211 1150 1278; x_wconf 87' lang='lat' dir='ltr'>nihil</span> <span class='ocrx_word' id='word_1_68' title='bbox 1183 1233 1490 1296; x_wconf 82' lang='lat' dir='ltr'>umquam</span> <span class='ocrx_word' id='word_1_69' title='bbox 1524 1211 1648 1276; x_wconf 87' lang='lat' dir='ltr'>nisi</span> <span class='ocrx_word' id='word_1_70' title='bbox 1682 1211 2014 1297; x_wconf 85' lang='lat' dir='ltr'>auspicato</span> <span class='ocrx_word' id='word_1_71' title='bbox 2047 1210 2239 1298; x_wconf 86' lang='lat' dir='ltr'>gerit:</span> <span class='ocrx_word' id='word_1_72' title='bbox 2275 1211 2387 1296; x_wconf 91' lang='lat' dir='ltr'>qui</span> <span class='ocrx_word' id='word_1_73' title='bbox 2424 1232 2572 1276; x_wconf 89' lang='lat' dir='ltr'>cum</span> 
     </span>
     <span class='ocr_line' id='line_1_11' title="bbox 503 1305 2572 1394; baseline -0.002 -19"><span class='ocrx_word' id='word_1_74' title='bbox 503 1334 590 1376; x_wconf 86' lang='lat' dir='ltr'>ex</span> <span class='ocrx_word' id='word_1_75' title='bbox 614 1310 839 1375; x_wconf 88' lang='lat' dir='ltr'>itinere</span> <span class='ocrx_word' id='word_1_76' title='bbox 868 1307 1148 1393; x_wconf 87' lang='lat' dir='ltr'>quodam</span> <span class='ocrx_word' id='word_1_77' title='bbox 1175 1306 1499 1394; x_wconf 82' lang='lat' dir='ltr'>proposito</span> <span class='ocrx_word' id='word_1_78' title='bbox 1535 1317 1599 1372; x_wconf 90' lang='lat' dir='ltr'>et</span> <span class='ocrx_word' id='word_1_79' title='bbox 1627 1307 1972 1372; x_wconf 83' lang='lat' dir='ltr'>constituto</span> <span class='ocrx_word' id='word_1_80' title='bbox 1998 1305 2365 1372; x_wconf 84' lang='lat' dir='ltr'>revertisset</span> <span class='ocrx_word' id='word_1_81' title='bbox 2390 1305 2572 1390; x_wconf 87' lang='lat' dir='ltr'>aqui-</span> 
     </span>
     <span class='ocr_line' id='line_1_12' title="bbox 505 1400 2567 1480; baseline -0.003 -10"><span class='ocrx_word' id='word_1_82' title='bbox 505 1406 606 1470; x_wconf 87' lang='lat' dir='ltr'>lae</span> <span class='ocrx_word' id='word_1_83' title='bbox 643 1402 1006 1469; x_wconf 84' lang='lat' dir='ltr'>admonitus</span> <span class='ocrx_word' id='word_1_84' title='bbox 1041 1401 1288 1480; x_wconf 83' lang='lat' dir='ltr'>volatu,</span> <span class='ocrx_word' id='word_1_85' title='bbox 1327 1401 1630 1467; x_wconf 84' lang='lat' dir='ltr'>conclave</span> <span class='ocrx_word' id='word_1_86' title='bbox 1662 1400 1851 1479; x_wconf 87' lang='lat' dir='ltr'>illud,</span> <span class='ocrx_word' id='word_1_87' title='bbox 1888 1401 2003 1468; x_wconf 91' lang='lat' dir='ltr'>ubi</span> <span class='ocrx_word' id='word_1_88' title='bbox 2038 1411 2177 1469; x_wconf 83' lang='lat' dir='ltr'>erat</span> <span class='ocrx_word' id='word_1_89' title='bbox 2209 1421 2567 1477; x_wconf 88' lang='lat' dir='ltr'>mansurus,</span> 
     </span>
     <span class='ocr_line' id='line_1_13' title="bbox 506 1497 2663 1585; baseline -0.002 -21"><span class='ocrx_word' id='word_1_90' title='bbox 506 1500 564 1564; x_wconf 85' lang='lat' dir='ltr'>si</span> <span class='ocrx_word' id='word_1_91' title='bbox 596 1499 689 1564; x_wconf 88' lang='lat' dir='ltr'>ire</span> <span class='ocrx_word' id='word_1_92' title='bbox 729 1498 1140 1585; x_wconf 82' lang='lat' dir='ltr'>perrexisset,</span> <span class='ocrx_word' id='word_1_93' title='bbox 1184 1497 1478 1584; x_wconf 79' lang='lat' dir='ltr'>proxima</span> <span class='ocrx_word' id='word_1_94' title='bbox 1509 1507 1699 1562; x_wconf 87' lang='lat' dir='ltr'>nocte</span> <span class='ocrx_word' id='word_1_95' title='bbox 1735 1497 2005 1562; x_wconf 89' lang='lat' dir='ltr'>conruit.</span> <span class='ocrx_word' id='word_1_96' title='bbox 2092 1497 2336 1582; x_wconf 88' lang='lat' dir='ltr'>itaque,</span> <span class='ocrx_word' id='word_1_97' title='bbox 2380 1507 2455 1562; x_wconf 87' lang='lat' dir='ltr'>ut</span> <span class='ocrx_word' id='word_1_98' title='bbox 2488 1518 2572 1561; x_wconf 79' lang='lat' dir='ltr'>ex</span> <span class='ocrx_word' id='word_1_99' title='bbox 2614 1513 2663 1553; x_wconf 78' lang='lat'>2⁷</span> 
     </span>
     <span class='ocr_line' id='line_1_14' title="bbox 503 1591 2571 1680; baseline -0.002 -22"><span class='ocrx_word' id='word_1_100' title='bbox 503 1593 646 1680; x_wconf 89' lang='lat' dir='ltr'>ipso</span> <span class='ocrx_word' id='word_1_101' title='bbox 699 1593 1070 1669; x_wconf 87' lang='lat' dir='ltr'>audiebam,</span> <span class='ocrx_word' id='word_1_102' title='bbox 1121 1614 1430 1678; x_wconf 86' lang='lat' dir='ltr'>persaepe</span> <span class='ocrx_word' id='word_1_103' title='bbox 1481 1592 1745 1658; x_wconf 79' lang='lat' dir='ltr'>revertit</span> <span class='ocrx_word' id='word_1_104' title='bbox 1800 1615 1881 1657; x_wconf 85' lang='lat' dir='ltr'>ex</span> <span class='ocrx_word' id='word_1_105' title='bbox 1929 1591 2185 1668; x_wconf 87' lang='lat' dir='ltr'>itinere,</span> <span class='ocrx_word' id='word_1_106' title='bbox 2242 1613 2391 1657; x_wconf 89' lang='lat' dir='ltr'>cum</span> <span class='ocrx_word' id='word_1_107' title='bbox 2442 1591 2571 1655; x_wconf 90' lang='lat' dir='ltr'>iam</span> 
     </span>
     <span class='ocr_line' id='line_1_15' title="bbox 504 1684 2573 1774; baseline -0.001 -22"><span class='ocrx_word' id='word_1_108' title='bbox 504 1710 882 1774; x_wconf 88' lang='lat' dir='ltr'>progressus</span> <span class='ocrx_word' id='word_1_109' title='bbox 915 1697 1085 1754; x_wconf 87' lang='lat' dir='ltr'>esset</span> <span class='ocrx_word' id='word_1_110' title='bbox 1125 1687 1478 1751; x_wconf 86' lang='lat' dir='ltr'>multorum</span> <span class='ocrx_word' id='word_1_111' title='bbox 1513 1685 1763 1752; x_wconf 88' lang='lat' dir='ltr'>dierum</span> <span class='ocrx_word' id='word_1_112' title='bbox 1807 1685 1999 1750; x_wconf 84' lang='lat' dir='ltr'>viam.</span> <span class='ocrx_word' id='word_1_113' title='bbox 2089 1684 2271 1755; x_wconf 65' lang='lat' dir='ltr'>maius</span> <span class='ocrx_word' id='word_1_114' title='bbox 2310 1684 2573 1770; x_wconf 89' lang='lat' dir='ltr'>quidem</span> 
     </span>
     <span class='ocr_line' id='line_1_16' title="bbox 503 1776 2571 1866; baseline 0 -22"><span class='ocrx_word' id='word_1_115' title='bbox 503 1782 630 1846; x_wconf 90' lang='lat' dir='ltr'>hoc</span> <span class='ocrx_word' id='word_1_116' title='bbox 671 1780 1254 1866; x_wconf 73' lang='lat' dir='ltr'>praeclarissimum</span> <span class='ocrx_word' id='word_1_117' title='bbox 1299 1789 1426 1856; x_wconf 79' lang='lat' dir='ltr'>est,</span> <span class='ocrx_word' id='word_1_118' title='bbox 1475 1779 1677 1862; x_wconf 87' lang='lat' dir='ltr'>quod,</span> <span class='ocrx_word' id='word_1_119' title='bbox 1722 1787 1948 1864; x_wconf 88' lang='lat' dir='ltr'>postea</span> <span class='ocrx_word' id='word_1_120' title='bbox 1982 1800 2178 1863; x_wconf 89' lang='lat' dir='ltr'>quam</span> <span class='ocrx_word' id='word_1_121' title='bbox 2214 1802 2255 1844; x_wconf 87' lang='lat' dir='ltr'>a</span> <span class='ocrx_word' id='word_1_122' title='bbox 2291 1776 2571 1845; x_wconf 83' lang='lat' dir='ltr'>Caesare</span> 
     </span>
     <span class='ocr_line' id='line_1_17' title="bbox 503 1871 2571 1958; baseline 0 -20"><span class='ocrx_word' id='word_1_123' title='bbox 503 1873 848 1939; x_wconf 81' lang='lat' dir='ltr'>tetrarchia</span> <span class='ocrx_word' id='word_1_124' title='bbox 899 1885 964 1940; x_wconf 88' lang='lat' dir='ltr'>et</span> <span class='ocrx_word' id='word_1_125' title='bbox 1013 1893 1214 1958; x_wconf 90' lang='lat' dir='ltr'>regno</span> <span class='ocrx_word' id='word_1_126' title='bbox 1267 1873 1671 1956; x_wconf 81' lang='lat' dir='ltr'>pecuniaque</span> <span class='ocrx_word' id='word_1_127' title='bbox 1720 1871 2027 1936; x_wconf 84' lang='lat' dir='ltr'>multatus</span> <span class='ocrx_word' id='word_1_128' title='bbox 2082 1881 2209 1948; x_wconf 85' lang='lat' dir='ltr'>est,</span> <span class='ocrx_word' id='word_1_129' title='bbox 2260 1885 2458 1958; x_wconf 85' lang='lat' dir='ltr'>negat</span> <span class='ocrx_word' id='word_1_130' title='bbox 2502 1894 2571 1938; x_wconf 89' lang='lat' dir='ltr'>se</span> 
     </span>
     <span class='ocr_line' id='line_1_18' title="bbox 505 1963 2573 2050; baseline -0.002 -18"><span class='ocrx_word' id='word_1_131' title='bbox 505 1981 724 2034; x_wconf 87' lang='lat' dir='ltr'>tamen</span> <span class='ocrx_word' id='word_1_132' title='bbox 759 1989 982 2032; x_wconf 88' lang='lat' dir='ltr'>eorum</span> <span class='ocrx_word' id='word_1_133' title='bbox 1015 1965 1446 2050; x_wconf 81' lang='lat' dir='ltr'>auspiciorum</span> <span class='ocrx_word' id='word_1_134' title='bbox 1459 2011 1476 2041; x_wconf 94' lang='lat'>,</span> <span class='ocrx_word' id='word_1_135' title='bbox 1525 1986 1691 2049; x_wconf 87' lang='lat' dir='ltr'>quae</span> <span class='ocrx_word' id='word_1_136' title='bbox 1727 1963 1851 2028; x_wconf 86' lang='lat' dir='ltr'>sibi</span> <span class='ocrx_word' id='word_1_137' title='bbox 1886 1965 1971 2028; x_wconf 88' lang='lat' dir='ltr'>ad</span> <span class='ocrx_word' id='word_1_138' title='bbox 2004 1964 2389 2049; x_wconf 88' lang='lat' dir='ltr'>Pompeium</span> <span class='ocrx_word' id='word_1_139' title='bbox 2422 1985 2573 2049; x_wconf 91' lang='lat' dir='ltr'>pro-</span> 
     </span>
    </p>
   </div>
   <div class='ocr_carea' id='block_1_3' title="bbox 403 2057 2573 2144">
    <p class='ocr_par' dir='ltr' id='par_1_3' title="bbox 403 2057 2573 2144">
     <span class='ocr_line' id='line_1_19' title="bbox 403 2057 2573 2144; baseline -0.002 -16"><span class='ocrx_word' id='word_1_140' title='bbox 403 2123 405 2128; x_wconf 63' lang='lat'>,</span> <span class='ocrx_word' id='word_1_141' title='bbox 505 2061 815 2127; x_wconf 88' lang='lat' dir='ltr'>ficiscenti</span> <span class='ocrx_word' id='word_1_142' title='bbox 848 2060 1134 2127; x_wconf 86' lang='lat' dir='ltr'>secunda</span> <span class='ocrx_word' id='word_1_143' title='bbox 1168 2058 1517 2136; x_wconf 85' lang='lat' dir='ltr'>evenerint,</span> <span class='ocrx_word' id='word_1_144' title='bbox 1553 2057 1907 2144; x_wconf 87' lang='lat' dir='ltr'>paenitere:</span> <span class='ocrx_word' id='word_1_145' title='bbox 1958 2068 2215 2124; x_wconf 85' lang='lat' dir='ltr'>senatus</span> <span class='ocrx_word' id='word_1_146' title='bbox 2252 2058 2424 2124; x_wconf 85' lang='lat' dir='ltr'>enim</span> <span class='ocrx_word' id='word_1_147' title='bbox 2460 2080 2573 2123; x_wconf 87' lang='lat' dir='ltr'>au-</span> 
     </span>
    </p>
   </div>
   <div class='ocr_carea' id='block_1_4' title="bbox 503 2151 2724 4222">
    <p class='ocr_par' dir='ltr' id='par_1_4' title="bbox 503 2151 2724 4222">
     <span class='ocr_line' id='line_1_20' title="bbox 503 2151 2574 2242; baseline -0.002 -20"><span class='ocrx_word' id='word_1_148' title='bbox 503 2156 865 2222; x_wconf 85' lang='lat' dir='ltr'>ctoritatem</span> <span class='ocrx_word' id='word_1_149' title='bbox 919 2165 982 2220; x_wconf 88' lang='lat' dir='ltr'>et</span> <span class='ocrx_word' id='word_1_150' title='bbox 1038 2153 1262 2242; x_wconf 90' lang='lat' dir='ltr'>populi</span> <span class='ocrx_word' id='word_1_151' title='bbox 1314 2153 1593 2220; x_wconf 86' lang='lat' dir='ltr'>Romani</span> <span class='ocrx_word' id='word_1_152' title='bbox 1655 2153 2015 2218; x_wconf 85' lang='lat' dir='ltr'>libertatem</span> <span class='ocrx_word' id='word_1_153' title='bbox 2067 2163 2263 2235; x_wconf 84' lang='lat' dir='ltr'>atque</span> <span class='ocrx_word' id='word_1_154' title='bbox 2324 2151 2574 2239; x_wconf 85' lang='lat' dir='ltr'>imperii</span> 
     </span>
     <span class='ocr_line' id='line_1_21' title="bbox 504 2246 2571 2338; baseline -0.001 -22"><span class='ocrx_word' id='word_1_155' title='bbox 504 2251 884 2338; x_wconf 84' lang='lat' dir='ltr'>dignitatem</span> <span class='ocrx_word' id='word_1_156' title='bbox 929 2249 1062 2316; x_wconf 89' lang='lat' dir='ltr'>suis</span> <span class='ocrx_word' id='word_1_157' title='bbox 1109 2249 1302 2314; x_wconf 89' lang='lat' dir='ltr'>armis</span> <span class='ocrx_word' id='word_1_158' title='bbox 1347 2269 1488 2314; x_wconf 88' lang='lat' dir='ltr'>esse</span> <span class='ocrx_word' id='word_1_159' title='bbox 1533 2246 1897 2326; x_wconf 87' lang='lat' dir='ltr'>defensam,</span> <span class='ocrx_word' id='word_1_160' title='bbox 1952 2247 2204 2331; x_wconf 89' lang='lat' dir='ltr'>sibique</span> <span class='ocrx_word' id='word_1_161' title='bbox 2258 2269 2368 2316; x_wconf 83' lang='lat' dir='ltr'>eas</span> <span class='ocrx_word' id='word_1_162' title='bbox 2411 2247 2571 2325; x_wconf 83' lang='lat' dir='ltr'>avis,</span> 
     </span>
     <span class='ocr_line' id='line_1_22' title="bbox 505 2342 2572 2430; baseline -0.002 -19"><span class='ocrx_word' id='word_1_163' title='bbox 505 2345 740 2430; x_wconf 89' lang='lat' dir='ltr'>quibus</span> <span class='ocrx_word' id='word_1_164' title='bbox 783 2344 1152 2411; x_wconf 84' lang='lat' dir='ltr'>auctoribus</span> <span class='ocrx_word' id='word_1_165' title='bbox 1189 2342 1475 2408; x_wconf 88' lang='lat' dir='ltr'>officium</span> <span class='ocrx_word' id='word_1_166' title='bbox 1510 2354 1586 2408; x_wconf 68' lang='lat' dir='ltr'>ee</span> <span class='ocrx_word' id='word_1_167' title='bbox 1616 2342 1815 2407; x_wconf 88' lang='lat' dir='ltr'>fidem</span> <span class='ocrx_word' id='word_1_168' title='bbox 1858 2360 2115 2408; x_wconf 84' lang='lat' dir='ltr'>secutus</span> <span class='ocrx_word' id='word_1_169' title='bbox 2161 2353 2359 2420; x_wconf 83' lang='lat' dir='ltr'>esset,</span> <span class='ocrx_word' id='word_1_170' title='bbox 2406 2343 2572 2414; x_wconf 83' lang='lat' dir='ltr'>bene</span> 
     </span>
     <span class='ocr_line' id='line_1_23' title="bbox 504 2436 2573 2523; baseline 0 -17"><span class='ocrx_word' id='word_1_171' title='bbox 504 2438 934 2517; x_wconf 78' lang='lat' dir='ltr'>consuluisse3</span> <span class='ocrx_word' id='word_1_172' title='bbox 982 2437 1406 2522; x_wconf 83' lang='lat' dir='ltr'>antiquiorem</span> <span class='ocrx_word' id='word_1_173' title='bbox 1443 2437 1614 2502; x_wconf 84' lang='lat' dir='ltr'>enim</span> <span class='ocrx_word' id='word_1_174' title='bbox 1661 2437 1784 2502; x_wconf 88' lang='lat' dir='ltr'>sibi</span> <span class='ocrx_word' id='word_1_175' title='bbox 1828 2436 2027 2503; x_wconf 88' lang='lat' dir='ltr'>fuisse</span> <span class='ocrx_word' id='word_1_176' title='bbox 2062 2436 2573 2523; x_wconf 76' lang='lat' dir='ltr'>possessionibus</span> 
     </span>
     <span class='ocr_line' id='line_1_24' title="bbox 505 2531 2575 2622; baseline -0.002 -21"><span class='ocrx_word' id='word_1_177' title='bbox 505 2535 639 2602; x_wconf 87' lang='lat' dir='ltr'>suis</span> <span class='ocrx_word' id='word_1_178' title='bbox 673 2533 964 2622; x_wconf 85' lang='lat' dir='ltr'>gloriam.</span> <span class='ocrx_word' id='word_1_179' title='bbox 1016 2533 1124 2600; x_wconf 87' lang='lat' dir='ltr'>ille</span> <span class='ocrx_word' id='word_1_180' title='bbox 1159 2531 1316 2596; x_wconf 90' lang='lat' dir='ltr'>mihi</span> <span class='ocrx_word' id='word_1_181' title='bbox 1350 2531 1606 2598; x_wconf 86' lang='lat' dir='ltr'>videtur</span> <span class='ocrx_word' id='word_1_182' title='bbox 1638 2531 1837 2617; x_wconf 87' lang='lat' dir='ltr'>igitur</span> <span class='ocrx_word' id='word_1_183' title='bbox 1870 2553 2020 2597; x_wconf 87' lang='lat' dir='ltr'>vere</span> <span class='ocrx_word' id='word_1_184' title='bbox 2057 2531 2389 2618; x_wconf 82' lang='lat' dir='ltr'>augurari:</span> <span class='ocrx_word' id='word_1_185' title='bbox 2424 2553 2575 2599; x_wconf 84' lang='lat' dir='ltr'>nam</span> 
     </span>
     <span class='ocr_line' id='line_1_25' title="bbox 504 2626 2575 2714; baseline -0.001 -20"><span class='ocrx_word' id='word_1_186' title='bbox 504 2631 704 2694; x_wconf 86' lang='lat' dir='ltr'>nostri</span> <span class='ocrx_word' id='word_1_187' title='bbox 741 2628 1003 2714; x_wconf 85' lang='lat' dir='ltr'>quidem</span> <span class='ocrx_word' id='word_1_188' title='bbox 1045 2628 1456 2713; x_wconf 76' lang='lat' dir='ltr'>magistratus</span> <span class='ocrx_word' id='word_1_189' title='bbox 1493 2626 1794 2713; x_wconf 80' lang='lat' dir='ltr'>auspiciis</span> <span class='ocrx_word' id='word_1_190' title='bbox 1838 2635 2109 2692; x_wconf 82' lang='lat' dir='ltr'>utuntur</span> <span class='ocrx_word' id='word_1_191' title='bbox 2144 2626 2408 2702; x_wconf 83' lang='lat' dir='ltr'>coactis3</span> <span class='ocrx_word' id='word_1_192' title='bbox 2462 2648 2575 2692; x_wconf 86' lang='lat' dir='ltr'>ne-</span> 
     </span>
     <span class='ocr_line' id='line_1_26' title="bbox 503 2720 2570 2805; baseline -0.002 -15"><span class='ocrx_word' id='word_1_193' title='bbox 503 2745 684 2790; x_wconf 86' lang='lat' dir='ltr'>eesse</span> <span class='ocrx_word' id='word_1_194' title='bbox 719 2741 818 2788; x_wconf 85' lang='lat' dir='ltr'>est</span> <span class='ocrx_word' id='word_1_195' title='bbox 863 2723 1036 2789; x_wconf 86' lang='lat' dir='ltr'>enim</span> <span class='ocrx_word' id='word_1_196' title='bbox 1071 2721 1202 2788; x_wconf 82' lang='lat' dir='ltr'>offa</span> <span class='ocrx_word' id='word_1_197' title='bbox 1247 2721 1498 2787; x_wconf 87' lang='lat' dir='ltr'>obiecta</span> <span class='ocrx_word' id='word_1_198' title='bbox 1535 2721 1767 2786; x_wconf 87' lang='lat' dir='ltr'>cadere</span> <span class='ocrx_word' id='word_1_199' title='bbox 1809 2721 2088 2786; x_wconf 87' lang='lat' dir='ltr'>frustum</span> <span class='ocrx_word' id='word_1_200' title='bbox 2123 2743 2205 2785; x_wconf 86' lang='lat' dir='ltr'>ex</span> <span class='ocrx_word' id='word_1_201' title='bbox 2247 2720 2407 2805; x_wconf 91' lang='lat' dir='ltr'>pulli</span> <span class='ocrx_word' id='word_1_202' title='bbox 2442 2743 2570 2796; x_wconf 89' lang='lat' dir='ltr'>ore,</span> 
     </span>
     <span class='ocr_line' id='line_1_27' title="bbox 503 2812 2711 2902; baseline -0.002 -20"><span class='ocrx_word' id='word_1_203' title='bbox 503 2839 656 2882; x_wconf 89' lang='lat' dir='ltr'>cum</span> <span class='ocrx_word' id='word_1_204' title='bbox 697 2817 1002 2902; x_wconf 85' lang='lat' dir='ltr'>pascitur.</span> <span class='ocrx_word' id='word_1_205' title='bbox 1091 2816 1284 2899; x_wconf 88' lang='lat' dir='ltr'>quod·</span> <span class='ocrx_word' id='word_1_206' title='bbox 1309 2825 1526 2882; x_wconf 88' lang='lat' dir='ltr'>autem</span> <span class='ocrx_word' id='word_1_207' title='bbox 1573 2816 1881 2901; x_wconf 88' lang='lat' dir='ltr'>scriptum</span> <span class='ocrx_word' id='word_1_208' title='bbox 1925 2814 2175 2880; x_wconf 87' lang='lat' dir='ltr'>habetis</span> <span class='ocrx_word' id='word_1_209' title='bbox 2221 2812 2326 2880; x_wconf 87' lang='lat' dir='ltr'>avi</span> <span class='ocrx_word' id='word_1_210' title='bbox 2370 2813 2570 2900; x_wconf 87' lang='lat' dir='ltr'>tripu·</span> <span class='ocrx_word' id='word_1_211' title='bbox 2615 2829 2667 2872; x_wconf 82' lang='lat'>28</span> <span class='ocrx_word' id='word_1_212' title='bbox 2702 2826 2711 2838; x_wconf 86' lang='lat'><strong><em>‘</em></strong></span> 
     </span>
     <span class='ocr_line' id='line_1_28' title="bbox 509 2899 2724 2993; baseline -0.001 -19"><span class='ocrx_word' id='word_1_213' title='bbox 509 2910 690 2974; x_wconf 89' lang='lat' dir='ltr'>dium</span> <span class='ocrx_word' id='word_1_214' title='bbox 723 2909 890 2986; x_wconf 87' lang='lat' dir='ltr'>fieri,</span> <span class='ocrx_word' id='word_1_215' title='bbox 943 2909 998 2974; x_wconf 91' lang='lat' dir='ltr'>si</span> <span class='ocrx_word' id='word_1_216' title='bbox 1033 2931 1116 2974; x_wconf 85' lang='lat' dir='ltr'>ex</span> <span class='ocrx_word' id='word_1_217' title='bbox 1149 2931 1228 2976; x_wconf 86' lang='lat' dir='ltr'>ea</span> <span class='ocrx_word' id='word_1_218' title='bbox 1263 2908 1419 2993; x_wconf 89' lang='lat' dir='ltr'>quid</span> <span class='ocrx_word' id='word_1_219' title='bbox 1451 2909 1522 2972; x_wconf 89' lang='lat' dir='ltr'>in</span> <span class='ocrx_word' id='word_1_220' title='bbox 1556 2909 1835 2973; x_wconf 90' lang='lat' dir='ltr'>solidum</span> <span class='ocrx_word' id='word_1_221' title='bbox 1870 2909 2199 2986; x_wconf 88' lang='lat' dir='ltr'>ceciderit,</span> <span class='ocrx_word' id='word_1_222' title='bbox 2251 2907 2377 2973; x_wconf 89' lang='lat' dir='ltr'>hoe</span> <span class='ocrx_word' id='word_1_223' title='bbox 2412 2929 2571 2992; x_wconf 89' lang='lat' dir='ltr'>quo·</span> <span class='ocrx_word' id='word_1_224' title='bbox 2708 2899 2724 2910; x_wconf 54' lang='lat'>⁸</span> 
     </span>
     <span class='ocr_line' id='line_1_29' title="bbox 508 3001 2648 3088; baseline -0 -21"><span class='ocrx_word' id='word_1_225' title='bbox 508 3025 667 3088; x_wconf 89' lang='lat' dir='ltr'>que,</span> <span class='ocrx_word' id='word_1_226' title='bbox 722 3002 897 3086; x_wconf 90' lang='lat' dir='ltr'>quod</span> <span class='ocrx_word' id='word_1_227' title='bbox 950 3001 1084 3066; x_wconf 86' lang='lat' dir='ltr'>dixi</span> <span class='ocrx_word' id='word_1_228' title='bbox 1135 3017 1455 3079; x_wconf 84' lang='lat' dir='ltr'>coactum,</span> <span class='ocrx_word' id='word_1_229' title='bbox 1509 3002 1865 3088; x_wconf 86' lang='lat' dir='ltr'>tripudium</span> <span class='ocrx_word' id='word_1_230' title='bbox 1918 3003 2296 3069; x_wconf 87' lang='lat' dir='ltr'>solistimum</span> <span class='ocrx_word' id='word_1_231' title='bbox 2340 3001 2567 3068; x_wconf 87' lang='lat' dir='ltr'>dicitis.</span> <span class='ocrx_word' id='word_1_232' title='bbox 2635 3041 2648 3053; x_wconf 89' lang='lat'><strong>·</strong></span> 
     </span>
     <span class='ocr_line' id='line_1_30' title="bbox 507 3088 2628 3189; baseline 0 -27"><span class='ocrx_word' id='word_1_233' title='bbox 507 3097 730 3182; x_wconf 84' lang='lat' dir='ltr'>itaque</span> <span class='ocrx_word' id='word_1_234' title='bbox 782 3095 986 3160; x_wconf 88' lang='lat' dir='ltr'>multa</span> <span class='ocrx_word' id='word_1_235' title='bbox 1039 3088 1340 3182; x_wconf 76' lang='lat' dir='ltr'>auguria,</span> <span class='ocrx_word' id='word_1_236' title='bbox 1395 3096 1598 3189; x_wconf 81' lang='lat' dir='ltr'>multa</span> <span class='ocrx_word' id='word_1_237' title='bbox 1654 3097 1968 3183; x_wconf 85' lang='lat' dir='ltr'>auspicia,</span> <span class='ocrx_word' id='word_1_238' title='bbox 2022 3097 2198 3180; x_wconf 91' lang='lat' dir='ltr'>quod</span> <span class='ocrx_word' id='word_1_239' title='bbox 2242 3095 2413 3162; x_wconf 84' lang='lat' dir='ltr'>Cato</span> <span class='ocrx_word' id='word_1_240' title='bbox 2464 3097 2571 3162; x_wconf 89' lang='lat' dir='ltr'>ille</span> <span class='ocrx_word' id='word_1_241' title='bbox 2616 3111 2628 3119; x_wconf 66' lang='lat'><strong>⁴</strong></span> 
     </span>
     <span class='ocr_line' id='line_1_31' title="bbox 505 3189 2571 3278; baseline -0 -21"><span class='ocrx_word' id='word_1_242' title='bbox 505 3191 764 3278; x_wconf 84' lang='lat' dir='ltr'>sapiens</span> <span class='ocrx_word' id='word_1_243' title='bbox 817 3189 1135 3274; x_wconf 84' lang='lat' dir='ltr'>queritur,</span> <span class='ocrx_word' id='word_1_244' title='bbox 1189 3189 1599 3276; x_wconf 80' lang='lat' dir='ltr'>neglegentia</span> <span class='ocrx_word' id='word_1_245' title='bbox 1652 3191 1906 3277; x_wconf 89' lang='lat' dir='ltr'>collegii</span> <span class='ocrx_word' id='word_1_246' title='bbox 1967 3191 2203 3256; x_wconf 81' lang='lat' dir='ltr'>amissa</span> <span class='ocrx_word' id='word_1_247' title='bbox 2253 3193 2445 3278; x_wconf 87' lang='lat' dir='ltr'>plane</span> <span class='ocrx_word' id='word_1_248' title='bbox 2507 3202 2571 3255; x_wconf 85' lang='lat' dir='ltr'>et</span> 
     </span>
     <span class='ocr_line' id='line_1_32' title="bbox 505 3283 2673 3371; baseline 0.002 -21"><span class='ocrx_word' id='word_1_249' title='bbox 505 3285 761 3352; x_wconf 86' lang='lat' dir='ltr'>deserta</span> <span class='ocrx_word' id='word_1_250' title='bbox 797 3296 964 3351; x_wconf 86' lang='lat' dir='ltr'>sunt.</span> <span class='ocrx_word' id='word_1_251' title='bbox 1053 3283 1211 3350; x_wconf 88' lang='lat' dir='ltr'>nihil</span> <span class='ocrx_word' id='word_1_252' title='bbox 1246 3285 1381 3352; x_wconf 87' lang='lat' dir='ltr'>fere</span> <span class='ocrx_word' id='word_1_253' title='bbox 1417 3286 1745 3370; x_wconf 86' lang='lat' dir='ltr'>quondam</span> <span class='ocrx_word' id='word_1_254' title='bbox 1778 3286 2035 3352; x_wconf 86' lang='lat' dir='ltr'>maioris</span> <span class='ocrx_word' id='word_1_255' title='bbox 2070 3288 2163 3352; x_wconf 91' lang='lat' dir='ltr'>rei</span> <span class='ocrx_word' id='word_1_256' title='bbox 2196 3287 2320 3352; x_wconf 88' lang='lat' dir='ltr'>nisi</span> <span class='ocrx_word' id='word_1_257' title='bbox 2356 3285 2570 3371; x_wconf 89' lang='lat' dir='ltr'>auspi·</span> <span class='ocrx_word' id='word_1_258' title='bbox 2606 3300 2673 3354; x_wconf 84' lang='lat'>16</span> 
     </span>
     <span class='ocr_line' id='line_1_33' title="bbox 503 3378 2571 3467; baseline -0.001 -22"><span class='ocrx_word' id='word_1_259' title='bbox 503 3389 653 3445; x_wconf 82' lang='lat' dir='ltr'>cato</span> <span class='ocrx_word' id='word_1_260' title='bbox 705 3401 787 3446; x_wconf 91' lang='lat' dir='ltr'>ne</span> <span class='ocrx_word' id='word_1_261' title='bbox 839 3378 1140 3466; x_wconf 80' lang='lat' dir='ltr'>privatim</span> <span class='ocrx_word' id='word_1_262' title='bbox 1190 3379 1454 3465; x_wconf 88' lang='lat' dir='ltr'>quidem</span> <span class='ocrx_word' id='word_1_263' title='bbox 1503 3381 1876 3467; x_wconf 86' lang='lat' dir='ltr'>gerebatur,</span> <span class='ocrx_word' id='word_1_264' title='bbox 1928 3381 2106 3465; x_wconf 89' lang='lat' dir='ltr'>quod</span> <span class='ocrx_word' id='word_1_265' title='bbox 2156 3381 2348 3446; x_wconf 90' lang='lat' dir='ltr'>etiam</span> <span class='ocrx_word' id='word_1_266' title='bbox 2398 3401 2571 3444; x_wconf 90' lang='lat' dir='ltr'>nune</span> 
     </span>
     <span class='ocr_line' id='line_1_34' title="bbox 507 3473 2571 3562; baseline -0 -24"><span class='ocrx_word' id='word_1_267' title='bbox 507 3473 876 3562; x_wconf 85' lang='lat' dir='ltr'>nuptiarum</span> <span class='ocrx_word' id='word_1_268' title='bbox 911 3474 1204 3561; x_wconf 87' lang='lat' dir='ltr'>auspices</span> <span class='ocrx_word' id='word_1_269' title='bbox 1242 3474 1595 3553; x_wconf 85' lang='lat' dir='ltr'>declarant,</span> <span class='ocrx_word' id='word_1_270' title='bbox 1641 3475 1755 3561; x_wconf 89' lang='lat' dir='ltr'>qui</span> <span class='ocrx_word' id='word_1_271' title='bbox 1788 3499 1857 3542; x_wconf 86' lang='lat' dir='ltr'>re</span> <span class='ocrx_word' id='word_1_272' title='bbox 1894 3477 2129 3542; x_wconf 85' lang='lat' dir='ltr'>omissa</span> <span class='ocrx_word' id='word_1_273' title='bbox 2161 3496 2396 3540; x_wconf 87' lang='lat' dir='ltr'>nomen</span> <span class='ocrx_word' id='word_1_274' title='bbox 2430 3484 2571 3537; x_wconf 88' lang='lat' dir='ltr'>tan-</span> 
     </span>
     <span class='ocr_line' id='line_1_35' title="bbox 505 3567 2571 3656; baseline -0 -24"><span class='ocrx_word' id='word_1_275' title='bbox 505 3581 648 3632; x_wconf 85' lang='lat' dir='ltr'>tum</span> <span class='ocrx_word' id='word_1_276' title='bbox 691 3579 930 3635; x_wconf 84' lang='lat' dir='ltr'>tenent.</span> <span class='ocrx_word' id='word_1_277' title='bbox 1016 3593 1168 3634; x_wconf 85' lang='lat' dir='ltr'>nam</span> <span class='ocrx_word' id='word_1_278' title='bbox 1211 3580 1286 3634; x_wconf 84' lang='lat' dir='ltr'>ut</span> <span class='ocrx_word' id='word_1_279' title='bbox 1326 3591 1500 3635; x_wconf 83' lang='lat' dir='ltr'>nunc</span> <span class='ocrx_word' id='word_1_280' title='bbox 1543 3569 1709 3635; x_wconf 87' lang='lat' dir='ltr'>extis</span> <span class='ocrx_word' id='word_1_281' title='bbox 1723 3618 1740 3648; x_wconf 94' lang='lat'>,</span> <span class='ocrx_word' id='word_1_282' title='bbox 1797 3590 2188 3656; x_wconf 85' lang='lat' dir='ltr'>quamquam</span> <span class='ocrx_word' id='word_1_283' title='bbox 2238 3568 2307 3632; x_wconf 90' lang='lat' dir='ltr'>id</span> <span class='ocrx_word' id='word_1_284' title='bbox 2356 3567 2571 3653; x_wconf 88' lang='lat' dir='ltr'>ipsum</span> 
     </span>
     <span class='ocr_line' id='line_1_36' title="bbox 504 3662 2569 3748; baseline 0 -22"><span class='ocrx_word' id='word_1_285' title='bbox 504 3663 833 3747; x_wconf 77' lang='lat' dir='ltr'>aliquanto</span> <span class='ocrx_word' id='word_1_286' title='bbox 878 3662 1090 3727; x_wconf 87' lang='lat' dir='ltr'>minus</span> <span class='ocrx_word' id='word_1_287' title='bbox 1127 3684 1323 3748; x_wconf 85' lang='lat' dir='ltr'>quam</span> <span class='ocrx_word' id='word_1_288' title='bbox 1359 3663 1508 3729; x_wconf 88' lang='lat' dir='ltr'>olim</span> <span class='ocrx_word' id='word_1_289' title='bbox 1521 3711 1539 3742; x_wconf 95' lang='lat'>,</span> <span class='ocrx_word' id='word_1_290' title='bbox 1586 3663 1679 3729; x_wconf 89' lang='lat' dir='ltr'>sic</span> <span class='ocrx_word' id='word_1_291' title='bbox 1714 3674 1853 3729; x_wconf 91' lang='lat' dir='ltr'>tum</span> <span class='ocrx_word' id='word_1_292' title='bbox 1897 3663 2122 3728; x_wconf 86' lang='lat' dir='ltr'>avibus</span> <span class='ocrx_word' id='word_1_293' title='bbox 2158 3683 2433 3748; x_wconf 85' lang='lat' dir='ltr'>magnae</span> <span class='ocrx_word' id='word_1_294' title='bbox 2464 3684 2569 3726; x_wconf 87' lang='lat' dir='ltr'>res</span> 
     </span>
     <span class='ocr_line' id='line_1_37' title="bbox 507 3755 2661 3843; baseline 0 -23"><span class='ocrx_word' id='word_1_295' title='bbox 507 3755 797 3842; x_wconf 84' lang='lat' dir='ltr'>inpetriri</span> <span class='ocrx_word' id='word_1_296' title='bbox 833 3756 1144 3822; x_wconf 84' lang='lat' dir='ltr'>solebant.</span> <span class='ocrx_word' id='word_1_297' title='bbox 1231 3757 1469 3843; x_wconf 85' lang='lat' dir='ltr'>itaque,</span> <span class='ocrx_word' id='word_1_298' title='bbox 1505 3758 1759 3824; x_wconf 86' lang='lat' dir='ltr'>sinistra</span> <span class='ocrx_word' id='word_1_299' title='bbox 1794 3759 1951 3824; x_wconf 89' lang='lat' dir='ltr'>dum</span> <span class='ocrx_word' id='word_1_300' title='bbox 1984 3781 2114 3822; x_wconf 89' lang='lat' dir='ltr'>non</span> <span class='ocrx_word' id='word_1_301' title='bbox 2150 3755 2565 3841; x_wconf 81' lang='lat' dir='ltr'>exquirimus,</span> <span class='ocrx_word' id='word_1_302' title='bbox 2612 3773 2661 3813; x_wconf 77' lang='lat'>29</span> 
     </span>
     <span class='ocr_line' id='line_1_38' title="bbox 506 3849 2568 3935; baseline 0 -22"><span class='ocrx_word' id='word_1_303' title='bbox 506 3849 577 3914; x_wconf 87' lang='lat' dir='ltr'>in</span> <span class='ocrx_word' id='word_1_304' title='bbox 611 3849 750 3914; x_wconf 85' lang='lat' dir='ltr'>dira</span> <span class='ocrx_word' id='word_1_305' title='bbox 792 3862 859 3916; x_wconf 89' lang='lat' dir='ltr'>et</span> <span class='ocrx_word' id='word_1_306' title='bbox 899 3849 968 3914; x_wconf 92' lang='lat' dir='ltr'>in</span> <span class='ocrx_word' id='word_1_307' title='bbox 1012 3850 1242 3917; x_wconf 82' lang='lat' dir='ltr'>vitiosa</span> <span class='ocrx_word' id='word_1_308' title='bbox 1280 3851 1692 3918; x_wconf 86' lang='lat' dir='ltr'>incurrimus:</span> <span class='ocrx_word' id='word_1_309' title='bbox 1746 3866 1818 3916; x_wconf 88' lang='lat' dir='ltr'>ut</span> <span class='ocrx_word' id='word_1_310' title='bbox 1850 3851 1931 3916; x_wconf 88' lang='lat' dir='ltr'>P.</span> <span class='ocrx_word' id='word_1_311' title='bbox 1970 3849 2312 3927; x_wconf 85' lang='lat' dir='ltr'>Claudius,</span> <span class='ocrx_word' id='word_1_312' title='bbox 2364 3849 2568 3935; x_wconf 88' lang='lat' dir='ltr'>Appii</span> 
     </span>
     <span class='ocr_line' id='line_1_39' title="bbox 507 3939 2565 4034; baseline 0.001 -26"><span class='ocrx_word' id='word_1_313' title='bbox 507 3939 710 4009; x_wconf 85' lang='lat' dir='ltr'>Caeci</span> <span class='ocrx_word' id='word_1_314' title='bbox 743 3945 942 4024; x_wconf 88' lang='lat' dir='ltr'>filius,</span> <span class='ocrx_word' id='word_1_315' title='bbox 995 3945 1262 4030; x_wconf 81' lang='lat' dir='ltr'>eiusque</span> <span class='ocrx_word' id='word_1_316' title='bbox 1308 3947 1556 4034; x_wconf 83' lang='lat' dir='ltr'>collega</span> <span class='ocrx_word' id='word_1_317' title='bbox 1590 3947 1674 4012; x_wconf 90' lang='lat' dir='ltr'>L.</span> <span class='ocrx_word' id='word_1_318' title='bbox 1711 3947 1939 4012; x_wconf 87' lang='lat' dir='ltr'>Iunius</span> <span class='ocrx_word' id='word_1_319' title='bbox 1976 3946 2194 4010; x_wconf 86' lang='lat' dir='ltr'>elassis</span> <span class='ocrx_word' id='word_1_320' title='bbox 2230 3967 2565 4010; x_wconf 83' lang='lat' dir='ltr'>maxumas</span> 
     </span>
     <span class='ocr_line' id='line_1_40' title="bbox 509 4037 2568 4128; baseline 0.001 -26"><span class='ocrx_word' id='word_1_321' title='bbox 509 4037 949 4124; x_wconf 83' lang='lat' dir='ltr'>perdiderunt,</span> <span class='ocrx_word' id='word_1_322' title='bbox 1003 4058 1152 4105; x_wconf 77' lang='lat' dir='ltr'>eum</span> <span class='ocrx_word' id='word_1_323' title='bbox 1197 4041 1352 4107; x_wconf 86' lang='lat' dir='ltr'>vitio</span> <span class='ocrx_word' id='word_1_324' title='bbox 1385 4042 1817 4128; x_wconf 89' lang='lat' dir='ltr'>navigassent.</span> <span class='ocrx_word' id='word_1_325' title='bbox 1906 4040 2082 4125; x_wconf 89' lang='lat' dir='ltr'>quod</span> <span class='ocrx_word' id='word_1_326' title='bbox 2116 4039 2343 4106; x_wconf 87' lang='lat' dir='ltr'>eodem</span> <span class='ocrx_word' id='word_1_327' title='bbox 2378 4039 2568 4106; x_wconf 87' lang='lat' dir='ltr'>modo</span> 
     </span>
     <span class='ocr_line' id='line_1_41' title="bbox 506 4132 2285 4222; baseline 0 -22"><span class='ocrx_word' id='word_1_328' title='bbox 506 4132 724 4200; x_wconf 87' lang='lat' dir='ltr'>evenit</span> <span class='ocrx_word' id='word_1_329' title='bbox 757 4134 1260 4220; x_wconf 74' lang='lat' dir='ltr'>Agamemnoniz</span> <span class='ocrx_word' id='word_1_330' title='bbox 1297 4134 1432 4221; x_wconf 85' lang='lat' dir='ltr'>qui,</span> <span class='ocrx_word' id='word_1_331' title='bbox 1469 4159 1618 4201; x_wconf 89' lang='lat' dir='ltr'>eum</span> <span class='ocrx_word' id='word_1_332' title='bbox 1650 4134 1890 4201; x_wconf 88' lang='lat' dir='ltr'>Achivi</span> <span class='ocrx_word' id='word_1_333' title='bbox 1927 4135 2285 4222; x_wconf 86' lang='lat' dir='ltr'>coepissent</span> 
     </span>
    </p>
   </div>
  </div>
 </body>
</html>
