3292 4559
1226 230 1433 288 CATO
1468 231 1722 287 MAIOR
1753 231 1994 287 42-46.
2509 219 2640 284 249

584 359 701 424 M’.
752 355 988 423 Curius
1033 379 1181 421 cum
1223 355 1303 420 P.
1348 356 1585 433 Decio,
1641 355 1753 439 qui
1802 355 2238 440 quinquennio
2292 366 2438 421 ante
2491 379 2641 422 eum

580 451 908 520 consulem
943 473 1013 518 se
1044 473 1162 537 pro
1207 474 1276 516 re
1312 450 1573 537 publica
1608 461 1836 534 quarto
1887 451 2220 517 consulatu
2264 450 2636 529 devoverat3

580 558 763 614 norat
796 547 1070 613 eundem
1103 543 1462 622 Fabricius,
1498 554 1686 609 norat
1713 540 2188 610 Coruncanius:
2227 544 2339 629 qui
2375 567 2522 610 cum
2557 567 2640 610 ex

580 666 699 709 sua
733 643 865 708 vita
908 653 1047 707 tum
1094 664 1177 706 ex
1212 641 1349 706 eius
1397 661 1593 724 quem
1643 639 1786 705 dico
1821 639 2014 705 Decii
2055 639 2225 706 facto
2269 639 2637 706 iudicabant

579 760 719 804 esse
753 736 1039 823 profecto
1076 734 1321 818 aliquid
1354 745 1587 799 natura
1620 733 1960 819 pulchrum
1988 744 2181 818 atque
2215 735 2644 819 praeclarum,

574 832 751 916 quod
796 853 915 896 sua
950 840 1177 916 sponte
1212 839 1537 915 peteretur
1570 830 1872 912 quodque
1917 839 2132 913 spreta
2166 839 2232 893 et
2274 839 2639 914 contempta

575 926 905 1010 voluptate
950 934 1249 1009 optumus
1297 923 1567 1006 quisque
1612 933 2002 1005 sequeretur.
2091 943 2400 1006 quorsum
2441 923 2640 1008 igitur

576 1032 711 1084 tam
738 1019 943 1084 multa
966 1018 1049 1084 de
1074 1017 1443 1103 voluptate?
1476 1017 1631 1101 quia
1657 1039 1788 1082 non
1813 1016 2005 1082 modo
2034 1017 2416 1102 vituperatio
2441 1019 2638 1095 nulla,

574 1113 691 1178 sed
728 1113 922 1178 etiam
958 1133 1213 1176 summa
1246 1113 1388 1176 laus
1425 1111 1768 1176 senectutis
1805 1121 1920 1188 est,
1957 1110 2132 1195 quod
2167 1135 2244 1177 ea
2277 1113 2636 1199 voluptates

576 1208 786 1272 nullas
823 1224 1060 1292 magno
1098 1227 1291 1292 opere
1328 1205 1669 1272 desiderat.
1725 1217 1898 1272 caret
1933 1207 2136 1292 epulis
2175 1207 2638 1291 exstructisque

576 1303 813 1368 mensis
834 1313 897 1367 et
924 1301 1367 1386 frequentibus
1394 1302 1672 1389 poculisz
1703 1311 1876 1368 caret
1894 1325 2048 1388 ergo
2069 1302 2262 1370 etiam
2287 1302 2640 1368 vinulentia

574 1408 641 1462 et
677 1397 989 1463 cruditate
1026 1407 1091 1462 et
1122 1397 1472 1462 insomniis.
1545 1396 1663 1462 sed
1697 1396 1752 1461 si
1787 1397 2032 1481 aliquid
2073 1397 2358 1462 dandum
2394 1408 2492 1464 est
2525 1419 2640 1462 vo-

574 1491 832 1577 luptati,
878 1491 1181 1574 quoniam
1216 1491 1351 1558 eius
1388 1491 1716 1557 blanditiis
1750 1513 1880 1557 non
1925 1491 2115 1558 facile
2151 1493 2516 1558 obsistimus
2549 1529 2640 1541 -

572 1586 789 1652 divine
832 1587 1004 1652 enim
1037 1586 1229 1652 Plato
1276 1609 1491 1652 escam
1535 1588 1851 1652 malorum
1899 1588 2178 1672 appellat
2224 1588 2636 1673 voluptatem,

575 1681 751 1764 quod
784 1703 863 1746 ea
895 1681 1193 1746 videlicet
1226 1680 1515 1746 homines
1553 1681 1888 1765 capiantur
1922 1693 1996 1744 ut
2026 1680 2235 1765 pisces
2267 1715 2376 1756 -—-,
2413 1701 2639 1764 quam-

574 1797 773 1859 quam
816 1773 1227 1839 inmoderatis
1274 1774 1477 1859 epulis
1524 1786 1699 1838 caret
1743 1785 2066 1850 senectus,
2109 1772 2377 1838 modicis
2423 1784 2637 1840 tamen

575 1867 886 1933 conviviis
941 1866 1243 1932 delectari
1292 1876 1522 1952 pot-est.
1622 1864 1700 1931 C.
1736 1866 2070 1932 Duellium
2084 1915 2102 1944 ,
2155 1866 2368 1932 Marci
2411 1867 2635 1944 filium,

575 1963 687 2046 qui
728 1960 986 2026 Poenos
1034 1960 1237 2026 classe
1279 1961 1525 2047 primus
1570 1959 1922 2038 devicerat,
1976 1961 2352 2027 redeuntem
2397 1984 2436 2027 a
2480 1984 2640 2028 cena

576 2077 799 2120 senem
834 2076 1025 2140 saepe
1052 2053 1354 2120 videbam
1389 2076 1550 2140 puer
1558 2079 1577 2132 3
1616 2053 2307 2121 delectabaturcrebro
2334 2054 2536 2120 funali
2574 2067 2638 2120 et

575 2148 861 2226 tibicine,
926 2149 1269 2232 quaesibi
1320 2151 1496 2215 nullo
1552 2149 1847 2234 exemplo
1909 2149 2196 2234 privatus
2253 2161 2635 2236 sumpserat:

510 2254 524 2263 ⁴
574 2253 827 2310 tantum
876 2244 1170 2310 licentiae
1223 2244 1419 2310 dabat
1468 2244 1695 2331 gloria.
1785 2243 1900 2310 sed
1945 2243 2102 2328 quid
2146 2265 2268 2330 ego
2305 2245 2502 2311 alios?
2554 2244 2637 2309 ad
2707 2277 2732 2304 ψ

573 2360 678 2404 me
712 2339 926 2426 ipsum
959 2340 1089 2404 iam
1124 2352 1424 2406 revertar.
1513 2340 1794 2426 primum
1840 2338 2038 2404 habui
2073 2359 2324 2424 semper
2368 2339 2633 2416 sodalis3

573 2434 941 2501 sodalitates
995 2445 1210 2500 autem
1260 2457 1367 2501 me
1419 2446 1758 2519 quaestore
1815 2435 2194 2500 constitutae
2247 2445 2396 2500 sunt
2440 2434 2635 2500 sacris

572 2527 785 2596 Idaeis
820 2529 1110 2618 Magnae
1144 2529 1381 2594 Matris
1418 2530 1726 2615 acceptis:
1777 2528 2085 2615 epulabar
2119 2528 2316 2614 igitur
2351 2551 2500 2594 cum
2535 2551 2639 2594 so-

573 2623 823 2690 dalibus
860 2625 1118 2690 omnino
1153 2625 1434 2700 modice,
1488 2623 1604 2688 sed
1652 2633 1788 2688 erat
1834 2623 2096 2706 quidam
2140 2622 2356 2687 fervor
2390 2623 2637 2699 aetatis,

571 2739 702 2800 qua
728 2719 1177 2804 progrediente
1204 2719 1421 2784 omnia
1444 2717 1609 2784 fiunt
1640 2717 1710 2782 in
1737 2717 1872 2782 dies
1907 2719 2189 2795 mitiora3
2224 2717 2638 2801 nequeenim

572 2812 859 2896 ipsorum
894 2813 1333 2877 conviviorum
1363 2811 1852 2877 delectationem
1879 2811 2314 2898 voluptatibus
2353 2811 2634 2898 corporis

572 2904 781 2989 magis
836 2925 1032 2987 quam
1087 2915 1274 2969 coetu
1328 2905 1684 2970 amicorum
1737 2917 1802 2969 et
1852 2907 2250 2972 sermonibus
2302 2906 2632 2972 metiebar.

576 2996 741 3062 bene
793 2995 964 3061 enim
1024 2996 1297 3062 maiores
1349 2997 1821 3064 accubitionem
1874 3001 2201 3084 epularem
2263 3001 2633 3076 amicorum,

579 3091 731 3175 quia
776 3090 947 3156 vitae
982 3090 1493 3158 coniunctionem
1527 3091 1825 3170 haberet,
1864 3093 2227 3160 convivium
2263 3096 2635 3160 nominave-

574 3197 749 3264 runt,
801 3183 1029 3252 melius
1075 3207 1271 3270 quam
1309 3185 1575 3265 Graeci,
1630 3187 1743 3272 qui
1785 3188 1908 3254 hoc
1940 3189 2112 3254 idem
2157 3200 2298 3254 tum
2333 3201 2636 3274 conpeta-

572 3281 841 3358 tionem,
894 3291 1032 3345 tum
1066 3282 1589 3348 concenationem
1632 3295 1895 3360 vocant,
1950 3294 2050 3361 ut,
2092 3283 2270 3366 quod
2305 3282 2374 3346 in
2409 3304 2485 3348 eo
2521 3304 2635 3367 ge-

572 3398 725 3443 nere
769 3374 1106 3442 minimum
1150 3385 1275 3455 est,
1328 3376 1396 3440 id
1430 3377 1710 3444 maxime
1751 3379 2026 3464 probare
2061 3376 2418 3442 videantur.
2509 3397 2630 3461 ego
2670 3372 2738 3484 ἐξ

573 3493 725 3538 vero
760 3481 1021 3558 propter
1056 3471 1367 3537 sermonis
1404 3471 1892 3567 delectationem
1937 3470 2328 3556 tempestivis
2371 3491 2632 3554 quoque

572 3565 880 3631 conviviis
916 3564 1199 3632 delector
1241 3589 1361 3634 nec
1398 3588 1547 3632 cum
1591 3566 1968 3652 aequalibus
2004 3567 2239 3640 solum,
2285 3565 2398 3648 qui
2441 3565 2633 3652 pauci

573 3659 920 3725 admodum
970 3669 1239 3738 restant,
1294 3661 1410 3728 sed
1464 3682 1611 3726 cum
1664 3673 1878 3729 vestra
1929 3661 2124 3726 etiam
2176 3670 2383 3726 aetate
2437 3669 2630 3743 atque

574 3753 903 3819 vobiscum
917 3801 935 3831 ,
988 3754 1326 3840 habeoque
1380 3756 1693 3822 senectuti
1743 3777 2048 3841 magnam
2099 3753 2402 3840 gratiam,
2461 3774 2628 3837 quae

574 3847 731 3912 mihi
766 3849 1075 3915 sermonis
1111 3850 1486 3917 aviditatem
1522 3849 1730 3928 auxit,
1778 3848 2054 3935 potionis
2089 3859 2155 3914 et
2189 3847 2318 3914 cibi
2353 3847 2628 3912 sustulit.

573 3942 747 4025 quod
782 3943 837 4008 si
872 3965 1065 4027 quem
1102 3946 1294 4012 etiam
1327 3948 1451 4012 ista
1477 3945 1814 4023 delectant,
1851 3967 1935 4011 ne
1953 3945 2221 4010 'omnino
2256 3943 2498 4010 bellum
2530 3943 2629 4008 in·-

572 4035 808 4102 dixisse
844 4038 1065 4104 videar
1099 4041 1439 4127 voluptati,
1485 4042 1668 4107 cuius
1705 4049 1804 4106 est
1843 4038 2114 4106 fortasse
2148 4039 2407 4125 quidam
2442 4048 2630 4105 natu-

2683 943 2736 980 44
