3292 4559
461 0 801 38 -ΓᾞἿυν-ιήν-ῑ-
816 0 837 15 w
890 0 968 12 v-r*
1030 1 1042 5 =

503 16 512 23 ι
525 22 533 30 ’
589 22 618 47 n*
648 14 688 47 ’πῃ
747 20 793 49 ..Ο
1110 41 1120 45 =
1216 13 1227 18 ‘
1441 46 1444 51 ,
1704 29 1725 56 X
2011 44 2016 48 .

471 58 480 63 -
582 71 594 94 ἱ
706 82 710 87 ι
753 53 764 65 ι
829 60 837 65 .
880 74 895 83 G
1902 48 1917 81 ‘K

850 256 1285 313 PARADOXA
1321 255 1768 314 STOICORUM
1801 259 1913 329 VI,=
1941 259 2179 316 45—51.
2262 214 2278 228 ο
2415 247 2540 314 129

463 392 762 450 recte—
780 391 882 451 est
912 379 1083 444 enim
1118 378 1201 443 ad
1236 380 1411 466 volgi
1446 379 1809 466 opinionem
1843 381 2204 462 mediocris,
2242 374 2326 449 ad
2361 396 2537 448 tuam

466 477 685 554 nulla,
724 475 807 539 ad
840 483 1052 538 meam
1086 473 1339 538 modica
1370 510 1489 553 ——,
1519 473 1615 540 ‘de
1648 497 1755 539 me
1792 475 2026 554 sileb0‚
2071 477 2152 542 dc
2186 500 2254 543 re
2289 478 2529 564 loquar.

470 573 528 636 si
574 568 899 637 censenda
940 568 1124 633 nobis
1160 568 1243 632 sit
1286 579 1477 654 atque
1522 569 1918 635 aestimanda
1960 594 2093 650 res,
2137 584 2349 638 utrum
2397 588 2533 636 tan-
2569 592 2621 628 «ΞΕ

468 667 624 732 dem
659 663 862 750 pluris
900 663 1307 729 aestimemus
1341 665 1681 750 pecuniam
1715 663 1972 750 Pyrrhi,
2010 688 2203 750 quarn
2237 667 2533 732 Fabi-ieie

469 759 705 836 dabat,
743 781 825 823 an
862 756 1316 822 continentiam
1350 756 1662 834 Fabricii,
1709 759 1821 841 qui
1853 759 2028 824 illam
2064 762 2401 844 pecuniam
2439 788 2537 828 re*

467 853 827 941 pudiabat?
894 862 1111 917 utrum
1156 873 1382 916 aurum
1432 849 1817 916 Samnitium
1865 875 1949 916 an
1992 876 2369 939 responsum
2417 860 2533 920 Μ’,

470 946 702 1013 Curii?
770 944 1188 1011 hereditatem
1233 944 1315 1008 L.
1361 944 1554 1009 Pauli
1598 968 1683 1009 an
1727 945 2174 1013 liberalitatem
2217 948 2529 1024 Africani,

465 1042 584 1126 qui
621 1040 761 1106 eius
795 1039 1163 1105 hereditatis
1200 1037 1284 1120 Q.
1320 1039 1615 1104 Maximo
1664 1040 1846 1104 fratri
1881 1055 2132 1126 partem
2166 1065 2349 1107 suam
2385 1068 2533 1108 rnn-

470 1135 701 1201 cessit?
760 1133 929 1199 ‘haec
971 1132 1290 1218 profecte,
1338 1154 1504 1216 quae
1557 1143 1706 1198 sunt
1761 1157 2154 1201 summarum
2205 1137 2529 1210 virtutum,

468 1230 673 1316 pluris
726 1227 1125 1293 aestimanda
1170 1237 1320 1292 sunt
1364 1248 1559 1311 quam
1600 1229 1740 1306 illa,
1796 1251 1961 1312 quae
2009 1241 2156 1295 sunt
2200 1232 2529 1317 pecunias.

471 1326 616 1410 quis
652 1325 876 1411 igitur,
912 1324 967 1388 si
1003 1323 1293 1406 quidem,
1341 1334 1414 1388 ut
1448 1324 1719 1409 quisque
1756 1327 1930 1410 quod
1963 1327 2220 1412 plurimi
2255 1337 2349 1393 est
2385 1352 2529 1436 pus*

470 1420 668 1496 sidet,
710 1418 801 1482 ita
838 1417 1251 1482 divitissimus
1285 1417 1619 1482 habendus
1658 1429 1782 1496 est,
1829 1420 2078 1487 dubitet
2112 1423 2268 1506 quin
2301 1422 2365 1486 in
2405 1424 2529 1484 111-

470 1525 606 1579 tute
673 1512 929 1577 divitiae
992 1511 1155 1575 sint?
1224 1513 1525 1595 quoniam
1574 1514 1754 1578 nulla
1805 1515 2149 1598 possessio,
2203 1515 2381 1580 nulla
2437 1516 2529 1580 ΞΞ.

472 1609 610 1674 auri
657 1618 722 1672 et
757 1605 1008 1692 argenti
1041 1606 1244 1690 pluris
1280 1628 1476 1690 quam
1511 1607 1717 1672 virtus
1751 1608 2149 1673 aestimanda
2183 1620 2298 1675 est.
2389 1636 2425 1672 1]
2465 1588 2617 1672 1]Ξὸ

470 1700 869 1765 inmortales!
940 1721 1072 1763 nou
1104 1699 1487 1787 intellegunt
1520 1699 1810 1766 homines
1847 1723 2040 1784 quam
2076 1725 2385 1788 magnum
2421 1728 2529 1768 we—

474 1795 666 1881 ctigal
718 1795 799 1858 sit
850 1793 1258 1878 parsimonia.
1348 1794 1535 1859 venio
1583 1795 1753 1859 enim
1800 1794 1931 1859 iam
1977 1795 2059 1860 ad
2104 1806 2525 1881 sumptuosus,

471 1889 759 1972 relinquo
801 1887 996 1951 istum
1041 1897 1515 1971 quaestuosum.
1606 1889 1780 1974 capit
1821 1888 1927 1954 ille
1973 1912 2054 1954 ex
2089 1889 2220 1954 suis
2254 1892 2525 1974 praediis

474 2004 737 2048 sescena
781 1980 1099 2058 sestertia,
1146 2003 1267 2066 ego
1314 1991 1581 2046 centena
1617 2004 1699 2047 ex
1733 1983 1922 2060 meis3
1977 1982 2070 2046 illi
2106 1993 2328 2047 aurata
2361 1996 2528 2048 tecta

470 2077 536 2140 in
570 2075 740 2140 villis
776 2086 839 2140 et
874 2075 1010 2139 sola
1043 2096 1401 2160 marmorea
1434 2073 1696 2140 facienti
1733 2085 1797 2141 et
1834 2076 2046 2161 signa,
2094 2076 2373 2152 tabulas,
2425 2100 2529 2140 su*

470 2170 847 2258 pellectilem
887 2180 951 2235 et
984 2180 1229 2236 vestem
1264 2164 1509 2235 infinite
1546 2171 2023 2256 concupiscenti
2056 2192 2184 2235 non
2220 2172 2409 2236 modo
2449 2172 2525 2232 nd

473 2261 816 2352 sumptumv
843 2264 952 2329 ille
998 2275 1095 2330 est
1138 2265 1416 2342 fructus,
1463 2264 1576 2330 sed
1612 2267 1806 2330 etiam
1843 2266 1926 2330 ad
1959 2264 2189 2331 faenus
2224 2266 2525 2352 exiguus:

472 2383 551 2425 ex
610 2381 755 2424 meo
807 2359 985 2424 tenui
1036 2359 1337 2445 vectigali
1392 2358 1692 2424 detractis
1747 2360 2108 2445 sumptibus
2164 2360 2525 2446 cupiditatis

472 2452 711 2536 aliquid
765 2452 956 2518 etiam
1008 2453 1412 2518 redundabit.
1500 2465 1645 2518 uter
1696 2455 1894 2540 igitur
1949 2465 2044 2520 est
2087 2454 2369 2532 divitior,
2425 2456 2525 2520 eui

470 2547 651 2613 deest
695 2571 778 2611 an
822 2547 927 2611 cui
969 2547 1265 2631 superat?
1335 2547 1446 2631 qui
1495 2560 1641 2633 eget
1689 2571 1771 2614 an
1805 2549 1918 2634 qui
1955 2548 2276 2615 abundat?
2345 2552 2525 2612 cuius

468 2641 784 2727 possessio
820 2661 948 2724 quo
986 2651 1083 2706 est
1115 2641 1343 2717 maior,
1381 2663 1457 2706 eo
1491 2642 1636 2727 plus
1672 2643 1940 2728 requirit
1974 2643 2059 2707 ad
2095 2664 2163 2708 se
2201 2644 2525 2715 tuendam,

470 2758 552 2800 an
595 2755 761 2818 quae
807 2735 939 2799 suis
984 2757 1052 2798 se
1097 2735 1339 2801 viribus
1390 2736 1696 2801 sustinet?
1767 2736 1881 2802 sed
1925 2736 2083 2819 quid
2133 2757 2255 2821 ego
2301 2736 2381 2800 dne
2429 2760 2525 2800 111ss
2565 2764 2613 2800 :a

468 2831 723 2914 loquor,
772 2829 882 2913 qui
917 2851 1166 2894 morum
1203 2851 1279 2895 ac
1314 2840 1675 2915 temporum
1711 2831 1866 2894 vitio
1904 2830 2300 2913 aliquantum
2338 2832 2525 2892 etiam

467 2924 605 3009 ipse
634 2922 905 2988 fortasse
937 2923 1005 2986 in
1040 2922 1228 2988 huius
1266 2923 1502 2988 saeculi
1537 2944 1748 2989 errore
1783 2923 2040 2987 verser?
2081 2920 2200 2986 Μ’.
2219 2921 2525 2986 Manilius

467 3028 723 3103 patrum
757 3028 1117 3082 nostrorum
1152 3017 1493 3093 memoria,
1528 3039 1610 3082 ne
1647 3038 1899 3102 semper
1935 3012 2164 3080 Curios
2201 3025 2264 3080 et
2298 3014 2525 3078 Lusci-

469 3134 587 3177 nos
629 3109 995 3196 loquamur,
1040 3135 1288 3198 pauper
1333 3112 1594 3177 tandem
1638 3110 1802 3176 fuit?
1871 3110 2096 3174 habuit
2140 3109 2311 3175 enim
2357 3132 2425 3176 ac
2437 3112 2526 3172 dj-

470 3205 647 3272 culas
705 3206 773 3269 in
828 3203 1081 3270 Carinis
1145 3215 1210 3271 et
1259 3204 1534 3270 fundum
1584 3204 1654 3270 in
1707 3204 2058 3269 LabicanO.
2165 3226 2280 3269 nos
2331 3204 2525 3288 igitur

468 3301 815 3379 divitiores,
852 3300 965 3385 qui
999 3301 1183 3385 plura
1216 3299 1567 3366 habemus?
1626 3300 1872 3365 utinam
1909 3297 2196 3381 quidem!
2236 3297 2349 3363 sed
2398 3320 2522 3360 nnn

468 3393 909 3459 aestimatione
946 3416 1173 3459 census
1187 3442 1205 3471 ,
1240 3417 1463 3460 verum
1499 3395 1678 3459 victu
1714 3405 1908 3477 atque
1943 3393 2121 3456 cultu
2155 3391 2529 3456 terminatur

465 3488 778 3575 pecuniae
804 3487 1053 3556 modus.
1123 3508 1254 3552 non
1282 3509 1419 3552 esse
1447 3487 1752 3573 cupidum
1779 3485 2051 3572 pecunia
2081 3493 2194 3561 est,
2229 3505 2357 3572 non
2389 3508 2525 3548 esse
2565 3504 2609 3540 51

468 3603 756 3648 emacem
808 3581 1085 3667 vectigal
1139 3591 1261 3647 est:
1324 3588 1692 3647 contentum
1747 3600 1900 3645 vero
1955 3579 2087 3644 suis
2139 3577 2332 3642 rebus
2389 3600 2525 3640 esse

465 3675 788 3741 maximae
849 3685 1000 3740 sunt
1060 3673 1574 3758 certissimaeque
1638 3674 1914 3739 divitiae.
2024 3672 2256 3737 etenim
2319 3672 2373 3734 si
2425 3672 2526 3732 isti

467 3769 683 3834 callidi
717 3792 933 3834 rerum
970 3770 1403 3835 aestimatores
1438 3778 1621 3855 prata
1657 3778 1721 3835 et
1749 3789 1927 3832 areas
1956 3766 2265 3851 quasdam
2291 3788 2525 3848 magns

466 3862 837 3941 aestimant,
891 3863 1065 3948 quod
1118 3863 1179 3929 ei
1229 3861 1451 3948 generi
1501 3861 1976 3948 possessionum
2029 3859 2291 3924 minime
2345 3860 2525 3940 quasi

464 3958 686 4024 noceri
737 3967 975 4043 potest,
1030 3957 1251 4042 quanti
1304 3966 1401 4022 est
1456 3954 1850 4023 aestimanda
1906 3953 2138 4031 virtus,
2191 3974 2354 4038 quae
2409 3976 2525 4016 nee

465 4052 631 4138 eripi
664 4073 785 4118 nec
822 4051 1069 4136 subripi
1102 4061 1334 4138 potest,
1370 4072 1581 4137 neque
1614 4047 1954 4134 naufragio
1989 4069 2200 4132 neque
2233 4045 2525 4114 incendio

575 4152 796 4196 Ciceronis
822 4152 903 4197 vol.
933 4151 1043 4197 vm.
2139 4146 2173 4201 9

2573 1660 2621 1692 ξιξ-Ι
