3292 4559
1054 224 1160 279 DE
1197 170 1526 279 ermetis
1561 224 1608 289 ι.
1664 184 1909 277 36440.
2430 211 2513 275 13
2556 229 2563 275 ς

454 348 724 436 imperio
761 348 1120 413 decertatur
1152 333 1451 429 belloque
1487 346 1817 429 quaeritur
1850 345 2075 431 gloria,
2113 366 2339 411 causas
2376 367 2515 411 om·-

454 444 611 507 nino
674 442 936 507 subesse
988 452 1203 505 tamen
1257 443 1509 525 oportet
1561 440 1851 517 easdem,
1918 460 2075 522 quas
2132 438 2267 503 dixi
2316 440 2512 524 paulo

457 548 608 601 ante
649 536 850 601 iustas
896 555 1121 597 causas
1170 556 1306 599 esse
1341 534 1677 599 bellorum.
1766 534 1882 599 sed
1917 556 1995 597 ea
2028 533 2229 609 bella,
2280 533 2513 616 quibus

456 630 708 717 imperii
742 628 1066 717 proposita
1099 628 1304 713 gloria
1340 640 1466 707 est,
1500 628 1713 694 minus
1750 627 1977 693 acerbe
2012 628 2297 713 gerenda
2332 641 2515 707 sunt;

455 738 531 789 ut
557 726 728 791 enim
755 746 904 791 cum
923 723 1047 787 civi
1078 722 1260 789 aliter
1277 724 1739 811 contendimus,
1769 724 1823 787 si
1840 733 1938 788 est
1964 723 2281 799 inimicus,
2310 722 2513 799 aliter,

458 819 514 883 si
550 818 904 904 conpetitor
919 852 1007 863 —-·-
1025 838 1176 881 cum
1210 817 1408 883 altero
1443 828 1768 883 certamen
1802 816 2057 881 honoris
2096 827 2159 881 et
2186 817 2513 902 dignitatis

457 925 586 991 est,
631 936 779 979 cum
824 912 1022 975 altero
1071 911 1296 995 capitis
1333 921 1396 975 et
1430 911 1642 977 famae
1676 946 1795 987 —-,
1839 910 1931 975 sic
1966 932 2117 973 cum
2153 907 2514 986 Celtiberis,

457 1030 608 1073 cum
661 1004 944 1074 Cimbris
994 1004 1238 1069 bellum
1289 1014 1362 1067 ut
1415 1026 1564 1069 cum
1615 1000 1890 1069 inimicis
1943 1003 2317 1089 gerebatur,
2370 1014 2515 1069 uter

459 1111 660 1177 esset,
695 1120 826 1163 non
861 1109 1006 1163 uter
1039 1099 1408 1183 imperaret,
1447 1120 1593 1163 cum
1628 1097 1903 1173 Latinis,
1942 1096 2220 1173 Sabinis,
2258 1095 2515 1163 Samni-

456 1196 662 1268 tibus,
714 1192 981 1269 Poenis,
1033 1191 1286 1277 Pyrrho
1339 1192 1419 1258 de
1463 1192 1731 1277 imperio
1778 1192 2219 1257 dimicabatur.
2306 1192 2515 1257 Poeni

457 1287 828 1373 foedifragi,
874 1286 1148 1353 crudelis
1192 1286 1550 1363 Hannibal,
1604 1286 1836 1372 reliqui
1876 1286 2189 1352 iustiores.
2276 1285 2513 1373 Pyrrhi

458 1382 718 1468 quidem
755 1381 835 1446 de
869 1381 1136 1465 capt-ivis
1171 1381 1512 1448 reddendis
1545 1382 1657 1445 illa
1691 1381 2047 1466 praeclara·
2508 1428 2514 1436 ·

542 1540 662 1584 nec
696 1518 786 1583 mi
821 1540 1048 1582 aurum
1083 1538 1279 1603 posco
1315 1538 1434 1583 nec
1469 1518 1556 1581 mi
1592 1518 1868 1603 pretium
1906 1518 2236 1582 dederitis:

541 1634 671 1677 non
707 1622 1138 1697 cauponantes
1175 1612 1436 1688 bellum,
1475 1613 1588 1677 sed
1623 1612 2092 1696 belligerantes,

543 1708 734 1783 ferr0,
770 1727 900 1769 non
937 1728 1094 1771 auro
1129 1706 1332 1769 vitam
1367 1728 1704 1773 cernamus
1740 1706 2013 1787 utrique.

543 1822 742 1865 vosne
777 1798 932 1863 velit
966 1822 1050 1863 an
1085 1822 1188 1863 me
1225 1820 1495 1883 regnare
1532 1822 1640 1865 era
1678 1798 1913 1881 quidve
1948 1798 2111 1861 ferat
2144 1796 2329 1875 Fors,

545 1894 779 1959 virtute
815 1893 1236 1978 experiamur.
1328 1904 1392 1957 et
1424 1893 1548 1957 hoc
1583 1892 1772 1957 simul
1808 1891 2024 1977 accipe
2062 1892 2330 1956 dictumz

546 2006 820 2071 quorum
855 1986 1074 2050 virtuti
1108 1987 1261 2051 belli
1295 1987 1553 2051 fortuna
1587 1986 1893 2071 pepercit,

545 2081 895 2147 eorundem
928 2080 1208 2145 libert-ati
1243 2104 1346 2145 me
1381 2104 1643 2167 parcere
1682 2092 1924 2146 certum
1963 2090 2084 2145 est:

545 2176 712 2240 dono
750 2175 960 2241 ducite
998 2175 1210 2259 doque
1249 2175 1609 2240 volentibus
1647 2197 1795 2239 cum
1829 2175 2079 2261 magnis
2116 2174 2233 2239 dis.

455 2321 690 2407 regalis
728 2344 879 2387 sane
917 2330 980 2387 et
1015 2321 1212 2407 digna
1247 2322 1682 2387 Aeacidarum
1717 2344 1953 2407 genere
1990 2320 2320 2387 sententia.

584 2417 805 2500 Atque
874 2416 1097 2493 etiam,
1169 2417 1222 2481 si
1283 2416 1440 2498 quid
1501 2416 1740 2502 singuli
1799 2416 2193 2501 temporibus
2254 2414 2513 2480 adducti
2549 2409 2618 2462 13

456 2510 624 2577 hosti
666 2510 1122 2595 promiserunt,
1169 2520 1266 2575 est
1307 2510 1378 2576 in
1421 2532 1496 2575 eo
1541 2511 1683 2596 ipso
1728 2509 1886 2575 fides
1932 2508 2481 2587 conservanda,u

455 2606 662 2691 primo
705 2604 956 2670 Punico
1007 2604 1174 2671 bello
1219 2604 1512 2689 Regulus
1557 2615 1783 2690 captus
1833 2627 1874 2669 a
1904 2602 2143 2669 Poenis
2157 2650 2175 2679 ,
2230 2624 2379 2668 cum
2433 2604 2513 2669 de

457 2699 724 2784 captivis
777 2700 1244 2766 commutandis
1291 2700 1567 2766 Romam
1619 2701 1853 2765 missus
1904 2710 2072 2765 esset
2114 2698 2513 2783 iurassetque

460 2816 528 2858 se
571 2792 953 2869 rediturum,
998 2793 1307 2878 primum,
1353 2805 1427 2858 ut
1471 2795 1672 2871 venit,
1718 2793 2007 2879 captivos
2050 2792 2410 2857 reddendos
2444 2793 2513 2856 in

460 2898 686 2954 senatu
735 2908 867 2951 non
913 2888 1189 2965 censuit,
1245 2888 1475 2954 deinde
1489 2936 1508 2965 ,
1563 2910 1711 2953 cum
1752 2888 2129 2953 retineretur
2172 2910 2212 2951 a
2254 2886 2515 2972 propin-

459 2980 602 3064 quis
657 2992 722 3046 et
776 2981 859 3045 ab
913 2982 1132 3047 amicis
1145 3027 1164 3058 ‚
1219 2982 1302 3046 ad
1354 2982 1739 3067 supplicium
1790 2980 1999 3047 redire
2050 2982 2275 3055 maluit
2316 3001 2513 3064 quam

458 3075 651 3141 fidem
687 3073 854 3141 hosti
889 3074 1110 3139 datam
1144 3075 1384 3141 fallere.
1463 3074 1773 3159 [secundo
1810 3086 2025 3141 autem
2058 3075 2307 3141 Punico
2343 3075 2511 3141 bello
2544 3102 2601 3144 ιο

457 3180 604 3255 post
641 3166 1046 3235 Cannensem
1085 3192 1372 3255 pugnam
1407 3191 1568 3252 quos
1614 3170 1837 3235 decem
1872 3158 2202 3235 Hannibal
2236 3170 2513 3237 Romam
2676 3168 2679 3173 ’

461 3263 748 3329 astrictos
798 3263 972 3327 misit
1021 3263 1160 3329 iure
1211 3264 1482 3329 iurando
1537 3286 1606 3329 se
1656 3264 1971 3329 redituros
2024 3286 2193 3341 esse,
2254 3263 2379 3329 nisi
2433 3264 2512 3329 de

459 3358 894 3423 redimendis
876 3358 985 3436 iis,
1029 3381 1146 3447 qur
1177 3358 1348 3444 capti
1384 3370 1593 3435 erant,
1639 3358 2115 3443 impetrassent,
2162 3380 2271 3423 eos
2307 3358 2513 3421 omnis

461 3474 752 3518 censores
766 3499 784 3529 ,
831 3452 1046 3537 quoad
1091 3452 1364 3537 quisque
1409 3475 1630 3517 eorum
1677 3453 1864 3527 vixit,
1910 3452 2064 3534 quia
2104 3451 2514 3537 peierassent,

459 3548 528 3611 in
561 3548 818 3613 aerariis
855 3549 1268 3631 reliquerunt,
1301 3570 1422 3613 nec
1455 3548 1667 3611 minus
1703 3546 1905 3622 illum,
1943 3546 2054 3630 qui
2078 3545 2237 3611 iuris
2261 3546 2517 3610 iurandi

461 3642 690 3707 fraude.
723 3642 978 3729 culpam
1013 3643 1374 3709 invenerat:
1413 3664 1560 3707 cum
1596 3642 1767 3707 enim
1792 3640 2177 3705 Hannibalis
2202 3640 2517 3725 permissu

463 3736 697 3802 exisset
747 3738 828 3802 de
881 3739 1133 3815 castris,
1187 3737 1376 3803 rediit
1425 3737 1620 3826 paulo
1673 3746 1848 3821 post,
1901 3735 2073 3818 quod
2126 3758 2197 3801 se
2248 3733 2517 3799 oblitum

464 3832 673 3896 nescio
701 3834 857 3915 quid
883 3834 1120 3899 diceret
1131 3858 1150 3912 ;
1189 3834 1418 3899 deinde
1449 3831 1745 3919 egressus
1774 3854 1811 3897 e
1842 3831 2061 3896 castris
2086 3830 2515 3895 iureiurando

466 3950 532 3992 se
567 3927 845 3992 solutum
878 3931 1172 4015 putabat,
1207 3944 1274 3996 et
1309 3941 1447 3997 erat
1481 3928 1693 3994 verbis
1707 3974 1727 4005 ,
1760 3948 1831 3993 re
1866 3948 1997 3991 non
2031 3936 2187 3991 erat.
2266 3946 2518 4009 semper
2618 3952 2623 3957 ·

462 4035 678 4088 autem
709 4023 778 4096 in
813 4024 968 4103 fide,
1005 4026 1160 4109 quid
1185 4026 1501 4103 senseris,
1535 4046 1697 4102 non,
1734 4023 1891 4109 quid
1926 4021 2191 4098 dixeris,
2228 4020 2517 4105 cogitan-
