3292 4559
681 2181 732 2221 1³

781 233 912 302 182
1394 241 1470 296 a„
1509 239 1784 298 runnu
1819 237 2222 297 momoms
2899 179 2902 264 Ὗ

778 370 937 436 muli
982 379 1121 433 tum
1156 365 1349 432 etiam
1384 365 1778 448 reliquorum
1811 385 2041 450 regum
2074 363 2384 449 sapientia
2419 361 2694 427 definitus
2722 387 2786 428 ex

780 463 951 530 omni
995 472 1176 548 parte
1222 458 1439 524 arduis
1472 457 1964 544 praeruptisque
1997 457 2320 522 montibus
2331 501 2352 532 ,
2395 469 2463 522 ut
2495 479 2650 522 unus
2679 456 2789 522 adi-

778 568 912 633 tus,
957 556 1069 639 qui
1116 565 1287 620 esset
1319 553 1489 618 inter
1520 551 1936 637 Esquilinum
1971 551 2498 635 Quirinalemque
2529 561 2792 627 montem,

777 650 1057 715 maximo
1103 671 1341 735 aggere
1386 648 1637 713 obiecto
1681 647 1860 712 fossa
1901 647 2264 732 cingeretur
2303 645 2679 724 vastissima,
2717 657 2794 710 at-

776 767 840 831 p.
862 741 1041 830 261.]
1081 764 1208 827 que
1240 753 1316 806 ut
1341 743 1430 808 ita
1457 742 1706 806 munita
1733 763 1849 805 arx
1877 741 2288 806 circumiectu
2313 740 2520 806 arduo
2545 751 2606 806 et
2628 738 2794 824 qualsi
2901 795 2903 814 2

780 838 1154 903 circumciso
1205 857 1361 901 saxo
1414 835 1751 912 niteretur,
1805 847 1876 900 ut
1929 834 2121 900 etiam
2170 833 2239 900 in
2293 833 2410 900 illa
2461 845 2794 920 tempestate

777 930 1067 998 horribili
1112 929 1349 998 Gallici
1403 929 1718 994 adventus
1769 928 2108 994 incolumis
2163 939 2359 1012 atque
2411 927 2646 994 intacta
2678 948 2794 1012 per-

777 1027 1101 1092 manserit.
1181 1027 1525 1108 locumque
1570 1023 1810 1109 delegit
1855 1034 1920 1088 et
1961 1023 2248 1088 fontibus
2293 1023 2709 1088 abundantem
2743 1033 2794 1086 et

775 1121 844 1185 in
878 1120 1139 1206 regione
1174 1118 1492 1204 pestilenti
1526 1117 1880 1194 salubrem3
1915 1118 2109 1184 colles
2145 1117 2316 1182 enim
2343 1127 2518 1194 sunt,·
2549 1116 2654 1201 qui
2677 1137 2792 1179 cum
2811 1113 2848 1223 [ί

778 1213 1125 1301 perfla-ntur
1166 1210 1317 1296 ipsi,
1372 1222 1511 1276 tum
1563 1211 1863 1276 adferunt
1915 1211 2211 1276 umbram
2258 1210 2556 1276 vallibus.
2637 1219 2810 1292 atque
2906 1229 2908 1297 3

778 1306 943 1372 haec
988 1305 1247 1389 quidem
1297 1305 1708 1390 perceleriter
1757 1304 2058 1370 confecitt
2113 1327 2268 1370 nam
2309 1315 2378 1370 et
2421 1304 2642 1370 urbem
2676 1324 2793 1366 con-
2905 1301 2907 1332 ³

778 1400 1008 1477 stituit,
1052 1420 1248 1482 quam
1294 1422 1331 1464 e
1374 1420 1494 1463 suo
1537 1400 1798 1465 nomine
1831 1399 2110 1465 Romam
2153 1399 2340 1466 iussit
2383 1397 2711 1474 nominari,
2744 1407 2794 1460 et
2857 1443 2864 1450 .

774 1517 837 1580 p.
874 1491 1056 1579 262]
1111 1492 1194 1558 ad
1236 1493 1637 1578 firmanfldam
1687 1516 1924 1558 novam
1977 1494 2301 1560 civitatem
2345 1515 2589 1559 novum
2631 1489 2796 1576 quod-

776 1590 923 1653 dam
978 1599 1043 1653 et
1094 1587 1468 1674 subagreste
1520 1588 1888 1665 consilium,
1943 1588 2060 1654 sed
2111 1589 2196 1654 ad
2246 1587 2624 1654 muniendas
2672 1606 2796 1672 opes

775 1682 957 1769 regni
1015 1704 1091 1748 ac
1142 1683 1364 1768 populi
1418 1682 1519 1747 sui
1570 1684 1790 1768 magni
1845 1683 2120 1747 hominis
2165 1693 2230 1748 et
2272 1683 2408 1748 iam
2459 1693 2594 1748 tum
2639 1681 2800 1764 longe

774 1777 1165 1862 providentis
1213 1787 1469 1844 secutus
1510 1789 1637 1853 est,
1681 1799 1832 1842 cum
1867 1775 2146 1843 Sabinas
2191 1777 2464 1844 honeste
2507 1787 2666 1842 ortas
2697 1773 2798 1837 vir-
2907 1831 2909 1834 Α

773 1871 986 1956 gines,
1056 1893 1223 1958 quae
1286 1872 1561 1937 Romam
1621 1872 1923 1937 ludorum
1985 1871 2196 1958 gratia
2255 1873 2608 1948 venissent,
2665 1889 2796 1952 quos

773 1977 911 2028 tum
973 1965 1253 2051 primum
1306 1966 1770 2032 anniversarios
1821 1966 1892 2031 in
1944 1967 2114 2030 circo
2168 1965 2386 2030 facere
2439 1963 2794 2034 instituisset,
2910 2039 2911 2058 Χ

778 2055 1271 2145 [Consualibus]
1320 2060 1459 2146 rapi
1503 2060 1691 2126 iussit
1725 2082 1964 2144 easque
1997 2061 2066 2125 in
2100 2059 2492 2124 familiarum
2525 2055 2796 2144 amplissi-
2910 2067 2911 2098 ³

771 2179 835 2240 p.
874 2154 1053 2242 271.]
1102 2179 1355 2222 mamm
1398 2159 1407 2240 1
1437 2158 1852 2222 matrimoniis
1887 2156 2262 2224 conlocavit.
2361 2177 2496 2240 qua
2529 2178 2606 2222 ex
2635 2173 2796 2217 causa

773 2271 919 2314 cum
957 2247 1197 2314 bellum
1232 2250 1541 2316 Romanis
1581 2249 1808 2318 Sabini
1843 2250 2208 2316 intulissent
2243 2250 2598 2335 proeliique
2627 2255 2794 2311 certa-
2912 2276 2914 2320 ξ

770 2365 919 2407 men
972 2343 1219 2406 varium
1272 2354 1465 2426 atque
1518 2367 1756 2430 anceps
1807 2344 2064 2422 fuisset,
2118 2366 2268 2409 cum
2311 2344 2392 2408 T.
2442 2342 2626 2410 Tatio
2671 2357 2792 2422 rege
2912 2337 2913 2364 ³

774 2432 1161 2499 Sabinorum
1196 2434 1425 2501 foedus
1459 2437 1588 2514 icit,
1626 2439 1933 2504 matronis
1967 2438 2145 2524 ipsis,
2182 2460 2348 2522 quae
2382 2450 2603 2524 raptae
2627 2443 2790 2506 erant,
2911 2497 2913 2514 ᾗ

772 2527 1097 2593 orantibus
1108 2553 1128 2605 ς
1184 2551 1313 2612 quo
1356 2530 1615 2596 foedere
1661 2543 1726 2598 et
1773 2532 2048 2598 Sabinos
2089 2533 2158 2598 in
2202 2533 2531 2599 civitatem
2563 2526 2790 2598 adscivit
2911 2549 2913 2556 ·

772 2621 967 2686 sacris
1012 2624 1503 2690 communicatis
1550 2637 1615 2691 et
1659 2649 1934 2713 regnum
1979 2650 2172 2692 suum
2206 2647 2353 2693 cum
2388 2628 2638 2692 illorum
2667 2641 2790 2705 rege

772 2717 1056 2784 sociavit.
1142 2731 1288 2806 post
1334 2720 1666 2788 interitum
1720 2733 1934 2788 autem
1979 2722 2153 2788 Tatii
2199 2745 2348 2788 cum
2393 2723 2482 2788 ad
2524 2743 2663 2788 eum
2698 2735 2794 2801 po·

770 2837 834 2899 p.
881 2811 1067 2901 272]
1120 2824 1401 2882 tentatus
1452 2818 1661 2881 omnis
1718 2817 2114 2894 reccidisset,
2169 2814 2180 2904 Ι
2235 2837 2625 2902 quamquam
2670 2829 2789 2876 cum

770 2907 963 2974 Tatio
1003 2910 1073 2973 in
1116 2909 1369 2996 regium
1410 2911 1748 2976 consilium
1795 2909 2120 2996 delegerat
2163 2909 2516 2998 principes,
2559 2907 2664 2994 qui
2700 2923 2794 2987 ap·

768 3002 991 3087 pellati
1028 3014 1179 3069 sunt
1210 3015 1473 3090 propter
1507 3005 1838 3072 caritatem
1871 3017 2110 3091 patres,
2144 3006 2582 3092 populumque
2615 3012 2671 3068 et
2695 3016 2790 3063 suo

769 3105 831 3158 et
885 3095 1059 3160 Tatii
1112 3097 1373 3164 nomine
1426 3110 1492 3164 et
1542 3098 1972 3176 Lucumonis,
2025 3101 2141 3184 qui
2185 3100 2444 3166 Romuli
2501 3097 2694 3164 socius
2735 3090 2790 3154 in

771 3186 1013 3254 Sabino
1048 3192 1290 3275 proelio
1326 3193 1668 3270 occiderat,
1701 3194 1768 3259 in
1805 3193 2008 3260 tribus
2045 3194 2158 3258 tris
2195 3194 2534 3278 curiasque
2567 3187 2790 3275 triginta

770 3279 1203 3370 discripserat,
1260 3307 1422 3370 quas
1468 3288 1678 3353 curias
1723 3309 1944 3353 earum
1995 3287 2362 3353 nominibus
2411 3277 2786 3369 nuncupavit,

768 3398 935 3461 quae
972 3400 1051 3443 cx
1091 3378 1348 3446 Sabinis
1399 3382 1684 3468 virgines
1719 3392 1941 3468 raptae
1977 3392 2200 3467 postea
2236 3381 2494 3447 fuerant
2525 3375 2784 3464 oratrices

752 3472 943 3557 'pacis
1008 3485 1073 3539 et
1134 3474 1410 3541 foederis
1421 3500 1439 3553 ;
1514 3477 1628 3542 sed
1681 3497 2073 3560 quamquam
2125 3497 2204 3541 ea
2255 3475 2447 3542 Tatio
2503 3475 2592 3541 sic
2639 3473 2782 3537 erant

766 3586 830 3650 p.
858 3565 1036 3652 237]
1081 3567 1417 3654 'discripta
1450 3569 1620 3647 vivo,
1660 3581 1876 3636 tamen
1911 3591 1988 3636 eo
2024 3567 2362 3636 interfecto
2399 3570 2595 3636 multo
2626 3561 2780 3630 etiam

769 3661 977 3747 magis
1013 3662 1329 3728 Romulus
1372 3674 1633 3750 patrum
1677 3665 2050 3731 auctoritate
2085 3663 2478 3748 consilioque
2513 3653 2784 3748 regnavit·

900 3753 1052 3837 Quo
1114 3755 1285 3822 facto
1356 3757 1635 3843 primum
1689 3758 1850 3824 vidit
1900 3757 2335 3842 iudicavitque
2389 3757 2586 3832 idem,
2641 3742 2786 3834 quod

768 3850 1039 3935 Spartae
1076 3849 1422 3937 Lycurgus
1466 3853 1661 3937 paulo
1708 3863 1857 3919 ante
1893 3852 2174 3929 viderat,
2218 3851 2526 3938 singulari
2555 3840 2782 3932 imperio

767 3953 831 4007 et
863 3955 1177 4028 potestate
1212 3946 1391 4032 regia
1424 3956 1562 4010 tum
1598 3947 1826 4012 melius
1861 3945 2210 4032 gubernari
2245 3956 2310 4012 et
2341 3947 2481 4033 regi
2513 3942 2784 4012 civitates,

764 4036 817 4098 si
862 4047 1028 4100 esset
1071 4039 1295 4123 optimi
1341 4039 1652 4124 cuiusque
1697 4041 1782 4106 ad
1824 4041 2001 4106 illam
2049 4040 2181 4106 vim
2211 4036 2662 4106 'dominationis
2684 4025 2788 4108 ,ad-
